{"gold_per_floor":[109,121,121,137,158,194,194,144,169,169,185,209,209,230,230,359,359],"floor_reached":17,"playtime":861,"items_purged":["Strike_B"],"score":199,"play_id":"959c9a36-5602-4360-b062-0b5212174aad","local_time":"20180916121229","is_ascension_mode":true,"campfire_choices":[{"data":"Genetic Algorithm","floor":7,"key":"SMITH"},{"floor":10,"key":"REST"},{"floor":13,"key":"REST"},{"data":"Hello World","floor":15,"key":"SMITH"}],"neow_cost":"NONE","seed_source_timestamp":150888003188102,"circlet_count":0,"master_deck":["Strike_B","Strike_B","Strike_B","Defend_B","Defend_B","Defend_B","Defend_B","Zap","Dualcast","Rip and Tear","Genetic Algorithm+1","Beam Cell","Hello World+1","Genetic Algorithm","Conserve Battery","Genetic Algorithm","Loop","Meteor Strike"],"relics":["Cracked Core","Oddly Smooth Stone","Golden Idol","Smiling Mask","Happy Flower","Lizard Tail"],"potions_floor_usage":[11],"damage_taken":[{"damage":7,"enemies":"Jaw Worm","floor":1,"turns":4},{"damage":1,"enemies":"2 Louse","floor":2,"turns":2},{"damage":0,"enemies":"Cultist","floor":4,"turns":3},{"damage":5,"enemies":"Looter","floor":5,"turns":2},{"damage":28,"enemies":"3 Sentries","floor":6,"turns":7},{"damage":1,"enemies":"Exordium Thugs","floor":11,"turns":4},{"damage":7,"enemies":"Blue Slaver","floor":12,"turns":3},{"damage":5,"enemies":"Looter","floor":14,"turns":2},{"damage":37,"enemies":"Hexaghost","floor":16,"turns":12}],"seed_played":"3831889904546664000","potions_obtained":[{"floor":1,"key":"AttackPotion"},{"floor":4,"key":"Block Potion"},{"floor":14,"key":"SpeedPotion"},{"floor":16,"key":"Regen Potion"}],"is_trial":false,"path_per_floor":["M","M","?","M","M","E","R","$","T","R","M","M","R","M","R","B"],"character_chosen":"DEFECT","items_purchased":[],"campfire_rested":2,"item_purchase_floors":[],"current_hp_per_floor":[68,67,49,49,44,16,16,16,16,38,37,30,52,47,47,10,59],"gold":359,"neow_bonus":"RANDOM_COMMON_RELIC","is_prod":false,"is_daily":false,"chose_seed":false,"campfire_upgraded":2,"win_rate":0,"timestamp":1537114349,"path_taken":["M","M","?","M","M","E","R","$","T","R","M","M","R","?","R","BOSS"],"build_version":"2018-09-06","purchased_purges":1,"victory":false,"max_hp_per_floor":[75,75,75,75,75,75,75,75,75,75,75,75,75,75,75,75,75],"card_choices":[{"not_picked":["Steam Power","Sweeping Beam"],"picked":"Rip and Tear","floor":1},{"not_picked":["Steam","Cold Snap"],"picked":"Genetic Algorithm","floor":2},{"not_picked":["Streamline","Turbo"],"picked":"Beam Cell","floor":4},{"not_picked":["Gash","Skim"],"picked":"Hello World","floor":5},{"not_picked":["Stack","Coolheaded"],"picked":"Genetic Algorithm","floor":6},{"not_picked":["Stack","Meteor Strike"],"picked":"Conserve Battery","floor":11},{"not_picked":["Rebound","Heatsinks"],"picked":"Genetic Algorithm","floor":12},{"not_picked":["Cold Snap","Sweeping Beam"],"picked":"Loop","floor":14},{"not_picked":["Buffer","Amplify"],"picked":"Meteor Strike","floor":16}],"player_experience":187857,"relics_obtained":[{"floor":6,"key":"Smiling Mask"},{"floor":9,"key":"Happy Flower"}],"event_choices":[{"event_name":"Golden Idol","player_choice":"Take Damage","floor":3,"damage_taken":0}],"is_beta":false,"boss_relics":[{"not_picked":["Snecko Eye","Astrolabe"],"picked":"Lizard Tail"}],"items_purged_floors":[8],"is_endless":false,"potions_floor_spawned":[1,4,14,16],"ascension_level":5}