{"gold_per_floor":[117,42,57,82,7,7,7,39,39,39,70,83,83,98,98,177,177,191,116,116,116,86,86,119,27,27,27],"floor_reached":27,"playtime":815,"items_purged":["Defend_G"],"score":458,"play_id":"8939d157-e5f7-4767-aeb1-2324333b67ef","local_time":"20181008152424","is_ascension_mode":true,"campfire_choices":[{"data":"Skewer","floor":6.0,"key":"SMITH"},{"data":"Neutralize","floor":10.0,"key":"SMITH"},{"floor":13.0,"key":"REST"},{"data":"Cloak And Dagger","floor":15.0,"key":"SMITH"},{"floor":23.0,"key":"REST"}],"neow_cost":"NONE","seed_source_timestamp":283569199565214,"circlet_count":0,"master_deck":["Defend_G+1","Defend_G+1","Defend_G+1","Strike_G+1","Strike_G+1","Strike_G+1","Strike_G+1","Survivor","Neutralize+1","AscendersBane","Venomology","Skewer+1","Dagger Throw","Poisoned Stab","Flying Knee","Cloak And Dagger+1","Die Die Die","Backflip+1","Dagger Spray","Envenom","Footwork"],"special_seed":0,"relics":["Ring of the Snake","Art of War","Singing Bowl","Ancient Tea Set","Runic Pyramid","The Specimen","Ornamental Fan"],"potions_floor_usage":[24,24,24],"damage_taken":[{"damage":9.0,"enemies":"Jaw Worm","floor":1.0,"turns":9.0},{"damage":0.0,"enemies":"2 Louse","floor":3.0,"turns":3.0},{"damage":9.0,"enemies":"Lagavulin","floor":8.0,"turns":5.0},{"damage":54.0,"enemies":"3 Sentries","floor":11.0,"turns":11.0},{"damage":0.0,"enemies":"Cultist","floor":12.0,"turns":2.0},{"damage":0.0,"enemies":"2 Fungi Beasts","floor":14.0,"turns":3.0},{"damage":24.0,"enemies":"The Guardian","floor":16.0,"turns":10.0},{"damage":33.0,"enemies":"3 Byrds","floor":18.0,"turns":6.0},{"damage":43,"enemies":"Gremlin Leader","floor":24,"turns":6},{"damage":0,"enemies":"Slavers","floor":27,"turns":1}],"seed_played":"-5925285786869369437","potions_obtained":[{"floor":11.0,"key":"Energy Potion"},{"floor":12.0,"key":"Block Potion"},{"floor":18.0,"key":"SpeedPotion"}],"is_trial":false,"path_per_floor":["M","?","M","T","$","R","?","E","T","R","E","M","R","M","R","B",null,"M","?","?","?","$","R","E","$","T"],"character_chosen":"THE_SILENT","items_purchased":["Dagger Spray","Footwork"],"campfire_rested":2,"item_purchase_floors":[22,25],"current_hp_per_floor":[50,50,50,50,50,50,55,46,46,46,7,7,28,30,30,6,56,23,23,23,23,23,44,1,1,1,1],"gold":27,"neow_bonus":"ONE_RANDOM_RARE_CARD","is_prod":false,"is_daily":false,"chose_seed":false,"campfire_upgraded":3,"win_rate":0,"timestamp":1538979864,"path_taken":["M","?","M","?","$","R","?","E","T","R","E","?","R","M","R","BOSS","M","?","?","?","$","R","E","$","T","E"],"build_version":"2018-10-04v2","purchased_purges":1,"victory":false,"max_hp_per_floor":[66,66,66,66,66,66,71,71,71,71,71,71,71,73,73,73,73,73,73,73,73,73,73,73,73,73,73],"card_choices":[{"not_picked":["Quick Slash","Flying Knee"],"picked":"Skewer","floor":1.0},{"not_picked":["Underhanded Strike","Sucker Punch"],"picked":"Dagger Throw","floor":3.0},{"not_picked":["Distraction","Reflex"],"picked":"Poisoned Stab","floor":8.0},{"not_picked":["Distraction","Setup"],"picked":"Flying Knee","floor":11.0},{"not_picked":["Flechettes","Tools of the Trade"],"picked":"Cloak And Dagger","floor":12.0},{"not_picked":["Acrobatics","Backflip","Riddle With Holes"],"picked":"Singing Bowl","floor":14.0},{"not_picked":["Envenom","Bullet Time"],"picked":"Die Die Die","floor":16.0},{"not_picked":["Riddle With Holes","Blade Dance"],"picked":"Backflip+1","floor":18.0},{"not_picked":["Blade Dance","PiercingWail"],"picked":"Envenom","floor":24}],"player_experience":691529,"relics_obtained":[{"floor":4.0,"key":"Art of War"},{"floor":9.0,"key":"Singing Bowl"},{"floor":11.0,"key":"Ancient Tea Set"},{"floor":24,"key":"The Specimen"},{"floor":26,"key":"Ornamental Fan"}],"event_choices":[{"event_name":"The Cleric","player_choice":"Card Removal","floor":2.0,"damage_taken":0.0},{"event_name":"Big Fish","player_choice":"Donut","floor":7.0,"damage_taken":0.0},{"event_name":"Beggar","player_choice":"Gave Gold","floor":19.0,"damage_taken":0.0},{"event_name":"Back to Basics","player_choice":"Simplicity","floor":20.0,"damage_taken":0.0},{"event_name":"Vampires","player_choice":"Ignored","floor":21.0,"damage_taken":0.0}],"is_beta":false,"boss_relics":[{"not_picked":["Cursed Key","Lizard Tail"],"picked":"Runic Pyramid"}],"items_purged_floors":[5],"is_endless":false,"potions_floor_spawned":[11,12,14,18],"killed_by":"Slavers","ascension_level":19}