{"gold_per_floor":[109,109,125,125,144,144,177,177,203,218,233,249,269,284,284,388,388,408,423,434,451,469,469,469,469,469,469,485,357,377,377,377,480,480,490,490,508,508,608,608,608,608,632,649,649,665,682,84,84,84],"floor_reached":51,"playtime":2178,"items_purged":["Injury","Parasite"],"score":735,"play_id":"d14539d1-37c3-459f-a31c-76846d91f9fe","local_time":"20180911002132","is_ascension_mode":false,"campfire_choices":[{"data":"Perfected Strike","floor":6.0,"key":"SMITH"},{"data":"Wild Strike","floor":8.0,"key":"SMITH"},{"data":"Pommel Strike","floor":15.0,"key":"SMITH"},{"data":"Perfected Strike","floor":23.0,"key":"SMITH"},{"data":"Bludgeon","floor":25.0,"key":"SMITH"},{"data":"Twin Strike","floor":27.0,"key":"SMITH"},{"data":"Perfected Strike","floor":32.0,"key":"SMITH"},{"data":"Perfected Strike","floor":40.0,"key":"SMITH"},{"data":"Perfected Strike","floor":45.0,"key":"SMITH"},{"data":"Perfected Strike","floor":49.0,"key":"SMITH"}],"neow_cost":"NONE","seed_source_timestamp":0,"circlet_count":0,"master_deck":["Strike_R","Strike_R","Strike_R","Strike_R","Strike_R","Defend_R+1","Defend_R+1","Defend_R","Defend_R","Bash","Perfected Strike+1","Sword Boomerang","Wild Strike+1","Twin Strike+1","Wild Strike","Wild Strike","Pommel Strike+1","Bludgeon+1","Perfected Strike+1","Perfected Strike+1","Perfected Strike+1","Perfected Strike+1","Whirlwind+1","Perfected Strike+1"],"special_seed":0,"relics":["Burning Blood","Red Skull","War Paint","Cursed Key","Question Card","Runic Pyramid","Dream Catcher","Pear","TheAbacus"],"potions_floor_usage":[50,50,50],"damage_taken":[{"damage":6.0,"enemies":"Jaw Worm","floor":1.0,"turns":4.0},{"damage":6.0,"enemies":"2 Louse","floor":3.0,"turns":2.0},{"damage":5.0,"enemies":"Cultist","floor":5.0,"turns":4.0},{"damage":14.0,"enemies":"Gremlin Nob","floor":7.0,"turns":3.0},{"damage":5.0,"enemies":"3 Louse","floor":10.0,"turns":3.0},{"damage":31.0,"enemies":"Exordium Thugs","floor":11.0,"turns":5.0},{"damage":0.0,"enemies":"2 Fungi Beasts","floor":12.0,"turns":2.0},{"damage":11.0,"enemies":"3 Louse","floor":13.0,"turns":3.0},{"damage":2.0,"enemies":"Large Slime","floor":14.0,"turns":4.0},{"damage":57.0,"enemies":"Slime Boss","floor":16.0,"turns":9.0},{"damage":12.0,"enemies":"Shell Parasite","floor":18.0,"turns":3.0},{"damage":5.0,"enemies":"Chosen","floor":19.0,"turns":3.0},{"damage":8.0,"enemies":"Snecko","floor":20.0,"turns":3.0},{"damage":20.0,"enemies":"Centurion and Healer","floor":21.0,"turns":4.0},{"damage":4.0,"enemies":"Cultist and Chosen","floor":22.0,"turns":4.0},{"damage":16.0,"enemies":"3 Cultists","floor":28.0,"turns":4.0},{"damage":18.0,"enemies":"Centurion and Healer","floor":30.0,"turns":3.0},{"damage":73.0,"enemies":"Champ","floor":33.0,"turns":6.0},{"damage":6.0,"enemies":"3 Shapes","floor":35.0,"turns":3.0},{"damage":22.0,"enemies":"3 Darklings","floor":37.0,"turns":3.0},{"damage":18.0,"enemies":"Giant Head","floor":42.0,"turns":5.0},{"damage":0.0,"enemies":"Spire Growth","floor":44.0,"turns":2.0},{"damage":5.0,"enemies":"Reptomancer","floor":46.0,"turns":2.0},{"damage":5.0,"enemies":"Sphere and 2 Shapes","floor":47.0,"turns":3.0},{"damage":76,"enemies":"Donu and Deca","floor":50,"turns":7}],"seed_played":"3965961851480358742","potions_obtained":[{"floor":0.0,"key":"Fruit Juice"},{"floor":0.0,"key":"PowerPotion"},{"floor":0.0,"key":"Explosive Potion"},{"floor":7.0,"key":"SkillPotion"},{"floor":11.0,"key":"Ancient Potion"},{"floor":13.0,"key":"SmokeBomb"},{"floor":22.0,"key":"FairyPotion"},{"floor":28.0,"key":"PowerPotion"},{"floor":33.0,"key":"Dexterity Potion"},{"floor":37.0,"key":"Strength Potion"},{"floor":47.0,"key":"Poison Potion"}],"is_trial":false,"path_per_floor":["M","?","M","$","M","R","E","R","T","M","M","M","M","M","R","B",null,"M","M","M","M","M","R","?","R","T","R","M","$","M","?","R","B",null,"M","?","M","?","?","R","?","E","T","M","R","M","M","$","R","B"],"character_chosen":"IRONCLAD","items_purchased":["Perfected Strike","Pear","TheAbacus","Explosive Potion"],"campfire_rested":0,"item_purchase_floors":[29,48,48,48],"current_hp_per_floor":[80,85,90,90,90,90,82,82,82,83,58,64,59,63,63,12,90,84,85,83,69,71,71,71,71,71,71,61,61,49,49,49,15,90,90,90,74,74,74,74,74,62,62,68,68,69,70,80,80,10],"gold":84,"neow_bonus":"THREE_SMALL_POTIONS","is_prod":false,"is_daily":false,"chose_seed":false,"campfire_upgraded":10,"win_rate":0,"timestamp":1536639692,"path_taken":["M","?","M","$","M","R","E","R","T","M","M","M","M","M","R","BOSS","M","M","M","M","M","R","?","R","T","R","M","$","M","?","R","BOSS","M","?","M","?","?","R","?","E","T","M","R","?","M","$","R","BOSS"],"build_version":"2018-09-06","purchased_purges":2,"victory":true,"max_hp_per_floor":[80,85,90,90,90,90,90,90,90,90,90,90,90,90,90,90,90,90,90,90,90,90,90,90,90,90,90,90,90,90,90,90,90,90,90,90,90,90,90,90,90,90,90,90,90,90,90,97,97,97],"card_choices":[{"not_picked":["Headbutt","Burning Pact"],"picked":"Perfected Strike","floor":1.0},{"not_picked":["Burning Pact","Flame Barrier","Body Slam"],"picked":"SKIP","floor":3.0},{"not_picked":["Flex","Shrug It Off"],"picked":"Sword Boomerang","floor":5.0},{"not_picked":["Hemokinesis","Fiend Fire"],"picked":"Wild Strike","floor":7.0},{"not_picked":["Searing Blow","Sword Boomerang"],"picked":"Twin Strike","floor":10.0},{"not_picked":["Flex","Infernal Blade","Dark Embrace"],"picked":"SKIP","floor":11.0},{"not_picked":["Flex","Armaments"],"picked":"Wild Strike","floor":12.0},{"not_picked":["Spot Weakness","Sentinel"],"picked":"Wild Strike","floor":13.0},{"not_picked":["Sword Boomerang","Flex"],"picked":"Pommel Strike","floor":14.0},{"not_picked":["Barricade","Exhume"],"picked":"Bludgeon","floor":16.0},{"not_picked":["True Grit","Clothesline","Anger"],"picked":"SKIP","floor":18.0},{"not_picked":["Havoc","Heavy Blade+1"],"picked":"Perfected Strike","floor":19.0},{"not_picked":["Clothesline+1","Burning Pact","Infernal Blade+1"],"picked":"SKIP","floor":20.0},{"not_picked":["Second Wind+1","Uppercut","Shrug It Off"],"picked":"SKIP","floor":21.0},{"not_picked":["Shockwave","Shrug It Off+1","Clothesline"],"picked":"SKIP","floor":22.0},{"not_picked":["Rupture+1","Wild Strike","Body Slam"],"picked":"Perfected Strike","floor":28.0},{"not_picked":["Corruption+1","Twin Strike","Berserk"],"picked":"Perfected Strike","floor":30.0},{"not_picked":["Fiend Fire","Dark Embrace","Demon Form"],"picked":"Reaper","floor":33.0},{"not_picked":["Clothesline+1","Sword Boomerang+1","Body Slam+1","Power Through"],"picked":"SKIP","floor":35.0},{"not_picked":["Infernal Blade","Iron Wave","Metallicize+1"],"picked":"Whirlwind+1","floor":37.0},{"not_picked":["Thunderclap+1","Body Slam","Wild Strike+1"],"picked":"Perfected Strike","floor":44.0},{"not_picked":["Thunderclap+1","Bloodletting+1","Berserk","Sever Soul"],"picked":"SKIP","floor":46.0},{"not_picked":["Body Slam+1","Armaments","Clash+1","Bloodletting+1"],"picked":"SKIP","floor":47.0}],"player_experience":78755,"relics_obtained":[{"floor":7.0,"key":"Red Skull"},{"floor":9.0,"key":"War Paint"},{"floor":26.0,"key":"Question Card"},{"floor":43.0,"key":"Dream Catcher"}],"event_choices":[{"event_name":"Big Fish","player_choice":"Donut","floor":2.0,"damage_taken":0.0},{"event_name":"The Mausoleum","player_choice":"No","floor":24.0,"damage_taken":0.0},{"event_name":"Purifier","player_choice":"Skipped","floor":31.0,"damage_taken":0.0},{"event_name":"Tomb of Lord Red Mask","player_choice":"Ignored","floor":36.0,"damage_taken":0.0},{"event_name":"Falling","player_choice":"Removed Attack","floor":38.0,"damage_taken":0.0},{"event_name":"Golden Shrine","player_choice":"Pray","floor":39.0,"damage_taken":0.0},{"event_name":"Mysterious Sphere","player_choice":"Ignore","floor":41.0,"damage_taken":0.0}],"is_beta":false,"boss_relics":[{"not_picked":["Coffee Dripper","Black Blood"],"picked":"Cursed Key"},{"not_picked":["White Beast Statue","Mark of Pain"],"picked":"Runic Pyramid"}],"items_purged_floors":[29,48],"is_endless":false,"potions_floor_spawned":[1,7,11,13,22,28,33,37,47],"ascension_level":0}