{"gold_per_floor":[118,118,118,118,68,68,93,109,109,127,127,127,147,161,161,280,280,301,319,319,51,70,70,110,185,210,224,224,262,276,307,307,307],"floor_reached":33,"playtime":1255,"items_purged":["Defend_B"],"score":453,"play_id":"53087c00-f59b-4a36-94a7-6bbbc946e9a3","local_time":"20190204211140","is_ascension_mode":true,"campfire_choices":[{"data":"Zap","floor":6.0,"key":"SMITH"},{"data":"Static Discharge","floor":11.0,"key":"SMITH"},{"data":"Defragment","floor":15.0,"key":"SMITH"},{"data":"White Noise","floor":23.0,"key":"SMITH"},{"data":"Electrodynamics","floor":28.0,"key":"SMITH"},{"data":"Hologram","floor":32.0,"key":"SMITH"}],"neow_cost":"NONE","seed_source_timestamp":169008485311731,"circlet_count":0,"master_deck":["AscendersBane","Defend_B","Defend_B","Defend_B","Zap+1","Dualcast+1","Conserve Battery+1","Consume","Static Discharge+1","Ball Lightning","White Noise+1","Defragment+1","Electrodynamics+1","Ball Lightning","Leap+1","Bite","Bite","Bite","Bite","Bite","Genetic Algorithm","Skim","Steam+1","Hologram+1"],"special_seed":0,"relics":["Cracked Core","Bag of Preparation","Strawberry","FossilizedHelix","Pantograph","Golden Idol","Nuclear Battery","Bronze Scales","Oddly Smooth Stone","Mango","Red Mask"],"potions_floor_usage":[33,33],"damage_taken":[{"damage":0.0,"enemies":"2 Louse","floor":1.0,"turns":2.0},{"damage":18.0,"enemies":"Lagavulin","floor":7.0,"turns":8.0},{"damage":0.0,"enemies":"Small Slimes","floor":8.0,"turns":4.0},{"damage":2.0,"enemies":"Jaw Worm","floor":10.0,"turns":3.0},{"damage":0.0,"enemies":"2 Fungi Beasts","floor":13.0,"turns":4.0},{"damage":7.0,"enemies":"3 Louse","floor":14.0,"turns":3.0},{"damage":27.0,"enemies":"Hexaghost","floor":16.0,"turns":6.0},{"damage":0.0,"enemies":"2 Thieves","floor":18.0,"turns":3.0},{"damage":6.0,"enemies":"Chosen","floor":19.0,"turns":3.0},{"damage":7.0,"enemies":"Centurion and Healer","floor":22.0,"turns":4.0},{"damage":12.0,"enemies":"Gremlin Leader","floor":24.0,"turns":4.0},{"damage":8.0,"enemies":"Snake Plant","floor":27.0,"turns":3.0},{"damage":25.0,"enemies":"Book of Stabbing","floor":29.0,"turns":4.0},{"damage":0.0,"enemies":"Shelled Parasite and Fungi","floor":30.0,"turns":3.0},{"damage":0.0,"enemies":"Masked Bandits","floor":31.0,"turns":2.0},{"damage":91,"enemies":"Champ","floor":33,"turns":8}],"seed_played":"1137507018352572205","potions_obtained":[{"floor":7.0,"key":"Poison Potion"},{"floor":8.0,"key":"Ancient Potion"},{"floor":13.0,"key":"Energy Potion"},{"floor":16.0,"key":"Dexterity Potion"},{"floor":30.0,"key":"Fruit Juice"}],"is_trial":false,"path_per_floor":["M","?","?","?","?","R","E","M","T","M","R","?","M","M","R","B",null,"M","M","?","$","M","R","E","?","T","M","R","E","M","?","R","B"],"character_chosen":"DEFECT","items_purchased":["Genetic Algorithm","Bronze Scales"],"campfire_rested":0,"item_purchase_floors":[21,21],"current_hp_per_floor":[68,68,82,66,66,66,48,48,48,46,46,46,46,39,39,37,66,66,60,53,53,46,46,40,35,35,33,33,32,40,51,51,0],"gold":307,"neow_bonus":"RANDOM_COMMON_RELIC","is_prod":false,"is_daily":false,"chose_seed":false,"campfire_upgraded":6,"win_rate":0,"timestamp":1549332700,"path_taken":["M","?","?","?","?","R","E","?","T","M","R","?","M","M","R","BOSS","M","M","?","$","M","R","E","?","T","?","R","E","M","?","R","BOSS"],"build_version":"2019-01-23","purchased_purges":1,"victory":false,"max_hp_per_floor":[75,82,82,82,82,82,82,82,82,82,82,76,76,76,76,76,76,76,76,53,53,53,53,53,53,53,53,53,67,67,72,72,72],"card_choices":[{"not_picked":["Sweeping Beam","Beam Cell"],"picked":"Conserve Battery","floor":1.0},{"not_picked":["Melter","Ball Lightning"],"picked":"Consume","floor":7.0},{"not_picked":["Auto Shields","Gash"],"picked":"Static Discharge","floor":8.0},{"not_picked":["Steam","Fusion"],"picked":"Ball Lightning","floor":10.0},{"not_picked":["Redo","Turbo"],"picked":"White Noise","floor":13.0},{"not_picked":["Redo","Stack"],"picked":"Defragment","floor":14.0},{"not_picked":["Creative AI","Meteor Strike"],"picked":"Electrodynamics","floor":16.0},{"not_picked":["Rebound","Blizzard"],"picked":"Ball Lightning","floor":18.0},{"not_picked":["Turbo","Cold Snap"],"picked":"Leap+1","floor":19.0},{"not_picked":["Ball Lightning","Beam Cell"],"picked":"Skim","floor":22.0},{"not_picked":["Recycle","Sweeping Beam"],"picked":"Steam+1","floor":24.0},{"not_picked":["Ball Lightning","Go for the Eyes","Aggregate+1"],"picked":"SKIP","floor":27.0},{"not_picked":["Rainbow","Sweeping Beam","Cold Snap"],"picked":"SKIP","floor":29.0},{"not_picked":["Redo","Blizzard"],"picked":"Hologram","floor":30.0}],"player_experience":343385,"relics_obtained":[{"floor":7.0,"key":"FossilizedHelix"},{"floor":9.0,"key":"Pantograph"},{"floor":24.0,"key":"Oddly Smooth Stone"},{"floor":29.0,"key":"Mango"},{"floor":31.0,"key":"Red Mask"}],"event_choices":[{"damage_healed":0.0,"max_hp_gain":0.0,"max_hp_loss":0.0,"gold_gain":0.0,"event_name":"Scrap Ooze","player_choice":"Success","floor":2.0,"gold_loss":0.0,"damage_taken":7.0,"relics_obtained":["Strawberry"]},{"damage_healed":27.0,"max_hp_gain":0.0,"max_hp_loss":0.0,"gold_gain":0.0,"event_name":"Big Fish","player_choice":"Banana","floor":3.0,"gold_loss":0.0,"damage_taken":0.0},{"damage_healed":0.0,"max_hp_gain":0.0,"max_hp_loss":0.0,"gold_gain":0.0,"event_name":"Shining Light","player_choice":"Entered Light","floor":4.0,"gold_loss":0.0,"damage_taken":16.0,"cards_upgraded":["Dualcast","Conserve Battery"]},{"cards_removed":["Strike_B"],"damage_healed":0.0,"max_hp_gain":0.0,"max_hp_loss":0.0,"gold_gain":0.0,"event_name":"The Cleric","player_choice":"Card Removal","floor":5.0,"gold_loss":50.0,"damage_taken":0.0},{"damage_healed":0.0,"max_hp_gain":0.0,"max_hp_loss":6.0,"gold_gain":0.0,"event_name":"Golden Idol","player_choice":"Lose Max HP","floor":12.0,"gold_loss":0.0,"damage_taken":0.0,"relics_obtained":["Golden Idol"]},{"damage_healed":0.0,"max_hp_gain":0.0,"max_hp_loss":23.0,"gold_gain":0.0,"event_name":"Vampires","player_choice":"Became a vampire","floor":20.0,"gold_loss":0.0,"damage_taken":0.0,"cards_obtained":["Bite","Bite","Bite","Bite","Bite"]},{"damage_healed":0.0,"max_hp_gain":0.0,"max_hp_loss":0.0,"gold_gain":75.0,"event_name":"FaceTrader","player_choice":"Touch","floor":25.0,"gold_loss":0.0,"damage_taken":5.0},{"damage_healed":0.0,"max_hp_gain":0.0,"max_hp_loss":0.0,"gold_gain":0.0,"event_name":"Masked Bandits","player_choice":"Fought Bandits","floor":31.0,"gold_loss":0.0,"damage_taken":0.0}],"is_beta":false,"boss_relics":[{"not_picked":["Snecko Eye","Orrery"],"picked":"Nuclear Battery"}],"items_purged_floors":[21],"is_endless":false,"potions_floor_spawned":[7,8,13,16,19,22,24,30],"killed_by":"Champ","ascension_level":10}