{"path_per_floor":["M","M","$","M","$","R","E","M","T","R","E","?","M","M","R","B",null,"M","?","?","?","?","E","R"],"character_chosen":"DEFECT","items_purchased":["FTL","Ball Lightning"],"gold_per_floor":[114,128,60,75,27,27,57,71,71,71,103,28,40,53,53,125,125,111,111,26,26,55,86,86,86],"floor_reached":25,"campfire_rested":1,"playtime":1254,"item_purchase_floors":[3,5],"current_hp_per_floor":[70,70,70,74,74,74,46,43,43,66,47,47,47,53,53,23,64,42,39,39,39,39,39,39,0],"items_purged":[],"gold":86,"score":426,"play_id":"fa69a95d-5bd7-43f1-b75a-2ceeb6e92825","local_time":"20180620230604","is_prod":false,"is_daily":false,"chose_seed":false,"is_ascension_mode":true,"campfire_upgraded":3,"win_rate":0,"timestamp":1529528764,"campfire_choices":[{"data":"Zap","floor":6,"key":"SMITH"},{"floor":10,"key":"REST"},{"data":"Creative AI","floor":15,"key":"SMITH"},{"data":"Capacitor","floor":24,"key":"SMITH"}],"path_taken":["M","?","$","M","?","R","E","?","T","R","E","?","M","?","R","BOSS","M","?","?","?","?","E","R","E"],"build_version":"2018-06-14v2","seed_source_timestamp":264350761199363,"purchased_purges":0,"victory":false,"master_deck":["Strike_B","Strike_B+1","Strike_B","Defend_B","Defend_B","Defend_B","Defend_B","Zap+1","Dualcast","AscendersBane","Self Repair","FTL+1","Capacitor+1","Ball Lightning","Skim","Creative AI+1","Leap","Reinforced Body","Barrage","Echo Form","White Noise","Ghostly","Ghostly","Ghostly","Ghostly","Ghostly","Glacier","Auto Shields"],"max_hp_per_floor":[78,78,78,78,78,78,78,78,78,78,78,78,78,78,78,78,78,78,39,39,39,39,39,39,39],"relics":["Cracked Core","Symbiotic Virus","Ornamental Fan","Whetstone","Sozu","Lantern","Red Mask","Bottled Tornado"],"card_choices":[{"not_picked":["Blizzard","Redo","Stack"],"picked":"SKIP","floor":1},{"not_picked":["Doom and Gloom","Coolheaded"],"picked":"Self Repair","floor":2},{"not_picked":["Stack","Turbo"],"picked":"Capacitor","floor":4},{"not_picked":["Stack","Darkness"],"picked":"Skim","floor":7},{"not_picked":["Beam Cell","Hologram"],"picked":"Creative AI","floor":8},{"not_picked":["Heatsinks","Ball Lightning"],"picked":"Leap","floor":11},{"not_picked":["Sunder","Steam"],"picked":"Reinforced Body","floor":13},{"not_picked":["Compile Driver","Turbo"],"picked":"Barrage","floor":14},{"not_picked":["Seek","Electrodynamics"],"picked":"Echo Form","floor":16},{"not_picked":["Darkness","Chill"],"picked":"White Noise","floor":18},{"not_picked":["Rebound","Self Repair"],"picked":"Glacier","floor":22},{"not_picked":["Beam Cell","Tempest"],"picked":"Auto Shields","floor":23}],"player_experience":642130,"potions_floor_usage":[7,11,25],"damage_taken":[{"damage":1,"enemies":"Cultist","floor":1,"turns":3},{"damage":0,"enemies":"2 Louse","floor":2,"turns":3},{"damage":3,"enemies":"Jaw Worm","floor":4,"turns":4},{"damage":28,"enemies":"3 Sentries","floor":7,"turns":8},{"damage":10,"enemies":"2 Fungi Beasts","floor":8,"turns":3},{"damage":26,"enemies":"Gremlin Nob","floor":11,"turns":4},{"damage":7,"enemies":"Lots of Slimes","floor":13,"turns":4},{"damage":1,"enemies":"Exordium Wildlife","floor":14,"turns":4},{"damage":37,"enemies":"The Guardian","floor":16,"turns":9},{"damage":29,"enemies":"2 Thieves","floor":18,"turns":4},{"damage":2,"floor":22,"turns":5},{"damage":7,"enemies":"Book of Stabbing","floor":23,"turns":7},{"damage":52,"enemies":"Gremlin Leader","floor":25,"turns":7}],"relics_obtained":[{"floor":7,"key":"Symbiotic Virus"},{"floor":9,"key":"Ornamental Fan"},{"floor":11,"key":"Whetstone"},{"floor":22,"key":"Red Mask"},{"floor":23,"key":"Bottled Tornado"}],"event_choices":[{"event_name":"The Cleric","player_choice":"Card Removal","floor":12,"damage_taken":0},{"event_name":"Ghosts","player_choice":"Became a Ghost","floor":19,"damage_taken":0},{"event_name":"Addict","player_choice":"Obtained Relic","floor":20,"damage_taken":0},{"event_name":"Beggar","player_choice":"Ignored","floor":21,"damage_taken":0},{"event_name":"Masked Bandits","player_choice":"Fought over 26 gold","floor":22,"damage_taken":0}],"boss_relics":[{"not_picked":["Tiny House","Velvet Choker"],"picked":"Sozu"}],"items_purged_floors":[],"is_endless":false,"potions_floor_spawned":[1,8,13,14,22,23],"seed_played":"-1926069567819432394","killed_by":"Gremlin Leader","ascension_level":15,"potions_obtained":[{"floor":1,"key":"GamblersBrew"},{"floor":8,"key":"EssenceOfSteel"},{"floor":13,"key":"Energy Potion"},{"floor":14,"key":"SteroidPotion"}],"is_trial":false}