{"gold_per_floor":[359,155,167,183,200,200,233,233,260,76,76,102,114,114,114,216,216,231,231,242,242,256,256,283,283,283,283],"floor_reached":27,"playtime":1422,"items_purged":["Strike_G"],"score":291,"play_id":"36496f1f-279e-4f7a-a36f-95a8a2164562","local_time":"20190106121728","is_ascension_mode":false,"campfire_choices":[{"data":"Mind Blast","floor":6,"key":"SMITH"},{"data":"Terror","floor":8,"key":"SMITH"},{"floor":11,"key":"REST"},{"floor":15,"key":"REST"},{"floor":23,"key":"REST"}],"neow_cost":"TEN_PERCENT_HP_LOSS","seed_source_timestamp":137938064215900,"circlet_count":0,"master_deck":["Defend_G+1","Defend_G+1","Defend_G+1","Defend_G+1","Defend_G+1","Strike_G+1","Strike_G+1","Strike_G+1","Survivor","Neutralize","Blur","Well Laid Plans","Mind Blast+1","Deflect","Deadly Poison","Terror+1","Deadly Poison","After Image","Poisoned Stab","Leg Sweep","Night Terror","Well Laid Plans","Footwork+1","PiercingWail"],"special_seed":0,"relics":["Ring of the Snake","Snake Skull","Ancient Tea Set","Potion Belt","Lantern","Turnip"],"potions_floor_usage":[16,16,18,18],"damage_taken":[{"damage":0.0,"enemies":"Cultist","floor":1.0,"turns":4.0},{"damage":0.0,"enemies":"2 Louse","floor":3.0,"turns":3.0},{"damage":0.0,"enemies":"Small Slimes","floor":4.0,"turns":5.0},{"damage":3,"enemies":"Looter","floor":5,"turns":4},{"damage":24,"enemies":"Lagavulin","floor":7,"turns":9},{"damage":14,"enemies":"Gremlin Nob","floor":12,"turns":4},{"damage":6,"enemies":"Lots of Slimes","floor":13,"turns":6},{"damage":0,"enemies":"Hexaghost","floor":16,"turns":8},{"damage":3,"enemies":"3 Byrds","floor":18,"turns":4},{"damage":16,"enemies":"Chosen","floor":20,"turns":5},{"damage":4,"enemies":"Centurion and Healer","floor":22,"turns":8},{"damage":9,"enemies":"Book of Stabbing","floor":24,"turns":8},{"damage":54,"enemies":"Gremlin Leader","floor":27,"turns":8}],"seed_played":"-1578767650823070631","potions_obtained":[{"floor":1.0,"key":"Block Potion"},{"floor":5,"key":"Strength Potion"},{"floor":7,"key":"GamblersBrew"},{"floor":13,"key":"Fire Potion"},{"floor":16,"key":"LiquidBronze"},{"floor":20,"key":"Explosive Potion"}],"is_trial":false,"path_per_floor":["M","$","M","M","M","R","E","R","T","$","R","E","M","?","R","B",null,"M","?","M","?","M","R","E","?","T","E"],"character_chosen":"THE_SILENT","items_purchased":["Well Laid Plans","Mind Blast","After Image","Poisoned Stab"],"campfire_rested":3,"item_purchase_floors":[2,2,10,10],"current_hp_per_floor":[63,63,63,63,60,60,36,36,36,36,54,40,34,34,52,52,63,60,60,44,44,40,58,49,49,49,0],"gold":283,"neow_bonus":"TWO_FIFTY_GOLD","is_prod":false,"is_daily":false,"chose_seed":false,"campfire_upgraded":2,"win_rate":0,"timestamp":1546795048,"path_taken":["M","$","M","M","M","R","E","R","T","?","R","E","M","?","R","BOSS","M","?","M","?","?","R","E","?","T","E"],"build_version":"2019-01-03v4","purchased_purges":1,"victory":false,"max_hp_per_floor":[63,63,63,63,63,63,63,63,63,63,63,63,63,63,63,63,63,63,63,63,63,63,63,63,63,63,63],"card_choices":[{"not_picked":["Escape Plan","Poisoned Stab"],"picked":"Blur","floor":1.0},{"not_picked":["Outmaneuver","Endless Agony"],"picked":"Deflect","floor":3.0},{"not_picked":["Flechettes","Quick Slash"],"picked":"Deadly Poison","floor":4.0},{"not_picked":["Prepared","Dagger Spray"],"picked":"Terror","floor":5},{"not_picked":["Sucker Punch","Choke"],"picked":"Deadly Poison","floor":7},{"not_picked":["Backflip","Quick Slash"],"picked":"Leg Sweep","floor":12},{"not_picked":["Terror","Finisher","Quick Slash"],"picked":"SKIP","floor":13},{"not_picked":["Phantasmal Killer","Bullet Time"],"picked":"Night Terror","floor":16},{"not_picked":["Tactician","Dagger Spray"],"picked":"Well Laid Plans","floor":18},{"not_picked":["Dagger Spray+1","Choke+1"],"picked":"Footwork+1","floor":20},{"not_picked":["Dash","Quick Slash","Blade Dance"],"picked":"SKIP","floor":22},{"not_picked":["Prepared+1","Glass Knife","Deflect"],"picked":"SKIP","floor":24}],"player_experience":443269,"relics_obtained":[{"floor":7,"key":"Snake Skull"},{"floor":9,"key":"Ancient Tea Set"},{"floor":12,"key":"Potion Belt"},{"floor":24,"key":"Turnip"}],"event_choices":[{"cards_removed":["Strike_G"],"damage_healed":0,"gold_gain":0,"player_choice":"Forget","damage_taken":0,"max_hp_gain":0,"max_hp_loss":0,"event_name":"Living Wall","floor":14,"gold_loss":0},{"damage_healed":0,"gold_gain":0,"player_choice":"Simplicity","damage_taken":0,"max_hp_gain":0,"max_hp_loss":0,"event_name":"Back to Basics","floor":19,"gold_loss":0,"cards_upgraded":["Defend_G","Defend_G","Defend_G","Defend_G","Defend_G","Strike_G","Strike_G","Strike_G"]},{"damage_healed":0,"gold_gain":0,"player_choice":"Gave Potion","damage_taken":0,"relics_obtained":["Lantern"],"max_hp_gain":0,"max_hp_loss":0,"event_name":"WeMeetAgain","floor":21,"gold_loss":0},{"damage_healed":0,"gold_gain":0,"player_choice":"Read","damage_taken":0,"max_hp_gain":0,"max_hp_loss":0,"event_name":"The Library","floor":25,"gold_loss":0,"cards_obtained":["PiercingWail"]}],"is_beta":false,"boss_relics":[{"not_picked":["Velvet Choker","Runic Pyramid","Snecko Eye"]}],"items_purged_floors":[2],"is_endless":false,"potions_floor_spawned":[1,5,7,13,16,20],"killed_by":"Gremlin Leader","ascension_level":0}