{"gold_per_floor":[99,99,99,99,99,99,99,99,99,99,99,99,46,31,31,31,31,31,31,31,31,31,31,31,31,31,31,31,31,31,31,31,31,31,31,31,31,31,31,31,31,31,31,31,31,31,31,31,31,31],"floor_reached":51,"playtime":2700,"items_purged":[],"score":936,"play_id":"767e119b-fe16-49ff-b13d-634b92acc7d6","local_time":"20190209204344","is_ascension_mode":true,"campfire_choices":[{"data":"Body Slam","floor":6,"key":"SMITH"},{"data":"Armaments","floor":10,"key":"SMITH"},{"floor":15,"key":"REST"},{"data":"True Grit","floor":23,"key":"SMITH"},{"data":"Rage","floor":28,"key":"SMITH"},{"data":"Power Through","floor":30,"key":"SMITH"},{"floor":32,"key":"REST"},{"data":"Impervious","floor":40,"key":"SMITH"},{"data":"Body Slam","floor":42,"key":"SMITH"},{"data":"Uppercut","floor":45,"key":"SMITH"},{"data":"Metallicize","floor":47,"key":"SMITH"},{"data":"Bash","floor":49,"key":"SMITH"}],"neow_cost":"NONE","seed_source_timestamp":254091437398518,"circlet_count":0,"master_deck":["Strike_R+1","Strike_R+1","Strike_R+1","Strike_R+1","Defend_R+1","Defend_R+1","Defend_R+1","Defend_R+1","Bash+1","Uppercut+1","Power Through+1","Body Slam+1","Rage+1","Armaments+1","Cleave","Thunderclap","True Grit+1","Metallicize+1","Feed","Metallicize","Seeing Red","RitualDagger","Iron Wave+1","Shrug It Off+1","Impervious+1","Uppercut+1","Iron Wave+1","Impervious","Shrug It Off","Body Slam+1","Metallicize+1","Headbutt+1"],"relics":["Ectoplasm","Self Forming Clay","StoneCalendar","Ginger","Runic Pyramid","Omamori","Blood Vial","Mark of Pain","Centennial Puzzle","Dead Branch"],"potions_floor_usage":[16,16,16,24,31,33,33,38,48,50,50],"damage_taken":[{"damage":7,"enemies":"2 Louse","floor":1,"turns":2},{"damage":0,"enemies":"Cultist","floor":3,"turns":2},{"damage":0,"enemies":"Small Slimes","floor":4,"turns":2},{"damage":2,"enemies":"Exordium Thugs","floor":7,"turns":5},{"damage":5,"enemies":"3 Sentries","floor":8,"turns":7},{"damage":0,"enemies":"2 Fungi Beasts","floor":11,"turns":4},{"damage":4,"enemies":"Gremlin Nob","floor":12,"turns":3},{"damage":8,"enemies":"Looter","floor":14,"turns":2},{"damage":18,"enemies":"Slime Boss","floor":16,"turns":7},{"damage":4,"enemies":"Chosen","floor":18,"turns":4},{"damage":7,"enemies":"3 Byrds","floor":20,"turns":6},{"damage":0,"enemies":"Cultist and Chosen","floor":21,"turns":6},{"damage":7,"enemies":"Chosen and Byrds","floor":24,"turns":7},{"damage":9,"enemies":"Snake Plant","floor":29,"turns":3},{"damage":0,"enemies":"Sentry and Sphere","floor":31,"turns":6},{"damage":3,"enemies":"Champ","floor":33,"turns":11},{"damage":0,"enemies":"Orb Walker","floor":35,"turns":3},{"damage":0,"enemies":"3 Shapes","floor":36,"turns":4},{"damage":0,"enemies":"3 Darklings","floor":38,"turns":7},{"damage":0,"enemies":"Writhing Mass","floor":39,"turns":5},{"damage":0,"enemies":"Maw","floor":41,"turns":7},{"damage":9,"enemies":"Mind Bloom Boss Battle","floor":44,"turns":7},{"damage":0,"enemies":"Jaw Worm Horde","floor":46,"turns":5},{"damage":4,"enemies":"3 Darklings","floor":48,"turns":3},{"damage":32,"enemies":"Time Eater","floor":50,"turns":13}],"seed_played":"7052536563026746759","potions_obtained":[{"floor":4,"key":"Energy Potion"},{"floor":11,"key":"EntropicBrew"},{"floor":12,"key":"SkillPotion"},{"floor":16,"key":"PowerPotion"},{"floor":20,"key":"Regen Potion"},{"floor":29,"key":"BloodPotion"},{"floor":31,"key":"AttackPotion"},{"floor":33,"key":"Explosive Potion"},{"floor":38,"key":"SteroidPotion"},{"floor":41,"key":"Poison Potion"},{"floor":46,"key":"Block Potion"}],"is_trial":false,"path_per_floor":["M","?","M","M","?","R","M","E","T","R","M","E","$","M","R","B",null,"M","?","M","M","?","R","M","$","T","T","R","M","R","M","R","B",null,"M","M","$","M","M","R","M","R","T","?","R","M","R","M","R","B",null],"character_chosen":"IRONCLAD","items_purchased":["True Grit"],"campfire_rested":2,"item_purchase_floors":[13],"current_hp_per_floor":[65,65,65,65,65,65,63,58,58,58,58,54,54,46,70,52,73,69,69,65,68,62,62,55,55,55,55,55,51,51,68,89,86,88,89,92,92,92,92,92,92,92,92,83,83,85,85,86,86,56],"gold":31,"neow_bonus":"BOSS_RELIC","is_prod":false,"is_daily":false,"chose_seed":false,"campfire_upgraded":10,"win_rate":0,"timestamp":1549763024,"path_taken":["M","?","?","M","?","R","M","E","T","R","M","E","?","M","R","BOSS","M","?","M","M","?","R","M","?","T","?","R","M","R","?","R","BOSS","M","?","$","M","M","R","M","R","T","?","R","M","R","M","R","BOSS"],"build_version":"2019-01-23","purchased_purges":0,"victory":true,"max_hp_per_floor":[80,80,80,80,80,80,80,80,80,80,80,80,80,80,80,80,80,80,80,83,86,86,86,86,86,86,86,86,89,89,89,89,89,89,89,92,92,92,92,92,92,92,92,92,92,92,92,95,95,95],"card_choices":[{"not_picked":["Warcry","Clash"],"picked":"Uppercut","floor":1},{"not_picked":["Sentinel","Intimidate"],"picked":"Power Through","floor":3},{"not_picked":["Sever Soul","Rampage"],"picked":"Body Slam","floor":4},{"not_picked":["Inflame","Feel No Pain"],"picked":"Rage","floor":7},{"not_picked":["Perfected Strike","Feel No Pain"],"picked":"Armaments","floor":8},{"not_picked":["Twin Strike","Flex"],"picked":"Cleave","floor":11},{"not_picked":["Carnage","Dark Embrace"],"picked":"Thunderclap","floor":12},{"not_picked":["Dropkick","Feel No Pain"],"picked":"Metallicize","floor":14},{"not_picked":["Reaper","Fiend Fire"],"picked":"Feed","floor":16},{"not_picked":["Anger","Twin Strike"],"picked":"Metallicize","floor":18},{"not_picked":["Dual Wield","Heavy Blade+1"],"picked":"Seeing Red","floor":20},{"not_picked":["Sword Boomerang+1","Clash","Combust"],"picked":"SKIP","floor":21},{"not_picked":["Clothesline+1","Blood for Blood"],"picked":"Iron Wave+1","floor":24},{"not_picked":["Sword Boomerang+1","Whirlwind"],"picked":"Shrug It Off+1","floor":29},{"not_picked":["Cleave","Flex+1","Disarm"],"picked":"SKIP","floor":31},{"not_picked":["Offering","Fiend Fire"],"picked":"Impervious","floor":33},{"not_picked":["Bloodletting","Clothesline"],"picked":"Uppercut+1","floor":35},{"not_picked":["Infernal Blade","Headbutt+1"],"picked":"Iron Wave+1","floor":36},{"not_picked":["Shrug It Off","Perfected Strike+1"],"picked":"Impervious","floor":38},{"not_picked":["Power Through","Rampage"],"picked":"Shrug It Off","floor":39},{"not_picked":["Sword Boomerang","Whirlwind"],"picked":"Body Slam","floor":41},{"not_picked":["Infernal Blade","Armaments+1"],"picked":"Metallicize+1","floor":44},{"not_picked":["Pommel Strike+1","Thunderclap","Clash+1"],"picked":"SKIP","floor":46},{"not_picked":["Flame Barrier","Iron Wave"],"picked":"Headbutt+1","floor":48}],"player_experience":167996,"relics_obtained":[{"floor":8,"key":"Self Forming Clay"},{"floor":9,"key":"StoneCalendar"},{"floor":12,"key":"Ginger"},{"floor":26,"key":"Omamori"},{"floor":27,"key":"Blood Vial"},{"floor":43,"key":"Centennial Puzzle"},{"floor":44,"key":"Dead Branch"}],"event_choices":[{"damage_healed":0,"gold_gain":100,"player_choice":"Pray","damage_taken":0,"max_hp_gain":0,"max_hp_loss":0,"event_name":"Golden Shrine","floor":2,"gold_loss":0},{"cards_removed":["Strike_R"],"damage_healed":0,"gold_gain":0,"player_choice":"Offered Basic","damage_taken":0,"max_hp_gain":0,"max_hp_loss":0,"event_name":"Bonfire Elementals","floor":5,"gold_loss":0},{"damage_healed":0,"gold_gain":0,"player_choice":"Simplicity","damage_taken":0,"max_hp_gain":0,"max_hp_loss":0,"event_name":"Back to Basics","floor":19,"gold_loss":0,"cards_upgraded":["Strike_R","Strike_R","Strike_R","Strike_R","Defend_R","Defend_R","Defend_R","Defend_R"]},{"damage_healed":0,"gold_gain":0,"player_choice":"Joined the Cult","damage_taken":6,"max_hp_gain":0,"max_hp_loss":0,"event_name":"Nest","floor":22,"gold_loss":0,"cards_obtained":["RitualDagger"]},{"damage_healed":0,"gold_gain":0,"player_choice":"Fight","damage_taken":0,"max_hp_gain":0,"max_hp_loss":0,"event_name":"MindBloom","floor":44,"gold_loss":0}],"is_beta":false,"boss_relics":[{"not_picked":["Coffee Dripper","White Beast Statue"],"picked":"Runic Pyramid"},{"not_picked":["Runic Cube","Empty Cage"],"picked":"Mark of Pain"}],"items_purged_floors":[],"is_endless":false,"potions_floor_spawned":[4,11,12,16,20,29,31,33,38,41,46],"ascension_level":7}