{"gold_per_floor":[112,131,145,21,35,67,67,94,94,110,121,121,137,149,149,252,252,262,187,87,102,118,118,135,135,187,205,205,34,65,40,40,145,145,165,182,192,192,211,211,11,11,38,57,70,81,81,95,95,95],"floor_reached":50,"playtime":2227,"items_purged":["Power Through","Flex","Anger","Thunderclap"],"score":582,"play_id":"aa087323-9e94-4ab0-ad50-f895b7f2c357","local_time":"20180912045439","daily_mods":["Draft"],"is_ascension_mode":false,"campfire_choices":[{"data":"Flex","floor":7,"key":"SMITH"},{"data":"Perfected Strike","floor":15,"key":"SMITH"},{"data":"Pommel Strike","floor":23,"key":"SMITH"},{"data":"Double Tap","floor":28,"key":"SMITH"},{"data":"Perfected Strike","floor":32,"key":"SMITH"},{"data":"Clash","floor":40,"key":"SMITH"},{"data":"Clash","floor":42,"key":"SMITH"},{"data":"Perfected Strike","floor":47,"key":"SMITH"},{"data":"Perfected Strike","floor":49,"key":"SMITH"}],"neow_cost":"","seed_source_timestamp":456707117658883,"circlet_count":0,"master_deck":["Pommel Strike","Wild Strike","Rage","Pommel Strike","Shrug It Off","Warcry","Pommel Strike+1","Wild Strike","Flex+1","Warcry","Wild Strike","Pommel Strike","Perfected Strike+1","Twin Strike","Clash","Clash+1","Pommel Strike","Wild Strike+1","Twin Strike","Double Tap+1","Clash+1","Perfected Strike+1","Clash+1","Clash+1","Twin Strike","Clash","Perfected Strike+1","Perfected Strike+1","Carnage+1"],"relics":["Burning Blood","Mango","Prayer Wheel","Shuriken","Orrery","Orichalcum","Meat on the Bone","Sozu","Girya","Bag of Preparation"],"potions_floor_usage":[6,6,10,16,16,27,44],"damage_taken":[{"damage":0,"enemies":"2 Louse","floor":1,"turns":2},{"damage":0,"enemies":"Jaw Worm","floor":2,"turns":1},{"damage":0,"enemies":"Cultist","floor":3,"turns":2},{"damage":7,"enemies":"Blue Slaver","floor":5,"turns":2},{"damage":12,"enemies":"Gremlin Nob","floor":6,"turns":3},{"damage":27,"enemies":"Lagavulin","floor":8,"turns":4},{"damage":0,"enemies":"Gremlin Gang","floor":10,"turns":3},{"damage":1,"enemies":"Large Slime","floor":11,"turns":3},{"damage":2,"enemies":"Lots of Slimes","floor":13,"turns":3},{"damage":0,"enemies":"Looter","floor":14,"turns":1},{"damage":36,"enemies":"Hexaghost","floor":16,"turns":4},{"damage":12,"enemies":"2 Thieves","floor":18,"turns":2},{"damage":0,"enemies":"Spheric Guardian","floor":21,"turns":2},{"damage":17,"enemies":"Cultist and Chosen","floor":22,"turns":4},{"damage":8,"enemies":"Snecko","floor":24,"turns":3},{"damage":15,"enemies":"Snake Plant","floor":27,"turns":4},{"damage":28,"enemies":"Slavers","floor":30,"turns":4},{"damage":48,"enemies":"Automaton","floor":33,"turns":5},{"damage":8,"enemies":"3 Darklings","floor":35,"turns":3},{"damage":0,"enemies":"3 Shapes","floor":36,"turns":2},{"damage":0,"enemies":"Transient","floor":37,"turns":5},{"damage":37,"enemies":"Mind Bloom Boss Battle","floor":38,"turns":6},{"damage":0,"enemies":"Sphere and 2 Shapes","floor":39,"turns":2},{"damage":10,"enemies":"Spire Growth","floor":44,"turns":2},{"damage":0,"enemies":"Reptomancer","floor":45,"turns":1},{"damage":6,"enemies":"4 Shapes","floor":46,"turns":2},{"damage":0,"enemies":"3 Darklings","floor":48,"turns":2},{"damage":90,"enemies":"Time Eater","floor":50,"turns":6}],"seed_played":"6447674590469155782","potions_obtained":[{"floor":2,"key":"EssenceOfSteel"},{"floor":5,"key":"SteroidPotion"},{"floor":6,"key":"Block Potion"},{"floor":11,"key":"FearPotion"},{"floor":13,"key":"Fire Potion"},{"floor":18,"key":"BloodPotion"},{"floor":27,"key":"BloodPotion"}],"is_trial":true,"path_per_floor":["M","M","M","$","M","E","R","E","T","M","M","?","M","M","R","B",null,"M","?","$","M","M","R","M","?","T","M","R","$","E","$","R","B",null,"M","M","M","?","M","R","$","R","T","M","M","M","R","M","R"],"character_chosen":"IRONCLAD","items_purchased":["Pommel Strike","Perfected Strike","Clash","Clash"],"campfire_rested":0,"item_purchase_floors":[4,29,31,41],"current_hp_per_floor":[80,80,80,80,79,87,87,66,66,72,77,70,74,80,80,50,94,88,88,88,94,83,83,81,81,81,81,81,81,59,59,59,29,94,92,94,94,63,69,69,69,69,69,74,80,80,80,86,86,0],"gold":95,"neow_bonus":"","is_prod":false,"is_daily":false,"chose_seed":false,"campfire_upgraded":9,"win_rate":0,"timestamp":1536742479,"path_taken":["M","M","M","$","M","E","R","E","T","M","M","?","M","M","R","BOSS","M","?","$","M","M","R","M","?","T","M","R","$","E","$","R","BOSS","M","M","M","?","M","R","$","R","T","M","M","M","R","M","R","BOSS"],"build_version":"2018-09-06","purchased_purges":4,"victory":false,"max_hp_per_floor":[80,80,80,80,80,94,94,94,94,94,94,94,94,94,94,94,94,94,94,94,94,94,94,94,94,94,94,94,94,94,94,94,94,94,94,94,94,94,94,94,94,94,94,94,94,94,94,94,94,94],"card_choices":[{"not_picked":["Sentinel","True Grit"],"picked":"Thunderclap","floor":0},{"not_picked":["Second Wind","Warcry"],"picked":"Spot Weakness","floor":0},{"not_picked":["Body Slam","Shrug It Off"],"picked":"Pommel Strike","floor":0},{"not_picked":["Reckless Charge","Havoc"],"picked":"Power Through","floor":0},{"not_picked":["Rage","Thunderclap"],"picked":"Wild Strike","floor":0},{"not_picked":["Disarm","Thunderclap"],"picked":"Rage","floor":0},{"not_picked":["True Grit","Twin Strike"],"picked":"Pommel Strike","floor":0},{"not_picked":["Intimidate","Havoc"],"picked":"Shrug It Off","floor":0},{"not_picked":["Flame Barrier","Feel No Pain"],"picked":"Warcry","floor":0},{"not_picked":["Body Slam","Anger"],"picked":"Pommel Strike","floor":0},{"not_picked":["Iron Wave","Heavy Blade"],"picked":"Wild Strike","floor":0},{"not_picked":["Clothesline","Havoc"],"picked":"Flex","floor":0},{"not_picked":["Infernal Blade","Feel No Pain"],"picked":"Warcry","floor":0},{"not_picked":["Heavy Blade","Body Slam"],"picked":"Anger","floor":0},{"not_picked":["Clothesline","Combust"],"picked":"Flex","floor":0},{"not_picked":["Entrench","Shrug It Off","Headbutt"],"picked":"SKIP","floor":1},{"not_picked":["Anger","Battle Trance"],"picked":"Wild Strike","floor":2},{"not_picked":["Hemokinesis","Havoc","Thunderclap"],"picked":"SKIP","floor":3},{"not_picked":["Shockwave","Clothesline","Iron Wave"],"picked":"SKIP","floor":5},{"not_picked":["Battle Trance","Headbutt","Thunderclap"],"picked":"SKIP","floor":6},{"not_picked":["Dark Embrace","True Grit"],"picked":"Perfected Strike","floor":8},{"not_picked":["Iron Wave","Anger"],"picked":"Twin Strike","floor":10},{"not_picked":["Dropkick","True Grit","Intimidate"],"picked":"SKIP","floor":10},{"not_picked":["Corruption","Flame Barrier","Iron Wave"],"picked":"SKIP","floor":11},{"not_picked":["Armaments","Combust","Hemokinesis"],"picked":"SKIP","floor":11},{"not_picked":["Entrench","Sword Boomerang"],"picked":"Anger","floor":13},{"not_picked":["Uppercut","Headbutt"],"picked":"Clash","floor":13},{"not_picked":["Body Slam","Metallicize"],"picked":"Clash","floor":14},{"not_picked":["Shockwave","Warcry","Brutality"],"picked":"SKIP","floor":14},{"not_picked":["Sword Boomerang","Havoc"],"picked":"Pommel Strike","floor":17},{"not_picked":["Burning Pact+1","Pummel"],"picked":"Wild Strike+1","floor":18},{"not_picked":["Shrug It Off","Heavy Blade"],"picked":"Twin Strike","floor":18},{"not_picked":["Battle Trance","Havoc+1","Thunderclap"],"picked":"SKIP","floor":21},{"not_picked":["Body Slam","Spot Weakness+1","Feed"],"picked":"SKIP","floor":21},{"not_picked":["Havoc","Clothesline","Shrug It Off"],"picked":"SKIP","floor":22},{"not_picked":["Warcry+1","Sword Boomerang+1","Burning Pact+1"],"picked":"SKIP","floor":22},{"not_picked":["Bloodletting+1","Heavy Blade","Body Slam"],"picked":"SKIP","floor":24},{"not_picked":["Cleave","Clothesline","Shrug It Off"],"picked":"SKIP","floor":24},{"not_picked":["Rage","Ghostly Armor"],"picked":"Clash+1","floor":27},{"not_picked":["Warcry","Sever Soul","Body Slam"],"picked":"SKIP","floor":27},{"not_picked":["Battle Trance","Juggernaut","Sword Boomerang"],"picked":"SKIP","floor":30},{"not_picked":["Sever Soul+1","Thunderclap","Blood for Blood"],"picked":"SKIP","floor":35},{"not_picked":["Corruption+1","Fire Breathing+1","Flex+1"],"picked":"SKIP","floor":35},{"not_picked":["Shrug It Off+1","Armaments+1","Headbutt+1"],"picked":"SKIP","floor":36},{"not_picked":["Sword Boomerang+1","Fire Breathing+1","Cleave"],"picked":"SKIP","floor":36},{"not_picked":["Rage+1","Havoc"],"picked":"Clash+1","floor":37},{"not_picked":["Reckless Charge+1","Body Slam","Infernal Blade+1"],"picked":"SKIP","floor":37},{"not_picked":["Clash","Havoc"],"picked":"Twin Strike","floor":39},{"not_picked":["Ghostly Armor","Flame Barrier+1","Anger"],"picked":"SKIP","floor":39},{"not_picked":["Thunderclap+1","Battle Trance+1","Iron Wave+1"],"picked":"SKIP","floor":44},{"not_picked":["Heavy Blade+1","Dual Wield","Clothesline"],"picked":"SKIP","floor":44},{"not_picked":["Twin Strike+1","Clothesline"],"picked":"Perfected Strike","floor":45},{"not_picked":["Iron Wave+1","Uppercut+1","Anger"],"picked":"SKIP","floor":45},{"not_picked":["Warcry+1","Thunderclap+1"],"picked":"Perfected Strike","floor":46},{"not_picked":["Flex","Bludgeon","Body Slam"],"picked":"SKIP","floor":46},{"not_picked":["Anger","Iron Wave+1"],"picked":"Carnage+1","floor":48},{"not_picked":["Sever Soul","Evolve+1","Heavy Blade"],"picked":"SKIP","floor":48}],"player_experience":121997,"relics_obtained":[{"floor":6,"key":"Mango"},{"floor":8,"key":"Prayer Wheel"},{"floor":9,"key":"Shuriken"},{"floor":26,"key":"Orichalcum"},{"floor":30,"key":"Meat on the Bone"},{"floor":38,"key":"Girya"},{"floor":43,"key":"Bag of Preparation"}],"event_choices":[{"event_name":"Golden Wing","player_choice":"Card Removal","floor":12,"damage_taken":0},{"event_name":"Beggar","player_choice":"Gave Gold","floor":19,"damage_taken":0},{"event_name":"The Library","player_choice":"Read","floor":25,"damage_taken":0},{"event_name":"MindBloom","player_choice":"Fight","floor":38,"damage_taken":0}],"is_beta":false,"boss_relics":[{"not_picked":["Runic Pyramid","Runic Dome"],"picked":"Orrery"},{"not_picked":["Runic Cube","Fusion Hammer"],"picked":"Sozu"}],"items_purged_floors":[4,20,29,41],"is_endless":false,"potions_floor_spawned":[2,5,6,11,13,18,27,36,38,39,46],"killed_by":"Time Eater","ascension_level":0}