{"path_per_floor":["M","M","?","?","?","E","M","M","T","?","R","E","R","?","R","B",null,"M","$","?","?","M","E","M","R","T","R","$","?","?","M","R","B",null,"M","?","$","M","?","R","$","R","T","R","?","?","T","E","R","B"],"character_chosen":"DEFECT","items_purchased":["Chill+1","Self Repair","Stack+1","Defragment"],"gold_per_floor":[109,121,71,71,71,102,112,126,176,176,176,211,211,211,211,316,316,331,85,85,85,95,122,138,138,138,138,38,38,38,51,51,154,154,173,173,106,122,122,122,122,122,122,122,122,122,171,201,201,201],"floor_reached":51,"campfire_rested":3,"playtime":2795,"item_purchase_floors":[19,19,19,37],"current_hp_per_floor":[68,55,55,55,48,30,28,21,21,21,41,13,13,13,33,30,59,43,43,43,31,34,8,17,17,17,17,17,17,17,29,29,14,58,68,68,68,73,73,73,73,73,73,73,73,73,73,72,73,22],"items_purged":["Strike_B","Strike_B"],"gold":201,"score":1258,"play_id":"4caedcf3-61c1-4057-a9b2-680f9671cb04","local_time":"20180615161534","is_prod":false,"is_daily":false,"chose_seed":false,"is_ascension_mode":true,"campfire_upgraded":7,"win_rate":0,"timestamp":1529046934,"campfire_choices":[{"floor":11,"key":"REST"},{"data":"Hologram","floor":13,"key":"SMITH"},{"floor":15,"key":"REST"},{"data":"Self Repair","floor":25,"key":"SMITH"},{"data":"Gash","floor":27,"key":"SMITH"},{"data":"Gash","floor":32,"key":"SMITH"},{"data":"Defragment","floor":40,"key":"SMITH"},{"data":"Gash","floor":42,"key":"SMITH"},{"data":"Gash","floor":44,"key":"SMITH"},{"floor":49,"key":"REST"}],"path_taken":["M","M","?","?","?","E","M","M","T","?","R","E","R","?","R","BOSS","M","$","?","?","M","E","M","R","T","R","?","?","?","M","R","BOSS","M","?","$","M","?","R","$","R","T","R","?","?","?","E","R","BOSS"],"build_version":"2018-06-14v2","seed_source_timestamp":125812097090817,"purchased_purges":2,"victory":true,"master_deck":["Defend_B","Defend_B","Defend_B","Defend_B","Zap","Dualcast","Gash+1","Hologram+1","Gash+1","Conserve Battery+1","Gash+1","Gash+1","Cold Snap","Glacier+1","Chill+1","Stack+1","Hologram+1","Coolheaded+1","Steam+1","Seek+1","Defragment+1","Gash+1","Glacier+1"],"max_hp_per_floor":[68,68,68,68,68,68,68,68,68,68,68,68,68,68,68,68,68,68,68,68,73,73,73,73,73,73,73,73,73,73,73,73,73,73,73,73,73,73,73,73,73,73,73,73,73,73,73,73,73,73],"special_seed":17697,"relics":["Cracked Core","Toxic Egg 2","Blood Vial","Question Card","Juzu Bracelet","Oddly Smooth Stone","Sozu","Ancient Tea Set","Molten Egg 2","Inserter","Prayer Wheel","Matryoshka","Dodecahedron","Art of War","Bird Faced Urn"],"card_choices":[{"not_picked":["Barrage","White Noise"],"picked":"Hologram","floor":1},{"not_picked":["Compile Driver","Turbo"],"picked":"Gash","floor":2},{"not_picked":["Melter","Consume+1"],"picked":"Conserve Battery+1","floor":6},{"not_picked":["Static Discharge","Tempest+1","Core Surge"],"picked":"Gash","floor":7},{"not_picked":["Stack+1","Barrage","Sweeping Beam"],"picked":"Gash","floor":8},{"not_picked":["Sweeping Beam","Meteor Strike","Scrape"],"picked":"Cold Snap","floor":12},{"not_picked":["White Noise+1","Compile Driver","Lockon+1"],"picked":"Glacier+1","floor":18},{"not_picked":["Sunder","Loop","Redo+1"],"picked":"Hologram+1","floor":22},{"not_picked":["Blizzard","Consume+1","Hello World+1","Conserve Battery+1"],"picked":"SKIP","floor":23},{"not_picked":["Turbo+1","Lockon","Blizzard"],"picked":"Coolheaded+1","floor":24},{"not_picked":["Undo+1","Streamline+1","Go for the Eyes+1"],"picked":"Steam+1","floor":31},{"not_picked":["Buffer","Fission+1","Machine Learning"],"picked":"Seek+1","floor":33},{"not_picked":["Streamline+1","Turbo+1","Rip and Tear+1","Leap+1"],"picked":"SKIP","floor":35},{"not_picked":["Compile Driver+1","Ball Lightning+1","Echo Form","Steam+1"],"picked":"SKIP","floor":38},{"not_picked":["Compile Driver+1","Barrage+1","Stack+1"],"picked":"Gash+1","floor":39},{"not_picked":["Coolheaded+1","Leap+1","Melter+1"],"picked":"Glacier+1","floor":48}],"player_experience":516538,"potions_floor_usage":[16,33,50],"damage_taken":[{"damage":0,"enemies":"2 Louse","floor":1,"turns":2},{"damage":13,"enemies":"Small Slimes","floor":2,"turns":3},{"damage":20,"enemies":"Lagavulin","floor":6,"turns":6},{"damage":4,"enemies":"Jaw Worm","floor":7,"turns":3},{"damage":9,"enemies":"Exordium Thugs","floor":8,"turns":6},{"damage":30,"enemies":"Gremlin Nob","floor":12,"turns":4},{"damage":20,"enemies":"The Guardian","floor":16,"turns":8},{"damage":18,"enemies":"2 Thieves","floor":18,"turns":4},{"damage":6,"enemies":"Spheric Guardian","floor":22,"turns":5},{"damage":35,"enemies":"Book of Stabbing","floor":23,"turns":7},{"damage":0,"enemies":"Centurion and Healer","floor":24,"turns":7},{"damage":0,"enemies":"Snake Plant","floor":31,"turns":6},{"damage":27,"enemies":"Automaton","floor":33,"turns":11},{"damage":2,"enemies":"Orb Walker","floor":35,"turns":6},{"damage":0,"enemies":"3 Darklings","floor":38,"turns":9},{"damage":1,"floor":39,"turns":8},{"damage":1,"enemies":"2 Orb Walkers","floor":48,"turns":8},{"damage":53,"enemies":"Donu and Deca","floor":50,"turns":13}],"relics_obtained":[{"floor":6,"key":"Question Card"},{"floor":9,"key":"Juzu Bracelet"},{"floor":12,"key":"Oddly Smooth Stone"},{"floor":23,"key":"Ancient Tea Set"},{"floor":26,"key":"Molten Egg 2"},{"floor":39,"key":"Prayer Wheel"},{"floor":43,"key":"Matryoshka"},{"floor":47,"key":"Dodecahedron"},{"floor":47,"key":"Art of War"},{"floor":48,"key":"Bird Faced Urn"}],"event_choices":[{"event_name":"The Cleric","player_choice":"Card Removal","floor":3,"damage_taken":0},{"event_name":"Wheel of Change","player_choice":"Relic","floor":4,"damage_taken":0},{"event_name":"Scrap Ooze","player_choice":"success","floor":5,"damage_taken":7},{"event_name":"Shining Light","player_choice":"Ignored","floor":10,"damage_taken":0},{"event_name":"Golden Wing","player_choice":"Ignored","floor":14,"damage_taken":0},{"event_name":"Cursed Tome","player_choice":"Ignored","floor":20,"damage_taken":0},{"event_name":"Forgotten Altar","player_choice":"Shed Blood","floor":21,"damage_taken":0},{"event_name":"Ghosts","player_choice":"Ignored","floor":29,"damage_taken":0},{"event_name":"Drug Dealer","player_choice":"Ignored","floor":30,"damage_taken":0},{"event_name":"Tomb of Lord Red Mask","player_choice":"Ignored","floor":36,"damage_taken":0},{"event_name":"MindBloom","player_choice":"Fight","floor":39,"damage_taken":0},{"event_name":"Falling","player_choice":"Removed Power","floor":45,"damage_taken":0},{"event_name":"SensoryStone","player_choice":"Memory 1","floor":46,"damage_taken":0}],"boss_relics":[{"not_picked":["Runic Pyramid","Lizard Tail"],"picked":"Sozu"},{"not_picked":["Orrery","Calling Bell"],"picked":"Inserter"}],"items_purged_floors":[19,28],"is_endless":false,"potions_floor_spawned":[2,8,12,18,22,24,33,35,39],"seed_played":"9187050098353601436","ascension_level":8,"potions_obtained":[{"floor":2,"key":"Explosive Potion"},{"floor":8,"key":"Ancient Potion"},{"floor":12,"key":"Regen Potion"}],"is_trial":false}