{"gold_per_floor":[116,266,13,28,28,28,63,63,63,63,80,80,91,124,124,198,198,214,231,54,71,71,71,102,152,175,175,175],"floor_reached":28,"playtime":910,"items_purged":["Doubt","Strike_B"],"score":538,"play_id":"10dcb69f-102e-450a-bd73-708aaa872217","local_time":"20190224184358","is_ascension_mode":true,"campfire_choices":[{"data":"Zap","floor":6,"key":"SMITH"},{"data":"Dualcast","floor":8,"key":"SMITH"},{"data":"Conserve Battery","floor":10,"key":"SMITH"},{"data":"Doom and Gloom","floor":12,"key":"SMITH"},{"data":"Ball Lightning","floor":15,"key":"SMITH"},{"data":"Buffer","floor":23,"key":"SMITH"}],"neow_cost":"NONE","seed_source_timestamp":1586499843142100,"circlet_count":0,"master_deck":["AscendersBane","Strike_B","Strike_B","Strike_B","Defend_B","Defend_B","Defend_B","Defend_B","Zap+1","Dualcast+1","Ball Lightning+1","Doom and Gloom+1","Coolheaded","Undo","BootSequence","Conserve Battery+1","Compile Driver","Electrodynamics","Gash","Buffer+1","Redo","Gash","Self Repair","Blizzard+1","Self Repair","Consume","Ghostly","Ghostly","Ghostly"],"relics":["FrozenCore","NeowsBlessing","Blood Vial","Mummified Hand","Juzu Bracelet","Dead Branch"],"potions_floor_usage":[24],"damage_taken":[{"damage":0,"enemies":"2 Louse","floor":1,"turns":1},{"damage":0,"enemies":"Small Slimes","floor":4,"turns":1},{"damage":0,"enemies":"Gremlin Nob","floor":7,"turns":1},{"damage":0,"enemies":"Jaw Worm","floor":11,"turns":2},{"damage":7,"enemies":"Large Slime","floor":13,"turns":4},{"damage":2,"enemies":"Lagavulin","floor":14,"turns":5},{"damage":37,"enemies":"The Guardian","floor":16,"turns":11},{"damage":0,"enemies":"3 Byrds","floor":18,"turns":2},{"damage":14,"enemies":"Shell Parasite","floor":19,"turns":5},{"damage":17,"enemies":"Snecko","floor":21,"turns":6},{"damage":20,"enemies":"Slavers","floor":24,"turns":4},{"damage":45,"enemies":"Gremlin Leader","floor":28,"turns":5}],"seed_played":"4990308506182037031","potions_obtained":[{"floor":7,"key":"SpeedPotion"},{"floor":13,"key":"EssenceOfSteel"},{"floor":14,"key":"Dexterity Potion"},{"floor":21,"key":"SkillPotion"}],"is_trial":false,"path_per_floor":["M","?","$","M","$","R","E","R","T","R","M","R","M","E","R","B",null,"M","M","$","M","?","R","E","?","T","?","E"],"character_chosen":"DEFECT","items_purchased":["Doom and Gloom","Coolheaded","Undo","Self Repair"],"campfire_rested":0,"item_purchase_floors":[3,3,3,20],"current_hp_per_floor":[64,64,64,64,64,64,64,64,64,64,66,66,61,61,61,26,60,62,50,50,42,42,42,38,38,38,35,0],"gold":175,"neow_bonus":"THREE_ENEMY_KILL","is_prod":false,"is_daily":false,"chose_seed":false,"campfire_upgraded":6,"win_rate":0,"timestamp":1551062638,"path_taken":["M","?","$","M","$","R","E","R","T","R","M","R","M","E","R","BOSS","M","M","$","M","?","R","E","?","T","?","E"],"build_version":"2019-01-23","purchased_purges":2,"victory":false,"max_hp_per_floor":[71,71,71,71,71,71,71,71,71,71,71,71,71,71,71,71,71,71,71,71,71,71,71,71,71,71,35,35],"card_choices":[{"not_picked":["Redo","Turbo"],"picked":"Ball Lightning","floor":1},{"not_picked":["Beam Cell","Chill"],"picked":"BootSequence","floor":4},{"not_picked":["Rebound","Compile Driver"],"picked":"Conserve Battery","floor":7},{"not_picked":["Stack","Recycle"],"picked":"Compile Driver","floor":11},{"not_picked":["Hologram","Compile Driver"],"picked":"Electrodynamics","floor":13},{"not_picked":["Stack","Sweeping Beam"],"picked":"Gash","floor":14},{"not_picked":["Hyperbeam","Fission"],"picked":"Buffer","floor":16},{"not_picked":["Rebound","Hello World"],"picked":"Redo","floor":18},{"not_picked":["Fusion","Rebound"],"picked":"Gash","floor":19},{"not_picked":["Leap","Scrape"],"picked":"Blizzard+1","floor":21},{"not_picked":["Amplify","Conserve Battery"],"picked":"Consume","floor":24}],"player_experience":767044,"relics_obtained":[{"floor":7,"key":"Blood Vial"},{"floor":9,"key":"Mummified Hand"},{"floor":14,"key":"Juzu Bracelet"},{"floor":24,"key":"Dead Branch"}],"event_choices":[{"damage_healed":0,"gold_gain":150,"player_choice":"AGREE","damage_taken":0,"max_hp_gain":0,"max_hp_loss":0,"event_name":"Liars Game","floor":2,"gold_loss":0,"cards_obtained":["Doubt"]},{"damage_healed":0,"gold_gain":0,"player_choice":"Read","damage_taken":0,"max_hp_gain":0,"max_hp_loss":0,"event_name":"The Library","floor":22,"gold_loss":0,"cards_obtained":["Self Repair"]},{"damage_healed":0,"gold_gain":50,"player_choice":"Stole From Cult","damage_taken":0,"max_hp_gain":0,"max_hp_loss":0,"event_name":"Nest","floor":25,"gold_loss":0},{"damage_healed":0,"gold_gain":0,"player_choice":"Became a Ghost","damage_taken":0,"max_hp_gain":0,"max_hp_loss":36,"event_name":"Ghosts","floor":27,"gold_loss":0,"cards_obtained":["Ghostly","Ghostly","Ghostly"]}],"is_beta":false,"boss_relics":[{"not_picked":["Nuclear Battery","White Beast Statue"],"picked":"FrozenCore"}],"items_purged_floors":[3,20],"is_endless":false,"potions_floor_spawned":[7,13,14,16,21],"killed_by":"Gremlin Leader","ascension_level":20}