{"gold_per_floor":[109,109,184,203,217,244,61,61,61,61,76,104,123,143,143,239,239,255,36,50,50,50,50,64,64,64,64,64,14,32,4,4,4],"floor_reached":33,"playtime":1637,"items_purged":["Strike_G","Wraith Form v2","Strike_G"],"score":255,"play_id":"9c74b8e7-1010-4b68-a792-a3dd11613c16","local_time":"20180817170104","is_ascension_mode":false,"campfire_choices":[{"data":"Accuracy","floor":8,"key":"SMITH"},{"floor":15,"key":"REST"},{"floor":23,"key":"REST"},{"data":"Infinite Blades","floor":25,"key":"SMITH"},{"data":"Cloak And Dagger","floor":27,"key":"SMITH"},{"floor":32,"key":"REST"}],"neow_cost":"NONE","seed_source_timestamp":134635400796634,"circlet_count":0,"master_deck":["Defend_G","Defend_G","Defend_G","Defend_G","Strike_G","Strike_G","Strike_G","Survivor","Neutralize","Blade Dance","Masterful Stab","Accuracy+1","Infinite Blades+1","Parasite","Phantasmal Killer","Doppelganger","Acrobatics+1","Panache","Cloak And Dagger+1","Slice","Footwork"],"relics":["WristBlade","The Courier","Bronze Scales","Smiling Mask","Runic Dome","Question Card","GremlinMask"],"potions_floor_usage":[18,30,33],"damage_taken":[{"damage":5,"enemies":"2 Louse","floor":1,"turns":3},{"damage":0,"enemies":"Cultist","floor":4,"turns":3},{"damage":0,"enemies":"Jaw Worm","floor":5,"turns":3},{"damage":31,"enemies":"3 Sentries","floor":6,"turns":11},{"damage":2,"enemies":"Looter","floor":11,"turns":2},{"damage":15,"enemies":"Gremlin Nob","floor":12,"turns":4},{"damage":1,"enemies":"Exordium Thugs","floor":13,"turns":4},{"damage":4,"enemies":"Exordium Wildlife","floor":14,"turns":4},{"damage":10,"enemies":"Slime Boss","floor":16,"turns":9},{"damage":7,"enemies":"Shell Parasite","floor":18,"turns":6},{"damage":22,"enemies":"Spheric Guardian","floor":20,"turns":3},{"damage":16,"enemies":"Cultist and Chosen","floor":24,"turns":5},{"damage":12,"enemies":"Snecko","floor":30,"turns":5},{"damage":55,"enemies":"Champ","floor":33,"turns":10}],"seed_played":"8783746317368440160","potions_obtained":[{"floor":1,"key":"GhostInAJar"},{"floor":5,"key":"GhostInAJar"},{"floor":6,"key":"Dexterity Potion"},{"floor":18,"key":"EssenceOfSteel"},{"floor":30,"key":"Poison Potion"}],"is_trial":false,"path_per_floor":["M","?","?","M","M","E","$","R","T","?","M","E","M","M","R","B",null,"M","$","M","?","?","R","M","R","T","R","?","$","M","$","R"],"character_chosen":"THE_SILENT","items_purchased":["Accuracy","Infinite Blades","Panache","Cloak And Dagger","Footwork"],"campfire_rested":3,"item_purchase_floors":[7,7,19,19,31],"current_hp_per_floor":[65,65,54,54,54,23,23,23,23,40,38,23,22,18,39,29,70,63,63,41,41,28,50,34,34,34,34,34,34,22,22,44,0],"gold":4,"neow_bonus":"BOSS_RELIC","is_prod":false,"is_daily":false,"chose_seed":false,"campfire_upgraded":3,"win_rate":0,"timestamp":1534539664,"path_taken":["M","?","?","M","?","E","$","R","T","?","M","E","?","M","R","BOSS","M","$","M","?","?","R","?","R","T","R","?","?","M","$","R","BOSS"],"build_version":"2018-08-16","purchased_purges":3,"victory":false,"max_hp_per_floor":[70,70,70,70,70,70,70,70,70,70,70,70,70,70,70,70,70,70,70,70,70,75,75,75,75,75,75,75,75,75,75,75,75],"card_choices":[{"not_picked":["Dash","Endless Agony"],"picked":"Blade Dance","floor":1},{"not_picked":["Riddle With Holes","Underhanded Strike","Heel Hook"],"picked":"SKIP","floor":4},{"not_picked":["Underhanded Strike","Catalyst","Deadly Poison"],"picked":"SKIP","floor":5},{"not_picked":["Bane","Quick Slash"],"picked":"Masterful Stab","floor":6},{"not_picked":["Well Laid Plans","Dodge and Roll","Dagger Throw"],"picked":"SKIP","floor":11},{"not_picked":["Noxious Fumes","Quick Slash"],"picked":"Phantasmal Killer","floor":12},{"not_picked":["Dagger Throw","Dash","Crippling Poison"],"picked":"SKIP","floor":13},{"not_picked":["Acrobatics","Outmaneuver","Underhanded Strike"],"picked":"SKIP","floor":14},{"not_picked":["Glass Knife","Envenom"],"picked":"Doppelganger","floor":16},{"not_picked":["Caltrops+1","Deadly Poison"],"picked":"Acrobatics+1","floor":18},{"not_picked":["Eviscerate","Poisoned Stab"],"picked":"Slice","floor":20},{"not_picked":["Masterful Stab","Dash","Outmaneuver"],"picked":"SKIP","floor":24},{"not_picked":["Sucker Punch","Dodge and Roll","Blur","All Out Attack"],"picked":"SKIP","floor":30}],"player_experience":75487,"relics_obtained":[{"floor":6,"key":"The Courier"},{"floor":9,"key":"Bronze Scales"},{"floor":12,"key":"Smiling Mask"},{"floor":26,"key":"Question Card"}],"event_choices":[{"event_name":"Transmorgrifier","player_choice":"Transform","floor":2,"damage_taken":0},{"event_name":"World of Goop","player_choice":"Gather Gold","floor":3,"damage_taken":0},{"event_name":"Mushrooms","player_choice":"Healed and dodged fight","floor":10,"damage_taken":0},{"event_name":"Drug Dealer","player_choice":"Ignored","floor":21,"damage_taken":0},{"event_name":"Forgotten Altar","player_choice":"Shed Blood","floor":22,"damage_taken":0},{"event_name":"FaceTrader","player_choice":"Trade","floor":28,"damage_taken":0}],"is_beta":false,"boss_relics":[{"not_picked":["Runic Pyramid","HoveringKite"],"picked":"Runic Dome"}],"items_purged_floors":[7,19,29],"is_endless":false,"potions_floor_spawned":[1,5,6,14,16,18,24,30],"killed_by":"Champ","ascension_level":0}