{"gold_per_floor":[114,114,114,128,128,162,162,183,183,223,236,257,257,35,35,164,164,177,29,29,38,54,54],"floor_reached":23,"playtime":1139,"items_purged":["Defend_B","Pain"],"score":345,"play_id":"430de5fb-0b75-4295-bdd7-e3751fad343b","local_time":"20190307165054","is_ascension_mode":true,"campfire_choices":[{"data":"Glacier","floor":7,"key":"SMITH"},{"data":"Capacitor","floor":13,"key":"SMITH"},{"data":"Hologram","floor":15,"key":"SMITH"}],"neow_cost":"NONE","seed_source_timestamp":5175735886401,"circlet_count":0,"master_deck":["Strike_B","Strike_B","Strike_B","Strike_B","Defend_B","Defend_B","Defend_B","Zap","Dualcast","White Noise","Glacier+1","Conserve Battery","Capacitor+1","Coolheaded","Hologram+1","Cold Snap","Echo Form","Clumsy","Regret","Defragment","Writhe","Chill+1","Chill"],"relics":["Cracked Core","NeowsBlessing","Golden Idol","Symbiotic Virus","Pantograph","Sundial","Calling Bell","Bag of Marbles","Pear","Prayer Wheel","Question Card"],"potions_floor_usage":[10,16,16,16,21,21],"damage_taken":[{"damage":0,"enemies":"Small Slimes","floor":1,"turns":1},{"damage":0,"enemies":"Jaw Worm","floor":4,"turns":1},{"damage":0,"enemies":"Lagavulin","floor":6,"turns":1},{"damage":0,"enemies":"2 Louse","floor":8,"turns":2},{"damage":9,"enemies":"Gremlin Nob","floor":10,"turns":4},{"damage":4,"enemies":"Looter","floor":11,"turns":4},{"damage":9,"enemies":"3 Louse","floor":12,"turns":5},{"damage":0,"enemies":"Slime Boss","floor":16,"turns":10},{"damage":14,"enemies":"Chosen","floor":18,"turns":6},{"damage":36,"enemies":"2 Thieves","floor":21,"turns":4},{"damage":20,"enemies":"Snecko","floor":22,"turns":8},{"damage":17,"enemies":"Book of Stabbing","floor":23,"turns":1}],"seed_played":"-4733731123108909609","potions_obtained":[{"floor":1,"key":"AttackPotion"},{"floor":12,"key":"EssenceOfSteel"},{"floor":16,"key":"PowerPotion"},{"floor":18,"key":"SteroidPotion"}],"is_trial":false,"path_per_floor":["M","?","?","M","?","E","R","M","T","E","M","M","R","$","R","B",null,"M","$","?","M","M","E"],"character_chosen":"DEFECT","items_purchased":["Cold Snap","PowerPotion","AttackPotion","Energy Potion"],"campfire_rested":0,"item_purchase_floors":[14,14,14,19],"current_hp_per_floor":[75,75,57,57,57,57,57,57,57,48,44,35,35,35,35,60,81,67,67,67,31,11,0],"gold":54,"neow_bonus":"THREE_ENEMY_KILL","is_prod":false,"is_daily":false,"chose_seed":false,"campfire_upgraded":3,"win_rate":0,"timestamp":1551999054,"path_taken":["M","?","?","?","?","E","R","M","T","E","M","M","R","$","R","BOSS","M","$","?","M","M","E"],"build_version":"2019-01-23","purchased_purges":2,"victory":false,"max_hp_per_floor":[75,75,75,75,75,75,75,75,75,75,75,75,75,75,75,75,85,85,85,85,85,85,85],"card_choices":[{"not_picked":["Stack","Steam"],"picked":"White Noise","floor":1},{"not_picked":["Conserve Battery","Aggregate"],"picked":"Glacier","floor":4},{"not_picked":["Static Discharge","Undo"],"picked":"Conserve Battery","floor":6},{"not_picked":["Stack","Skim"],"picked":"Capacitor","floor":8},{"not_picked":["Hologram","Redo"],"picked":"Coolheaded","floor":10},{"not_picked":["Fusion","Tempest","Sweeping Beam"],"picked":"SKIP","floor":11},{"not_picked":["Go for the Eyes","Static Discharge"],"picked":"Hologram","floor":12},{"not_picked":["Electrodynamics","Amplify"],"picked":"Echo Form","floor":16},{"not_picked":["Leap+1","Rebound"],"picked":"Defragment","floor":18},{"not_picked":["Compile Driver","Beam Cell","Cold Snap+1"],"picked":"SKIP","floor":18},{"not_picked":["Coolheaded","Rebound","Ball Lightning"],"picked":"Chill+1","floor":21},{"not_picked":["BootSequence","Sweeping Beam","Consume"],"picked":"Chill","floor":21},{"not_picked":["BootSequence+1","Blizzard","Turbo+1","Barrage"],"picked":"SKIP","floor":22},{"not_picked":["Tempest","Force Field","Redo","Barrage"],"picked":"SKIP","floor":22}],"player_experience":271120,"relics_obtained":[{"floor":6,"key":"Symbiotic Virus"},{"floor":9,"key":"Pantograph"},{"floor":10,"key":"Sundial"},{"floor":17,"key":"Bag of Marbles"},{"floor":17,"key":"Pear"},{"floor":17,"key":"Prayer Wheel"}],"event_choices":[{"damage_healed":0,"gold_gain":0,"player_choice":"Ignored","damage_taken":0,"max_hp_gain":0,"max_hp_loss":0,"event_name":"Liars Game","floor":2,"gold_loss":0},{"damage_healed":0,"gold_gain":0,"player_choice":"Take Damage","damage_taken":18,"relics_obtained":["Golden Idol"],"max_hp_gain":0,"max_hp_loss":0,"event_name":"Golden Idol","floor":3,"gold_loss":0},{"damage_healed":0,"gold_gain":0,"player_choice":"Ignored","damage_taken":0,"max_hp_gain":0,"max_hp_loss":0,"event_name":"Golden Wing","floor":5,"gold_loss":0},{"damage_healed":0,"gold_gain":0,"player_choice":"Opened","damage_taken":0,"relics_obtained":["Question Card"],"max_hp_gain":0,"max_hp_loss":0,"event_name":"The Mausoleum","floor":20,"gold_loss":0,"cards_obtained":["Writhe"]}],"is_beta":false,"boss_relics":[{"not_picked":["Coffee Dripper","Philosopher\u0027s Stone"],"picked":"Calling Bell"}],"items_purged_floors":[14,19],"is_endless":false,"potions_floor_spawned":[1,12,16,18],"killed_by":"Book of Stabbing","ascension_level":5}