{"gold_per_floor":[113,113,126,201,219,230,230,255,255,255,180,191,191,209,209,284,284,298,173,48,126,145,145,145,155,202,233,332,351,366,366,366,366],"floor_reached":33,"playtime":1447,"items_purged":["Strike_R","Strike_R","Strike_R"],"score":454,"play_id":"73a09421-24a7-4017-8e7b-befebc2a3901","local_time":"20181117190125","is_ascension_mode":true,"campfire_choices":[{"data":"Armaments","floor":7,"key":"SMITH"},{"data":"Metallicize","floor":10,"key":"SMITH"},{"data":"Shrug It Off","floor":15,"key":"SMITH"},{"data":"True Grit","floor":23,"key":"SMITH"},{"data":"Heavy Blade","floor":32,"key":"SMITH"}],"neow_cost":"NONE","seed_source_timestamp":205066618492561,"circlet_count":0,"master_deck":["AscendersBane","Strike_R+1","Strike_R+1","Defend_R","Defend_R","Defend_R","Bash","Spot Weakness","Shrug It Off+1","Spot Weakness","Armaments+1","Metallicize+1","Iron Wave","Pommel Strike","Fiend Fire","Infernal Blade","Twin Strike","True Grit+1","Heavy Blade+1","Shrug It Off"],"relics":["Black Blood","Whetstone","Bottled Lightning","Pear","Bottled Flame","Juzu Bracelet","Meat on the Bone"],"potions_floor_usage":[8,16,27,27],"damage_taken":[{"damage":6,"enemies":"Jaw Worm","floor":1,"turns":4},{"damage":1,"enemies":"2 Louse","floor":3,"turns":2},{"damage":0,"enemies":"Cultist","floor":5,"turns":2},{"damage":25,"enemies":"Exordium Thugs","floor":6,"turns":6},{"damage":27,"enemies":"Lagavulin","floor":8,"turns":7},{"damage":3,"enemies":"Gremlin Gang","floor":12,"turns":7},{"damage":11,"enemies":"3 Louse","floor":14,"turns":5},{"damage":37,"enemies":"Slime Boss","floor":16,"turns":13},{"damage":36,"enemies":"3 Byrds","floor":18,"turns":8},{"damage":1,"enemies":"Shell Parasite","floor":22,"turns":5},{"damage":14,"enemies":"Shelled Parasite and Fungi","floor":25,"turns":7},{"damage":27,"enemies":"Gremlin Leader","floor":27,"turns":9},{"damage":27,"enemies":"Chosen and Byrds","floor":29,"turns":5},{"damage":14,"enemies":"Cultist and Chosen","floor":30,"turns":8},{"damage":42,"enemies":"Collector","floor":33,"turns":5}],"seed_played":"6634753233237465085","potions_obtained":[{"floor":1,"key":"FearPotion"},{"floor":12,"key":"PowerPotion"},{"floor":14,"key":"Energy Potion"},{"floor":16,"key":"Weak Potion"}],"is_trial":false,"path_per_floor":["M","?","M","?","M","M","R","E","T","R","$","M","?","M","R","B",null,"M","$","$","T","M","R","$","M","T","E","?","M","M","?","R","B"],"character_chosen":"IRONCLAD","items_purchased":["Twin Strike"],"campfire_rested":0,"item_purchase_floors":[19],"current_hp_per_floor":[68,68,73,62,68,49,49,28,38,38,38,41,85,80,80,49,76,50,50,50,50,59,59,59,55,55,38,38,33,41,41,41,0],"gold":366,"neow_bonus":"RANDOM_COMMON_RELIC","is_prod":false,"is_daily":false,"chose_seed":false,"campfire_upgraded":5,"win_rate":0,"timestamp":1542499285,"path_taken":["M","?","M","?","M","M","R","E","T","R","$","M","?","M","R","BOSS","M","?","$","?","M","R","$","?","T","E","?","M","M","?","R","BOSS"],"build_version":"2018-11-15","purchased_purges":3,"victory":false,"max_hp_per_floor":[75,75,75,75,75,75,75,75,85,85,85,85,85,85,85,85,85,85,85,85,85,85,85,85,85,85,85,85,85,85,85,85,85],"card_choices":[{"not_picked":["Infernal Blade","Cleave"],"picked":"Spot Weakness","floor":1},{"not_picked":["Pommel Strike","Battle Trance"],"picked":"Shrug It Off","floor":3},{"not_picked":["Clothesline","Anger"],"picked":"Spot Weakness","floor":5},{"not_picked":["Sever Soul","Wild Strike"],"picked":"Armaments","floor":6},{"not_picked":["Flex","Dropkick"],"picked":"Metallicize","floor":8},{"not_picked":["Berserk","Reckless Charge"],"picked":"Iron Wave","floor":12},{"not_picked":["Wild Strike","Cleave"],"picked":"Pommel Strike","floor":14},{"not_picked":["Dark Embrace","Demon Form"],"picked":"Fiend Fire","floor":16},{"not_picked":["Anger","Flex"],"picked":"Infernal Blade","floor":18},{"not_picked":["Disarm","Infernal Blade"],"picked":"True Grit","floor":22},{"not_picked":["Warcry","Pommel Strike"],"picked":"Heavy Blade","floor":25},{"not_picked":["Hemokinesis","Juggernaut","Sever Soul"],"picked":"SKIP","floor":27},{"not_picked":["Iron Wave","Hemokinesis"],"picked":"Shrug It Off","floor":29},{"not_picked":["Metallicize","Headbutt","Armaments"],"picked":"SKIP","floor":30}],"player_experience":391680,"relics_obtained":[{"floor":8,"key":"Bottled Lightning"},{"floor":9,"key":"Pear"},{"floor":21,"key":"Bottled Flame"},{"floor":26,"key":"Juzu Bracelet"},{"floor":27,"key":"Meat on the Bone"}],"event_choices":[{"damage_healed":0,"gold_gain":0,"player_choice":"Ignored","damage_taken":0,"max_hp_gain":0,"max_hp_loss":0,"event_name":"Liars Game","floor":2,"gold_loss":0},{"damage_healed":0,"gold_gain":75,"player_choice":"Gather Gold","damage_taken":11,"max_hp_gain":0,"max_hp_loss":0,"event_name":"World of Goop","floor":4,"gold_loss":0},{"damage_healed":44,"gold_gain":0,"player_choice":"Full Heal","damage_taken":0,"max_hp_gain":0,"max_hp_loss":0,"event_name":"Wheel of Change","floor":13,"gold_loss":0},{"damage_healed":0,"gold_gain":99,"player_choice":"Stole From Cult","damage_taken":0,"max_hp_gain":0,"max_hp_loss":0,"event_name":"Nest","floor":28,"gold_loss":0},{"cards_removed":["Defend_R"],"damage_healed":0,"gold_gain":0,"player_choice":"Elegance","damage_taken":0,"max_hp_gain":0,"max_hp_loss":0,"event_name":"Back to Basics","floor":31,"gold_loss":0}],"is_beta":true,"boss_relics":[{"not_picked":["Tiny House","Pandora\u0027s Box"],"picked":"Black Blood"}],"items_purged_floors":[11,19,20],"is_endless":false,"potions_floor_spawned":[1,12,14,16,18,22,25],"killed_by":"Collector","ascension_level":14}