{"gold_per_floor":[114,131,149,99,109,109,129,147,171,185,185,198,198,215,215,312,312,325,69,83,83,97,97,128,128,128,128,128,78,91,91,91,91],"floor_reached":33,"playtime":1503,"items_purged":["Strike_B"],"score":392,"play_id":"5efd0f96-cc84-4921-a2a0-179de419fa49","local_time":"20181020014759","is_ascension_mode":true,"campfire_choices":[{"data":"Zap","floor":6,"key":"SMITH"},{"data":"Loop","floor":11,"key":"SMITH"},{"floor":15,"key":"REST"},{"data":"Loop","floor":23,"key":"SMITH"},{"floor":25,"key":"REST"},{"data":"Thunder Strike","floor":28,"key":"SMITH"},{"floor":32,"key":"REST"}],"neow_cost":"PERCENT_DAMAGE","seed_source_timestamp":455125952281247,"circlet_count":0,"master_deck":["Defend_B","Defend_B","Defend_B","Zap+1","Dualcast","AscendersBane","Coolheaded","Turbo","Loop+1","Blizzard","Cold Snap","Coolheaded","Leap","Go for the Eyes","Loop+1","Thunder Strike+1","Hologram","Electrodynamics","Hologram","Auto Shields","Ball Lightning","Stack","Conserve Battery+1","Defragment"],"relics":["Cracked Core","Happy Flower","Busted Crown","Pen Nib","Nloth\u0027s Gift"],"potions_floor_usage":[10,16,16,16,24,33],"damage_taken":[{"damage":0,"enemies":"Cultist","floor":1,"turns":4},{"damage":0,"enemies":"Jaw Worm","floor":2,"turns":4},{"damage":2,"enemies":"2 Louse","floor":3,"turns":4},{"damage":13,"enemies":"Large Slime","floor":5,"turns":8},{"damage":9,"enemies":"Looter","floor":7,"turns":4},{"damage":3,"enemies":"Blue Slaver","floor":8,"turns":3},{"damage":7,"enemies":"3 Louse","floor":10,"turns":2},{"damage":8,"enemies":"Exordium Thugs","floor":12,"turns":6},{"damage":10,"enemies":"Exordium Wildlife","floor":14,"turns":5},{"damage":23,"enemies":"Hexaghost","floor":16,"turns":16},{"damage":2,"enemies":"Shell Parasite","floor":18,"turns":7},{"damage":15,"enemies":"Spheric Guardian","floor":20,"turns":4},{"damage":7,"enemies":"Cultist and Chosen","floor":22,"turns":5},{"damage":42,"enemies":"Slavers","floor":24,"turns":6},{"damage":23,"enemies":"Snake Plant","floor":30,"turns":5},{"damage":59,"enemies":"Collector","floor":33,"turns":6}],"seed_played":"4856519216725481750","potions_obtained":[{"floor":3,"key":"Weak Potion"},{"floor":5,"key":"SteroidPotion"},{"floor":7,"key":"Ancient Potion"},{"floor":14,"key":"PowerPotion"},{"floor":16,"key":"Fire Potion"},{"floor":30,"key":"Ancient Potion"}],"is_trial":false,"path_per_floor":["M","M","M","?","M","R","M","M","T","M","R","M","?","M","R","B",null,"M","$","M","?","M","R","E","R","T","?","R","?","M","?","R"],"character_chosen":"DEFECT","items_purchased":["Electrodynamics","Hologram"],"campfire_rested":3,"item_purchase_floors":[19,19],"current_hp_per_floor":[64,64,62,62,49,49,40,37,37,30,30,22,22,12,38,15,71,69,69,54,54,47,47,5,31,31,31,31,31,8,8,34,0],"gold":91,"neow_bonus":"TWENTY_PERCENT_HP_BONUS","is_prod":false,"is_daily":false,"chose_seed":false,"campfire_upgraded":4,"win_rate":0,"timestamp":1540025279,"path_taken":["M","?","M","?","M","R","M","M","T","M","R","M","?","M","R","BOSS","M","$","M","?","M","R","E","R","T","?","R","?","M","?","R","BOSS"],"build_version":"2018-10-18","purchased_purges":1,"victory":false,"max_hp_per_floor":[89,89,89,89,89,89,89,89,89,89,89,89,89,89,89,89,89,89,89,89,89,89,89,89,89,89,89,89,89,89,89,89,89],"card_choices":[{"not_picked":["Undo","Compile Driver"],"picked":"Coolheaded","floor":1},{"not_picked":["Stack","Steam"],"picked":"Turbo","floor":2},{"not_picked":["Conserve Battery","Coolheaded"],"picked":"Loop","floor":3},{"not_picked":["Steam","Scrape"],"picked":"Blizzard","floor":5},{"not_picked":["Barrage","Ball Lightning"],"picked":"Cold Snap","floor":7},{"not_picked":["Compile Driver","Steam Power"],"picked":"Coolheaded","floor":8},{"not_picked":["Amplify","Go for the Eyes"],"picked":"Leap","floor":10},{"not_picked":["FTL","Streamline"],"picked":"Go for the Eyes","floor":12},{"not_picked":["Stack","Go for the Eyes"],"picked":"Loop","floor":14},{"not_picked":["Biased Cognition","Meteor Strike"],"picked":"Thunder Strike","floor":16},{"not_picked":[],"picked":"Hologram","floor":18},{"not_picked":[],"picked":"Auto Shields","floor":20},{"not_picked":[],"picked":"Ball Lightning","floor":22},{"not_picked":[],"picked":"Stack","floor":24},{"not_picked":[],"picked":"Conserve Battery+1","floor":30}],"player_experience":304498,"relics_obtained":[{"floor":9,"key":"Happy Flower"},{"floor":24,"key":"Pen Nib"},{"floor":26,"key":"Sundial"}],"event_choices":[{"cards_removed":["Strike_B"],"damage_healed":0,"gold_gain":0,"player_choice":"Card Removal","damage_taken":0,"max_hp_gain":0,"max_hp_loss":0,"event_name":"The Cleric","floor":4,"gold_loss":50},{"cards_removed":["Strike_B"],"damage_healed":0,"gold_gain":0,"player_choice":"Forget","damage_taken":0,"max_hp_gain":0,"max_hp_loss":0,"event_name":"Living Wall","floor":13,"gold_loss":0},{"cards_removed":["Strike_B"],"damage_healed":0,"gold_gain":0,"player_choice":"Offered Basic","damage_taken":0,"max_hp_gain":0,"max_hp_loss":0,"event_name":"Bonfire Elementals","floor":21,"gold_loss":0},{"damage_healed":0,"gold_gain":0,"player_choice":"Traded Relic","damage_taken":0,"relics_obtained":["Nloth\u0027s Gift"],"max_hp_gain":0,"max_hp_loss":0,"event_name":"N\u0027loth","floor":27,"relics_lost":["Sundial"],"gold_loss":0},{"damage_healed":0,"gold_gain":0,"player_choice":"Bet on Murderer","damage_taken":0,"max_hp_gain":0,"max_hp_loss":0,"event_name":"The Joust","floor":29,"gold_loss":50},{"damage_healed":0,"gold_gain":0,"cards_transformed":["Defend_B"],"player_choice":"Transformed","damage_taken":0,"max_hp_gain":0,"max_hp_loss":0,"event_name":"Transmorgrifier","floor":31,"gold_loss":0,"cards_obtained":["Defragment"]}],"is_beta":false,"boss_relics":[{"not_picked":["Philosopher\u0027s Stone","White Beast Statue"],"picked":"Busted Crown"}],"items_purged_floors":[19],"is_endless":false,"potions_floor_spawned":[3,5,7,14,16,30],"killed_by":"Collector","ascension_level":10}