{"path_per_floor":["M","M","T","M","$","R","E","M","T","E","R","$","?","?","R"],"character_chosen":"DEFECT","items_purchased":["DataDisk"],"gold_per_floor":[109,128,180,190,34,34,66,83,83,111,111,61,84,146,146,146],"floor_reached":16,"campfire_rested":1,"playtime":860,"item_purchase_floors":[5],"current_hp_per_floor":[68,68,68,66,66,66,47,43,43,28,48,48,37,20,20,0],"items_purged":["Strike_B"],"gold":146,"score":157,"play_id":"23aae16f-6dc8-4cca-90ec-62543bbdc0d5","local_time":"20180531150935","is_prod":false,"is_daily":false,"chose_seed":false,"is_ascension_mode":true,"campfire_upgraded":2,"win_rate":0,"timestamp":1527772175,"campfire_choices":[{"data":"Zap","floor":6,"key":"SMITH"},{"floor":11,"key":"REST"},{"data":"Hologram","floor":15,"key":"SMITH"}],"path_taken":["M","M","?","M","$","R","E","M","T","E","R","$","?","?","R","BOSS"],"build_version":"2018-05-30v2","seed_source_timestamp":63796190147134,"purchased_purges":1,"victory":false,"master_deck":["Strike_B","Strike_B","Strike_B","Defend_B","Defend_B","Defend_B","Defend_B","Zap+1","Dualcast","Go for the Eyes","Conserve Battery","Ball Lightning","Genetic Algorithm","Capacitor","Hologram+1","Capacitor"],"max_hp_per_floor":[68,68,68,68,68,68,68,68,68,68,68,68,68,68,68,68],"relics":["Cracked Core","Calipers","Orichalcum","DataDisk","Singing Bowl","Smiling Mask","Boot","Odd Mushroom","Vajra"],"card_choices":[{"not_picked":["Redo","Conserve Battery"],"picked":"Go for the Eyes","floor":1},{"not_picked":["Beam Cell","Streamline"],"picked":"Conserve Battery","floor":2},{"not_picked":["Reprogram","Aggregate","Blizzard"],"picked":"SKIP","floor":4},{"not_picked":["Barrage","Rebound"],"picked":"Ball Lightning","floor":7},{"not_picked":["Double Energy","Conserve Battery"],"picked":"Genetic Algorithm","floor":8},{"not_picked":["Double Energy","Undo"],"picked":"Capacitor","floor":10},{"not_picked":["Beam Cell","Chaos"],"picked":"Hologram","floor":13},{"not_picked":["Fission","Gash"],"picked":"Capacitor","floor":14}],"player_experience":589605,"potions_floor_usage":[10,16],"damage_taken":[{"damage":0,"enemies":"Cultist","floor":1,"turns":3},{"damage":0,"enemies":"2 Louse","floor":2,"turns":2},{"damage":2,"enemies":"Jaw Worm","floor":4,"turns":4},{"damage":19,"enemies":"3 Sentries","floor":7,"turns":6},{"damage":4,"enemies":"Large Slime","floor":8,"turns":4},{"damage":15,"enemies":"Lagavulin","floor":10,"turns":6},{"damage":11,"enemies":"The Mushroom Lair","floor":13,"turns":5},{"damage":17,"enemies":"3 Sentries","floor":14,"turns":6},{"damage":28,"enemies":"Slime Boss","floor":16,"turns":9}],"relics_obtained":[{"floor":3,"key":"Orichalcum"},{"floor":7,"key":"Singing Bowl"},{"floor":9,"key":"Smiling Mask"},{"floor":10,"key":"Boot"},{"floor":13,"key":"Odd Mushroom"},{"floor":14,"key":"Vajra"}],"event_choices":[{"event_name":"Mushrooms","player_choice":"Fought Mushrooms","floor":13,"damage_taken":0},{"event_name":"Dead Adventurer","player_choice":"Searched \u00273\u0027 times","floor":14,"damage_taken":0}],"boss_relics":[],"items_purged_floors":[12],"potions_floor_spawned":[7,8],"seed_played":"-1998863482903890207","killed_by":"Slime Boss","ascension_level":9,"potions_obtained":[{"floor":7,"key":"Poison Potion"},{"floor":8,"key":"SteroidPotion"}],"is_trial":false}