{"gold_per_floor":[113,65,140,140,140,140,153,153,200,220,220,230,250,266,266,362,362,377,388,303,303,317,342,361,391,414,431,451,244,244,261,261,261],"floor_reached":33,"playtime":1421,"items_purged":[],"score":281,"play_id":"2e34c7c7-119d-4684-bf51-43dfc30c8faa","local_time":"20181217115257","daily_mods":["SealedDeck"],"is_ascension_mode":false,"campfire_choices":[{"data":"Perfected Strike","floor":6,"key":"SMITH"},{"data":"Perfected Strike","floor":8,"key":"SMITH"},{"data":"Shrug It Off","floor":11,"key":"SMITH"},{"data":"Shrug It Off","floor":15,"key":"SMITH"},{"data":"Seeing Red","floor":30,"key":"SMITH"},{"data":"Pommel Strike","floor":32,"key":"SMITH"}],"neow_cost":"","seed_source_timestamp":0,"circlet_count":0,"master_deck":["Power Through+1","Twin Strike+1","Shrug It Off+1","Shrug It Off+1","Shrug It Off+1","Pommel Strike+1","Pommel Strike+1","Twin Strike","Perfected Strike+1","Perfected Strike+1","Seeing Red+1","Clash","Wild Strike","Flex"],"relics":["Black Blood","Smiling Mask","Potion Belt","War Paint","Mercury Hourglass","Bottled Flame","Strawberry","Ancient Tea Set"],"potions_floor_usage":[16,16,22,23,24,33,33],"damage_taken":[{"damage":3,"enemies":"Jaw Worm","floor":1,"turns":2},{"damage":0,"enemies":"Small Slimes","floor":7,"turns":2},{"damage":0,"enemies":"2 Louse","floor":10,"turns":2},{"damage":0,"enemies":"Exordium Wildlife","floor":12,"turns":4},{"damage":0,"enemies":"Exordium Thugs","floor":13,"turns":3},{"damage":0,"enemies":"3 Louse","floor":14,"turns":2},{"damage":41,"enemies":"The Guardian","floor":16,"turns":10},{"damage":9,"enemies":"2 Thieves","floor":18,"turns":4},{"damage":4,"enemies":"Chosen","floor":19,"turns":4},{"damage":18,"enemies":"Sentry and Sphere","floor":22,"turns":6},{"damage":14,"enemies":"Book of Stabbing","floor":23,"turns":6},{"damage":0,"enemies":"Centurion and Healer","floor":24,"turns":4},{"damage":21,"enemies":"Slavers","floor":25,"turns":6},{"damage":10,"enemies":"Snake Plant","floor":27,"turns":3},{"damage":0,"enemies":"Sentry and Sphere","floor":28,"turns":6},{"damage":8,"enemies":"Shelled Parasite and Fungi","floor":31,"turns":6},{"damage":91,"enemies":"Automaton","floor":33,"turns":10}],"seed_played":"-3370518355794751456","potions_obtained":[{"floor":10,"key":"SkillPotion"},{"floor":12,"key":"Block Potion"},{"floor":13,"key":"SteroidPotion"},{"floor":18,"key":"AttackPotion"},{"floor":22,"key":"Weak Potion"},{"floor":23,"key":"Poison Potion"},{"floor":24,"key":"GamblersBrew"}],"is_trial":true,"path_per_floor":["M","$","?","?","?","R","M","R","T","M","R","M","M","M","R","B",null,"M","M","?","?","M","E","M","E","T","M","M","$","R","M","R","B"],"character_chosen":"IRONCLAD","items_purchased":["Perfected Strike","Wild Strike","Ancient Tea Set"],"campfire_rested":0,"item_purchase_floors":[2,29,29],"current_hp_per_floor":[80,80,69,62,46,46,52,52,52,58,58,64,70,76,76,41,80,80,80,80,80,72,68,78,67,74,74,84,84,84,86,86,0],"gold":261,"neow_bonus":"","is_prod":false,"is_daily":false,"chose_seed":false,"campfire_upgraded":6,"win_rate":0,"timestamp":1545065577,"path_taken":["M","$","?","?","?","R","?","R","T","M","R","M","M","M","R","BOSS","M","M","?","?","M","E","M","E","T","M","?","$","R","M","R","BOSS"],"build_version":"2018-12-13","purchased_purges":0,"victory":false,"max_hp_per_floor":[80,80,80,80,80,80,80,80,80,80,80,80,80,80,80,80,80,80,80,80,80,80,80,80,80,87,87,87,87,87,87,87,87],"card_choices":[{"not_picked":["Warcry","Blood for Blood","Headbutt"],"picked":"SKIP","floor":1},{"not_picked":["Flame Barrier","Feel No Pain","Searing Blow"],"picked":"SKIP","floor":7},{"not_picked":["Uppercut","Disarm","Body Slam"],"picked":"SKIP","floor":10},{"not_picked":["Headbutt","Cleave"],"picked":"Seeing Red","floor":12},{"not_picked":["Pummel","Reckless Charge","Carnage"],"picked":"SKIP","floor":13},{"not_picked":["Armaments","Shrug It Off","Rupture"],"picked":"SKIP","floor":14},{"not_picked":["Bloodletting","Sentinel+1","Reckless Charge"],"picked":"SKIP","floor":18},{"not_picked":["Power Through","Shrug It Off","Searing Blow"],"picked":"SKIP","floor":19},{"not_picked":["Clothesline","Reckless Charge"],"picked":"Clash","floor":22},{"not_picked":["Cleave","Barricade","True Grit+1"],"picked":"SKIP","floor":23},{"not_picked":["True Grit","Uppercut","Sword Boomerang"],"picked":"SKIP","floor":24},{"not_picked":["Feel No Pain","Thunderclap","Headbutt+1"],"picked":"SKIP","floor":25},{"not_picked":["Spot Weakness","Thunderclap","Body Slam"],"picked":"SKIP","floor":27},{"not_picked":["Warcry+1","Uppercut+1","Rupture"],"picked":"SKIP","floor":28},{"not_picked":["Heavy Blade","Infernal Blade"],"picked":"Flex","floor":31}],"player_experience":318874,"relics_obtained":[{"floor":9,"key":"Smiling Mask"},{"floor":21,"key":"War Paint"},{"floor":23,"key":"Mercury Hourglass"},{"floor":25,"key":"Bottled Flame"},{"floor":26,"key":"Strawberry"}],"event_choices":[{"damage_healed":0,"gold_gain":75,"player_choice":"Gather Gold","damage_taken":11,"max_hp_gain":0,"max_hp_loss":0,"event_name":"World of Goop","floor":3,"gold_loss":0},{"cards_removed":["Power Through"],"damage_healed":0,"gold_gain":0,"player_choice":"Card Removal","damage_taken":7,"max_hp_gain":0,"max_hp_loss":0,"event_name":"Golden Wing","floor":4,"gold_loss":0},{"damage_healed":0,"gold_gain":0,"player_choice":"Entered Light","damage_taken":16,"max_hp_gain":0,"max_hp_loss":0,"event_name":"Shining Light","floor":5,"gold_loss":0,"cards_upgraded":["Twin Strike","Pommel Strike"]},{"damage_healed":0,"gold_gain":0,"player_choice":"Obtained Relic","damage_taken":0,"relics_obtained":["Potion Belt"],"max_hp_gain":0,"max_hp_loss":0,"event_name":"Addict","floor":20,"gold_loss":85},{"damage_healed":0,"gold_gain":0,"player_choice":"Relic","damage_taken":0,"max_hp_gain":0,"max_hp_loss":0,"event_name":"Wheel of Change","floor":21,"gold_loss":0}],"is_beta":false,"boss_relics":[{"not_picked":["Velvet Choker","Black Star"],"picked":"Black Blood"}],"items_purged_floors":[],"is_endless":false,"potions_floor_spawned":[10,12,13,14,18,22,23,24],"killed_by":"Automaton","ascension_level":0}