{"gold_per_floor":[109,16,16,166,186,213,213,233,233,249,264,121,121,141,141,213,213,227,244,14,29,39,39,55,55],"floor_reached":25,"playtime":1307,"items_purged":["Doubt"],"score":362,"play_id":"d1ca740d-d610-49b9-97d2-72bc9ea77262","local_time":"20190113181635","is_ascension_mode":true,"campfire_choices":[{"data":"Chaos","floor":7,"key":"SMITH"},{"floor":13,"key":"REST"},{"data":"Defragment","floor":15,"key":"SMITH"},{"data":"Creative AI","floor":23,"key":"SMITH"}],"neow_cost":"NONE","seed_source_timestamp":265414235083699,"circlet_count":0,"master_deck":["AscendersBane","Strike_B","Strike_B+1","Strike_B","Strike_B","Defend_B+1","Defend_B","Defend_B","Defend_B","Zap","Dualcast","Heatsinks","Storm","Sweeping Beam","Glacier","Chaos+1","Sunder","Compile Driver","Self Repair","Defragment+1","Conserve Battery","Creative AI+1","Conserve Battery","Streamline","White Noise","Heatsinks","Heatsinks","All For One"],"relics":["Cracked Core","Mummified Hand","Philosopher\u0027s Stone"],"potions_floor_usage":[14,18],"damage_taken":[{"damage":4,"enemies":"Jaw Worm","floor":1,"turns":4},{"damage":6,"enemies":"Cultist","floor":5,"turns":4},{"damage":28,"enemies":"Lagavulin","floor":6,"turns":13},{"damage":0,"enemies":"Small Slimes","floor":8,"turns":2},{"damage":6,"enemies":"Red Slaver","floor":10,"turns":3},{"damage":1,"enemies":"Blue Slaver","floor":11,"turns":3},{"damage":8,"enemies":"Lots of Slimes","floor":14,"turns":2},{"damage":15,"enemies":"The Guardian","floor":16,"turns":10},{"damage":34,"enemies":"3 Byrds","floor":18,"turns":4},{"damage":0,"enemies":"Spheric Guardian","floor":19,"turns":3},{"damage":24,"enemies":"3 Cultists","floor":21,"turns":4},{"damage":0,"enemies":"Sentry and Sphere","floor":22,"turns":6},{"damage":13,"enemies":"Shelled Parasite and Fungi","floor":24,"turns":2},{"damage":25,"enemies":"Book of Stabbing","floor":25,"turns":2}],"seed_played":"3594883292549911310","potions_obtained":[{"floor":5,"key":"Fire Potion"},{"floor":6,"key":"Explosive Potion"},{"floor":19,"key":"SpeedPotion"},{"floor":22,"key":"FocusPotion"}],"is_trial":false,"path_per_floor":["M","$","?","?","M","E","R","M","T","M","M","$","R","M","R","B",null,"M","M","$","M","M","R","M","E"],"character_chosen":"DEFECT","items_purchased":["Storm","Sweeping Beam","Defragment","White Noise","Heatsinks","FocusPotion"],"campfire_rested":1,"item_purchase_floors":[2,2,12,20,20,20],"current_hp_per_floor":[67,67,44,44,38,10,10,10,10,4,3,3,26,25,25,17,63,36,36,36,19,26,26,20,0],"gold":55,"neow_bonus":"TEN_PERCENT_HP_BONUS","is_prod":false,"is_daily":false,"chose_seed":false,"campfire_upgraded":3,"win_rate":0,"timestamp":1547432195,"path_taken":["M","$","?","?","M","E","R","M","T","M","?","$","R","M","R","BOSS","M","M","$","?","M","R","M","E"],"build_version":"2019-01-10","purchased_purges":1,"victory":false,"max_hp_per_floor":[78,78,78,78,78,78,78,78,78,78,78,78,78,78,78,78,78,78,78,78,78,78,78,78,78],"card_choices":[{"not_picked":["Conserve Battery","Beam Cell"],"picked":"Heatsinks","floor":1},{"not_picked":["Barrage","Redo"],"picked":"Glacier","floor":5},{"not_picked":["Double Energy","Steam"],"picked":"Chaos","floor":6},{"not_picked":["Reprogram","Scrape"],"picked":"Sunder","floor":8},{"not_picked":["Rebound","Reprogram"],"picked":"Compile Driver","floor":10},{"not_picked":["Stack","Hologram"],"picked":"Self Repair","floor":11},{"not_picked":["Redo","Streamline"],"picked":"Conserve Battery","floor":14},{"not_picked":["Multi-Cast","All For One"],"picked":"Creative AI","floor":16},{"not_picked":["Redo","Go for the Eyes"],"picked":"Conserve Battery","floor":18},{"not_picked":["Redo","Rebound"],"picked":"Streamline","floor":19},{"not_picked":["Cold Snap","Redo"],"picked":"Heatsinks","floor":21},{"not_picked":["Beam Cell","Hologram"],"picked":"All For One","floor":22},{"not_picked":["Stack","Ball Lightning","Sweeping Beam"],"picked":"SKIP","floor":24}],"player_experience":459581,"relics_obtained":[{"floor":6,"key":"Mummified Hand"}],"event_choices":[{"damage_healed":0,"gold_gain":0,"player_choice":"Entered Light","damage_taken":23,"max_hp_gain":0,"max_hp_loss":0,"event_name":"Shining Light","floor":3,"gold_loss":0,"cards_upgraded":["Defend_B","Strike_B"]},{"damage_healed":0,"gold_gain":150,"player_choice":"AGREE","damage_taken":0,"max_hp_gain":0,"max_hp_loss":0,"event_name":"Liars Game","floor":4,"gold_loss":0,"cards_obtained":["Doubt"]}],"is_beta":false,"boss_relics":[{"not_picked":["Ectoplasm","White Beast Statue"],"picked":"Philosopher\u0027s Stone"}],"items_purged_floors":[12],"is_endless":false,"potions_floor_spawned":[5,6,8,19,21,22],"killed_by":"Book of Stabbing","ascension_level":15}