{"gold_per_floor":[110,110,127,77,89,120,120,143,143,162,162,162,179,198,198,297,297,317,168,168,183,195,195,195,212,236,236,318,335,235,235,235,339,339,350,360,378,100,100],"floor_reached":39,"playtime":1859,"items_purged":["Strike_B","Defend_B"],"score":383,"play_id":"4e06eb49-91de-4e22-ae55-db865632e41f","local_time":"20190212141208","is_ascension_mode":false,"campfire_choices":[{"data":"Zap","floor":7,"key":"SMITH"},{"data":"White Noise","floor":12,"key":"SMITH"},{"floor":15,"key":"REST"},{"data":"Defragment","floor":23,"key":"SMITH"},{"data":"Buffer","floor":27,"key":"SMITH"},{"floor":32,"key":"RECALL"}],"neow_cost":"NONE","seed_source_timestamp":5012505755583545,"circlet_count":0,"master_deck":["Strike_B","Defend_B","Defend_B","Defend_B","Zap+1","Dualcast","Glacier","Lockon","White Noise+1","Go for the Eyes","Redo","Ball Lightning","Buffer+1","Streamline","Defragment+1","Leap","Conserve Battery","Electrodynamics","Buffer","Streamline+1","Self Repair+1","Defragment+1","Capacitor"],"relics":["Cracked Core","Blood Vial","Bottled Lightning","Odd Mushroom","Snecko Eye","Bag of Preparation","Kunai","Orrery","Bottled Tornado"],"potions_floor_usage":[6,16,25,31,33,37],"damage_taken":[{"damage":11,"enemies":"Jaw Worm","floor":1,"turns":3},{"damage":6,"enemies":"2 Louse","floor":3,"turns":3},{"damage":0,"enemies":"Small Slimes","floor":5,"turns":3},{"damage":33,"enemies":"3 Sentries","floor":6,"turns":11},{"damage":4,"enemies":"The Mushroom Lair","floor":8,"turns":5},{"damage":0,"enemies":"Exordium Wildlife","floor":10,"turns":3},{"damage":7,"enemies":"Exordium Thugs","floor":13,"turns":4},{"damage":0,"enemies":"2 Fungi Beasts","floor":14,"turns":2},{"damage":58,"enemies":"Hexaghost","floor":16,"turns":10},{"damage":7,"enemies":"2 Thieves","floor":18,"turns":4},{"damage":10,"enemies":"Spheric Guardian","floor":21,"turns":4},{"damage":0,"enemies":"Snake Plant","floor":22,"turns":5},{"damage":6,"enemies":"3 Cultists","floor":25,"turns":5},{"damage":0,"enemies":"Snecko","floor":29,"turns":4},{"damage":0,"enemies":"Colosseum Slavers","floor":31,"turns":4},{"damage":51,"enemies":"Champ","floor":33,"turns":14},{"damage":16,"enemies":"3 Darklings","floor":35,"turns":5},{"damage":0,"enemies":"3 Shapes","floor":36,"turns":3},{"damage":44,"enemies":"Writhing Mass","floor":37,"turns":6},{"damage":48,"enemies":"4 Shapes","floor":39,"turns":3}],"seed_played":"-7715172952476861287","potions_obtained":[{"floor":1,"key":"Regen Potion"},{"floor":8,"key":"Swift Potion"},{"floor":14,"key":"Strength Potion"},{"floor":16,"key":"Poison Potion"},{"floor":18,"key":"Energy Potion"},{"floor":29,"key":"SkillPotion"},{"floor":36,"key":"Regen Potion"},{"floor":37,"key":"Weak Potion"}],"is_trial":false,"path_per_floor":["M","?","M","?","M","E","R","?","T","M","?","R","M","M","R","B",null,"M","$","?","M","M","R","?","M","T","R","T","M","$","?","R","B",null,"M","M","M","$","M"],"character_chosen":"DEFECT","items_purchased":["Defragment","Capacitor","Bottled Tornado"],"campfire_rested":1,"item_purchase_floors":[19,38,38],"current_hp_per_floor":[64,69,65,65,67,51,51,49,49,51,51,51,46,48,72,16,80,73,73,73,65,67,67,67,63,63,63,63,65,65,67,67,18,80,64,66,43,43,0],"gold":100,"neow_bonus":"RANDOM_COMMON_RELIC","is_prod":false,"is_daily":false,"chose_seed":false,"campfire_upgraded":4,"win_rate":0,"timestamp":1549998728,"path_taken":["M","?","M","?","M","E","R","?","T","M","?","R","?","M","R","BOSS","M","$","?","M","M","R","?","M","T","R","?","?","$","?","R","BOSS","M","M","M","$","M"],"build_version":"2019-01-23","purchased_purges":2,"victory":false,"max_hp_per_floor":[75,80,80,80,80,80,80,80,80,80,80,80,80,80,80,80,80,80,80,80,80,80,80,80,80,80,80,80,80,80,80,80,80,80,80,80,80,80,80],"card_choices":[{"not_picked":["Beam Cell","Turbo"],"picked":"Glacier","floor":1},{"not_picked":["Steam","Conserve Battery"],"picked":"Lockon","floor":3},{"not_picked":["Chill","Chaos"],"picked":"White Noise","floor":5},{"not_picked":["Lockon","Hologram"],"picked":"Go for the Eyes","floor":6},{"not_picked":["Steam","Coolheaded"],"picked":"Redo","floor":10},{"not_picked":["Coolheaded","Steam","Blizzard"],"picked":"SKIP","floor":13},{"not_picked":["Recycle","Fusion"],"picked":"Ball Lightning","floor":14},{"not_picked":["Multi-Cast","Hyperbeam"],"picked":"Buffer","floor":16},{"not_picked":["Coolheaded","Aggregate"],"picked":"Streamline","floor":18},{"not_picked":["Sweeping Beam","Multi-Cast"],"picked":"Conserve Battery","floor":21},{"not_picked":["Scrape","Steam","Ball Lightning"],"picked":"SKIP","floor":22},{"not_picked":["Barrage","Skim","Reprogram"],"picked":"SKIP","floor":25},{"not_picked":["Rip and Tear","Sunder+1"],"picked":"Electrodynamics","floor":29},{"not_picked":["Hyperbeam","Biased Cognition"],"picked":"Buffer","floor":33},{"not_picked":["Leap","Beam Cell+1"],"picked":"Streamline+1","floor":34},{"not_picked":["Turbo+1","Conserve Battery","Auto Shields"],"picked":"SKIP","floor":35},{"not_picked":["Rebound+1","Ball Lightning+1"],"picked":"Self Repair+1","floor":36},{"not_picked":["Biased Cognition","Rip and Tear"],"picked":"Defragment+1","floor":37}],"player_experience":81178,"relics_obtained":[{"floor":6,"key":"Bottled Lightning"},{"floor":8,"key":"Odd Mushroom"},{"floor":26,"key":"Bag of Preparation"},{"floor":28,"key":"Kunai"}],"event_choices":[{"damage_healed":0,"gold_gain":0,"player_choice":"Donut","damage_taken":0,"max_hp_gain":5,"max_hp_loss":0,"event_name":"Big Fish","floor":2,"gold_loss":0},{"cards_removed":["Strike_B"],"damage_healed":0,"gold_gain":0,"player_choice":"Card Removal","damage_taken":0,"max_hp_gain":0,"max_hp_loss":0,"event_name":"The Cleric","floor":4,"gold_loss":50},{"damage_healed":0,"gold_gain":0,"player_choice":"Fought Mushrooms","damage_taken":0,"max_hp_gain":0,"max_hp_loss":0,"event_name":"Mushrooms","floor":8,"gold_loss":0},{"damage_healed":0,"gold_gain":0,"player_choice":"Ignored","damage_taken":0,"max_hp_gain":0,"max_hp_loss":0,"event_name":"Golden Wing","floor":11,"gold_loss":0},{"damage_healed":0,"gold_gain":0,"player_choice":"Read","damage_taken":0,"max_hp_gain":0,"max_hp_loss":0,"event_name":"The Library","floor":20,"gold_loss":0,"cards_obtained":["Leap"]},{"cards_removed":["Strike_B"],"damage_healed":0,"gold_gain":0,"player_choice":"Elegance","damage_taken":0,"max_hp_gain":0,"max_hp_loss":0,"event_name":"Back to Basics","floor":24,"gold_loss":0},{"damage_healed":0,"gold_gain":0,"player_choice":"Fight","damage_taken":0,"max_hp_gain":0,"max_hp_loss":0,"event_name":"Colosseum","floor":31,"gold_loss":0},{"damage_healed":0,"gold_gain":0,"player_choice":"Fled From Nobs","damage_taken":0,"max_hp_gain":0,"max_hp_loss":0,"event_name":"Colosseum","floor":31,"gold_loss":0}],"is_beta":false,"boss_relics":[{"not_picked":["Empty Cage","Eternal Feather"],"picked":"Snecko Eye"},{"not_picked":["FrozenCore","Coffee Dripper"],"picked":"Orrery"}],"items_purged_floors":[19,30],"is_endless":false,"potions_floor_spawned":[1,8,14,16,18,21,29,31,36,37],"killed_by":"4 Shapes","ascension_level":0}