{"gold_per_floor":[125,62,76,94,94,120,133,133,133,144,158,158,192,92,92,196,196,212,212,225,225,1,28,43,43,43,72,21,37,37,49,49,150,150,170,190,190,190,210,223,239,274,324,354,354,354,354,354,354,354,354,354,49,78,78],"floor_reached":56,"playtime":4231,"items_purged":["Normality","Shame","Injury"],"score":1507,"play_id":"3a84dd36-c3a0-4878-898a-7d937ccf549e","local_time":"20190306021707","is_ascension_mode":false,"campfire_choices":[{"data":"Streamline","floor":8.0,"key":"SMITH"},{"data":"Sweeping Beam","floor":12.0,"key":"SMITH"},{"data":"Stack","floor":15.0,"key":"SMITH"},{"data":"Hologram","floor":25.0,"key":"SMITH"},{"data":"Coolheaded","floor":32.0,"key":"SMITH"},{"data":"Turbo","floor":45.0,"key":"SMITH"},{"data":"Hologram","floor":47.0,"key":"SMITH"},{"floor":49.0,"key":"RECALL"},{"data":"Hologram","floor":52.0,"key":"SMITH"}],"neow_cost":"NONE","seed_source_timestamp":0,"circlet_count":0,"master_deck":["Defend_B","Defend_B","Defend_B","Defend_B","Zap+1","Dualcast","Gash","Rebound","Leap","Streamline+1","Compile Driver","Sweeping Beam+1","Stack+1","Rebound","Turbo+1","Hologram+1","Go for the Eyes","Bite","Bite","Bite","Bite","Bite","Hologram+1","Gash","Compile Driver","Go for the Eyes","Hologram+1","Gash","Coolheaded+1","Stack","Sweeping Beam+1","Coolheaded+1","Hologram","Go for the Eyes+1","Sweeping Beam+1","Go for the Eyes+1","Turbo+1","Steam+1","Gash+1","Stack+1","Go for the Eyes","Gash"],"special_seed":0,"relics":["Calling Bell","MawBank","Ornamental Fan","Prayer Wheel","Boot","Singing Bowl","FossilizedHelix","Coffee Dripper","Kunai","Unceasing Top","Nuclear Battery","Ice Cream","PreservedInsect","Bird Faced Urn","Dodecahedron","Sundial"],"potions_floor_usage":[54],"damage_taken":[{"damage":8.0,"enemies":"Small Slimes","floor":1.0,"turns":3.0},{"damage":5.0,"enemies":"Cultist","floor":3.0,"turns":5.0},{"damage":0.0,"enemies":"2 Louse","floor":4.0,"turns":3.0},{"damage":22.0,"enemies":"3 Sentries","floor":6.0,"turns":7.0},{"damage":6.0,"enemies":"Exordium Wildlife","floor":7.0,"turns":3.0},{"damage":1.0,"enemies":"Looter","floor":10.0,"turns":3.0},{"damage":7.0,"enemies":"3 Louse","floor":11.0,"turns":4.0},{"damage":16.0,"enemies":"Gremlin Nob","floor":13.0,"turns":4.0},{"damage":0.0,"enemies":"Slime Boss","floor":16.0,"turns":8.0},{"damage":0.0,"enemies":"3 Byrds","floor":18.0,"turns":5.0},{"damage":0.0,"enemies":"Chosen","floor":20.0,"turns":4.0},{"damage":20.0,"enemies":"Gremlin Leader","floor":23.0,"turns":10.0},{"damage":0.0,"enemies":"3 Cultists","floor":24.0,"turns":5.0},{"damage":8.0,"enemies":"Book of Stabbing","floor":27.0,"turns":8.0},{"damage":0.0,"enemies":"Centurion and Healer","floor":29.0,"turns":7.0},{"damage":0.0,"enemies":"Snecko","floor":31.0,"turns":4.0},{"damage":7.0,"enemies":"Automaton","floor":33.0,"turns":10.0},{"damage":0.0,"enemies":"Orb Walker","floor":35.0,"turns":3.0},{"damage":0.0,"enemies":"3 Darklings","floor":36.0,"turns":3.0},{"damage":0.0,"enemies":"Writhing Mass","floor":39.0,"turns":6.0},{"damage":0.0,"enemies":"Spire Growth","floor":40.0,"turns":3.0},{"damage":0.0,"enemies":"Sphere and 2 Shapes","floor":41.0,"turns":2.0},{"damage":0.0,"enemies":"Giant Head","floor":42.0,"turns":7.0},{"damage":0.0,"enemies":"Reptomancer","floor":44.0,"turns":5.0},{"damage":13.0,"enemies":"Donu and Deca","floor":50.0,"turns":11.0},{"damage":0,"enemies":"Shield and Spear","floor":54,"turns":3},{"damage":15,"enemies":"The Heart","floor":55,"turns":12}],"seed_played":"-1648370787568692805","potions_obtained":[{"floor":6.0,"key":"FearPotion"},{"floor":7.0,"key":"FearPotion"},{"floor":10.0,"key":"FearPotion"},{"floor":13.0,"key":"Ancient Potion"},{"floor":23.0,"key":"Weak Potion"},{"floor":31.0,"key":"AttackPotion"},{"floor":33.0,"key":"PowerPotion"},{"floor":42.0,"key":"SteroidPotion"}],"is_trial":false,"path_per_floor":["M","$","M","M","?","E","M","R","T","M","M","R","E","$","R","B",null,"M","?","M","?","$","E","M","R","T","E","$","M","?","M","R","B",null,"M","M","?","?","M","M","M","E","T","E","R","?","R","?","R","B",null,"R","$","E","B",null],"character_chosen":"DEFECT","items_purchased":["Compile Driver","Go for the Eyes","Gash","Gash","Dodecahedron"],"campfire_rested":0,"item_purchase_floors":[22,22,28,53,53],"current_hp_per_floor":[67,67,62,62,62,40,34,34,34,35,32,32,16,16,16,18,83,83,58,60,60,60,48,60,60,60,58,58,66,66,66,66,67,68,68,68,68,65,65,65,67,69,69,71,71,71,71,71,71,60,71,71,71,73,73],"gold":78,"neow_bonus":"BOSS_RELIC","is_prod":false,"is_daily":false,"chose_seed":false,"campfire_upgraded":8,"win_rate":0,"timestamp":1551856627,"path_taken":["M","$","M","M","?","E","?","R","T","M","M","R","E","$","R","BOSS","M","?","M","?","$","E","M","R","T","E","?","M","?","M","R","BOSS","M","M","?","?","M","M","M","E","T","E","R","?","R","?","R","BOSS","R","$","E","BOSS"],"build_version":"2019-01-23","purchased_purges":3,"victory":true,"max_hp_per_floor":[75,75,75,75,75,75,75,75,75,77,81,81,81,81,81,83,83,83,58,60,60,60,60,64,64,64,66,66,66,66,66,66,68,68,68,68,68,65,65,65,67,69,69,71,71,71,71,71,71,71,71,71,71,73,73],"card_choices":[{"not_picked":["Melter","Turbo"],"picked":"Gash","floor":1.0},{"not_picked":["Stack","Force Field"],"picked":"Rebound","floor":1.0},{"not_picked":["Melter","Tempest"],"picked":"Leap","floor":3.0},{"not_picked":["Stack","Rebound"],"picked":"Streamline","floor":3.0},{"not_picked":["Fission","Sweeping Beam"],"picked":"Compile Driver","floor":4.0},{"not_picked":["Loop","Streamline"],"picked":"Sweeping Beam","floor":4.0},{"not_picked":["Double Energy","Biased Cognition"],"picked":"Stack","floor":6.0},{"not_picked":["Self Repair","Lockon"],"picked":"Rebound","floor":7.0},{"not_picked":["Compile Driver","Barrage"],"picked":"Turbo","floor":7.0},{"not_picked":["Loop","Undo","Heatsinks"],"picked":"Singing Bowl","floor":10.0},{"not_picked":["Doom and Gloom","Tempest"],"picked":"Conserve Battery","floor":10.0},{"not_picked":["Rip and Tear","Skim","Sweeping Beam"],"picked":"Singing Bowl","floor":11.0},{"not_picked":["Rebound","Heatsinks","Redo"],"picked":"Singing Bowl","floor":11.0},{"not_picked":["Core Surge","Rebound"],"picked":"Cold Snap","floor":13.0},{"not_picked":["Electrodynamics","Core Surge","Machine Learning"],"picked":"Singing Bowl","floor":16.0},{"not_picked":["Beam Cell","Steam"],"picked":"Hologram","floor":18.0},{"not_picked":["Sunder","Skim"],"picked":"Go for the Eyes","floor":18.0},{"not_picked":["Blizzard","FTL","Defragment+1"],"picked":"Singing Bowl","floor":20.0},{"not_picked":["Chill","Streamline+1"],"picked":"Hologram","floor":20.0},{"not_picked":["Skim","Barrage"],"picked":"Hologram","floor":23.0},{"not_picked":["Streamline","Leap","Steam"],"picked":"Singing Bowl","floor":24.0},{"not_picked":["White Noise+1","Buffer","Go for the Eyes"],"picked":"Singing Bowl","floor":24.0},{"not_picked":["Leap+1","Rebound","Defragment+1"],"picked":"Singing Bowl","floor":27.0},{"not_picked":["Rebound","Blizzard"],"picked":"Coolheaded+1","floor":29.0},{"not_picked":["Sweeping Beam","Thunder Strike"],"picked":"Stack","floor":29.0},{"not_picked":["Chaos","Rebound"],"picked":"Sweeping Beam+1","floor":31.0},{"not_picked":["BootSequence","Go for the Eyes"],"picked":"Coolheaded","floor":31.0},{"not_picked":["Creative AI","All For One","Buffer"],"picked":"Singing Bowl","floor":33.0},{"not_picked":["Barrage+1","Genetic Algorithm+1"],"picked":"Hologram","floor":35.0},{"not_picked":["Redo","Double Energy+1"],"picked":"Go for the Eyes+1","floor":35.0},{"not_picked":["Static Discharge","White Noise"],"picked":"Sweeping Beam+1","floor":36.0},{"not_picked":["Chaos","Conserve Battery+1"],"picked":"Go for the Eyes+1","floor":36.0},{"not_picked":["Conserve Battery+1","Stack"],"picked":"Turbo+1","floor":39.0},{"not_picked":["Streamline+1","Leap"],"picked":"Steam+1","floor":39.0},{"not_picked":["Cold Snap","Turbo"],"picked":"Gash+1","floor":40.0},{"not_picked":["Sweeping Beam+1","Chaos+1"],"picked":"Stack+1","floor":40.0},{"not_picked":["Force Field","Chaos","Rebound+1"],"picked":"Singing Bowl","floor":41.0},{"not_picked":["Consume+1","Leap+1"],"picked":"Go for the Eyes","floor":41.0},{"not_picked":["Reboot","White Noise+1","Steam"],"picked":"Singing Bowl","floor":42.0},{"not_picked":["Capacitor+1","Chill+1","Coolheaded"],"picked":"Singing Bowl","floor":44.0},{"not_picked":["Redo","Genetic Algorithm+1","Rebound+1"],"picked":"Singing Bowl","floor":54}],"player_experience":693382,"relics_obtained":[{"floor":0.0,"key":"MawBank"},{"floor":0.0,"key":"Ornamental Fan"},{"floor":0.0,"key":"Prayer Wheel"},{"floor":6.0,"key":"Boot"},{"floor":9.0,"key":"Singing Bowl"},{"floor":13.0,"key":"FossilizedHelix"},{"floor":23.0,"key":"Kunai"},{"floor":27.0,"key":"Unceasing Top"},{"floor":42.0,"key":"Ice Cream"},{"floor":43.0,"key":"PreservedInsect"},{"floor":44.0,"key":"Bird Faced Urn"},{"floor":54,"key":"Sundial"}],"event_choices":[{"damage_healed":0.0,"max_hp_gain":0.0,"max_hp_loss":0.0,"gold_gain":0.0,"event_name":"Upgrade Shrine","player_choice":"Upgraded","floor":5.0,"gold_loss":0.0,"damage_taken":0.0,"cards_upgraded":["Zap"]},{"damage_healed":0.0,"max_hp_gain":0.0,"max_hp_loss":25.0,"gold_gain":0.0,"event_name":"Vampires","player_choice":"Became a vampire","floor":19.0,"gold_loss":0.0,"damage_taken":0.0,"cards_obtained":["Bite","Bite","Bite","Bite","Bite"]},{"damage_healed":0.0,"max_hp_gain":0.0,"max_hp_loss":0.0,"gold_gain":0.0,"event_name":"The Library","player_choice":"Read","floor":21.0,"gold_loss":0.0,"damage_taken":0.0,"cards_obtained":["Gash"]},{"cards_removed":["Cold Snap"],"damage_healed":0.0,"max_hp_gain":0.0,"max_hp_loss":0.0,"gold_gain":0.0,"event_name":"Back to Basics","player_choice":"Elegance","floor":30.0,"gold_loss":0.0,"damage_taken":0.0},{"damage_healed":0.0,"max_hp_gain":0.0,"max_hp_loss":0.0,"gold_gain":0.0,"event_name":"Tomb of Lord Red Mask","player_choice":"Ignored","floor":37.0,"gold_loss":0.0,"damage_taken":0.0},{"damage_healed":0.0,"max_hp_gain":0.0,"max_hp_loss":3.0,"gold_gain":0.0,"event_name":"Winding Halls","player_choice":"Max HP","floor":38.0,"gold_loss":0.0,"damage_taken":0.0},{"cards_removed":["Conserve Battery"],"damage_healed":0.0,"max_hp_gain":0.0,"max_hp_loss":0.0,"gold_gain":0.0,"event_name":"Falling","player_choice":"Removed Skill","floor":46.0,"gold_loss":0.0,"damage_taken":0.0},{"damage_healed":0.0,"max_hp_gain":0.0,"max_hp_loss":0.0,"gold_gain":0.0,"event_name":"Lab","player_choice":"Got Potions","floor":48.0,"gold_loss":0.0,"damage_taken":0.0}],"is_beta":false,"boss_relics":[{"not_picked":["Pandora\u0027s Box","Astrolabe"],"picked":"Coffee Dripper"},{"not_picked":["Empty Cage","Runic Dome"],"picked":"Nuclear Battery"}],"items_purged_floors":[2,14,22],"is_endless":false,"potions_floor_spawned":[6,7,10,11,13,23,24,31,33,36,40,42],"ascension_level":0}