{"gold_per_floor":[109,34,51,51,51,83,95,95,145,145,145,159,159,159,159,254,254,265,62,81,101,101,131,149,69,96,96,127,127,127,127],"floor_reached":31,"playtime":1938,"items_purged":["Strike_B"],"score":312,"play_id":"3a4cb2c2-00f5-47d8-85c9-5820619a80b1","local_time":"20180927000728","is_ascension_mode":true,"campfire_choices":[{"data":"Glacier","floor":8,"key":"SMITH"},{"data":"Conserve Battery","floor":11,"key":"SMITH"},{"data":"Loop","floor":13,"key":"SMITH"},{"data":"Rainbow","floor":15,"key":"SMITH"},{"floor":27,"key":"REST"}],"neow_cost":"NONE","seed_source_timestamp":287786097763693,"circlet_count":0,"master_deck":["Strike_B+1","Strike_B+1","Defend_B+1","Defend_B+1","Defend_B+1","Defend_B+1","Zap+1","Dualcast","Thunder Strike","Conserve Battery+1","Glacier+1","Rainbow+1","Cold Snap","Loop+1","Echo Form","Ball Lightning","FTL","Coolheaded+1","Barrage+1","Conserve Battery","Hello World+1","Rainbow","Static Discharge+1"],"relics":["Cracked Core","Dream Catcher","Lantern","Pen Nib","Question Card","Busted Crown","Runic Capacitor","Frozen Egg 2","Boot","Molten Egg 2"],"potions_floor_usage":[23,23],"damage_taken":[{"damage":8,"enemies":"Jaw Worm","floor":1,"turns":4},{"damage":0,"enemies":"Small Slimes","floor":3,"turns":2},{"damage":15,"enemies":"Lagavulin","floor":6,"turns":8},{"damage":0,"enemies":"2 Louse","floor":7,"turns":2},{"damage":0,"enemies":"Red Slaver","floor":12,"turns":2},{"damage":7,"enemies":"Hexaghost","floor":16,"turns":13},{"damage":6,"enemies":"Spheric Guardian","floor":18,"turns":5},{"damage":18,"enemies":"3 Byrds","floor":20,"turns":4},{"damage":7,"enemies":"Cultist and Chosen","floor":21,"turns":6},{"damage":24,"enemies":"Book of Stabbing","floor":23,"turns":4},{"damage":15,"enemies":"Centurion and Healer","floor":24,"turns":7},{"damage":18,"enemies":"Slavers","floor":28,"turns":7},{"damage":9,"enemies":"3 Cultists","floor":31,"turns":3}],"seed_played":"3973800669967971684","potions_obtained":[{"floor":6,"key":"Dexterity Potion"},{"floor":12,"key":"GamblersBrew"},{"floor":18,"key":"SkillPotion"},{"floor":21,"key":"Swift Potion"},{"floor":24,"key":"PowerPotion"},{"floor":28,"key":"FearPotion"}],"is_trial":false,"path_per_floor":["M","$","M","?","?","E","M","R","T","T","R","M","R","?","R","B",null,"M","$","M","M","?","E","M","$","T","R","E","?","?"],"character_chosen":"DEFECT","items_purchased":["Runic Capacitor","Hello World+1"],"campfire_rested":1,"item_purchase_floors":[19,25],"current_hp_per_floor":[67,67,67,55,55,40,40,40,40,40,40,40,40,40,40,33,75,69,69,51,44,44,20,5,5,5,27,9,9,9,0],"gold":127,"neow_bonus":"ONE_RANDOM_RARE_CARD","is_prod":false,"is_daily":false,"chose_seed":false,"campfire_upgraded":4,"win_rate":0,"timestamp":1538032048,"path_taken":["M","$","M","?","?","E","M","R","T","?","R","M","R","?","R","BOSS","M","$","M","M","?","E","M","$","T","R","E","?","?","M"],"build_version":"2018-09-20","purchased_purges":1,"victory":false,"max_hp_per_floor":[75,75,75,75,75,75,75,75,75,75,75,75,75,75,75,75,75,75,75,75,75,75,75,75,75,75,75,75,75,75,75],"card_choices":[{"not_picked":["Streamline","Turbo"],"picked":"Conserve Battery","floor":1},{"not_picked":["Reinforced Body","Beam Cell"],"picked":"Glacier","floor":3},{"not_picked":["Steam","Melter"],"picked":"Rainbow","floor":6},{"not_picked":["Barrage","Compile Driver"],"picked":"Cold Snap","floor":7},{"not_picked":["Rebound","Doom and Gloom","BootSequence"],"picked":"Loop","floor":12},{"not_picked":["Electrodynamics","Buffer","Machine Learning"],"picked":"Echo Form","floor":16},{"not_picked":["Beam Cell+1"],"picked":"Ball Lightning","floor":18},{"not_picked":["Self Repair"],"picked":"FTL","floor":20},{"not_picked":["Rip and Tear"],"picked":"Coolheaded+1","floor":21},{"not_picked":["Turbo"],"picked":"Barrage+1","floor":23},{"not_picked":["Beam Cell"],"picked":"Conserve Battery","floor":24},{"not_picked":["Streamline"],"picked":"Rainbow","floor":27},{"not_picked":["Doom and Gloom+1"],"picked":"Static Discharge+1","floor":28}],"player_experience":168296,"relics_obtained":[{"floor":6,"key":"Lantern"},{"floor":9,"key":"Pen Nib"},{"floor":10,"key":"Question Card"},{"floor":23,"key":"Frozen Egg 2"},{"floor":26,"key":"Boot"},{"floor":28,"key":"Molten Egg 2"}],"event_choices":[{"event_name":"Scrap Ooze","player_choice":"success","floor":4,"damage_taken":12},{"event_name":"Upgrade Shrine","player_choice":"Upgraded","floor":5,"damage_taken":0},{"event_name":"Living Wall","player_choice":"Forget","floor":14,"damage_taken":0},{"event_name":"Vampires","player_choice":"Ignored","floor":22,"damage_taken":0},{"event_name":"Back to Basics","player_choice":"Simplicity","floor":29,"damage_taken":0},{"event_name":"Ghosts","player_choice":"Ignored","floor":30,"damage_taken":0}],"is_beta":false,"boss_relics":[{"not_picked":["Snecko Eye","Empty Cage"],"picked":"Busted Crown"}],"items_purged_floors":[2],"is_endless":false,"potions_floor_spawned":[6,12,18,21,24,28],"killed_by":"3 Cultists","ascension_level":3}