{"gold_per_floor":[114,126,2,22,37,71,146,159,182,195,25,36,49,64,64,167,167,187,28,28,127,139,139],"floor_reached":23,"playtime":2262,"items_purged":["Strike_B","Strike_B","Strike_B"],"score":266,"play_id":"bb48352d-d01f-4bfd-b37b-ff55f64779ed","local_time":"20181116175443","is_ascension_mode":true,"campfire_choices":[{"floor":15,"key":"REST"}],"neow_cost":"NONE","seed_source_timestamp":18905748432721,"circlet_count":0,"master_deck":["Strike_B","Defend_B","Defend_B","Defend_B","Zap","Dualcast","Coolheaded","Go for the Eyes","Ball Lightning","Conserve Battery","Glacier","Recycle","Multi-Cast","Compile Driver","Self Repair","Cold Snap","Defragment","Reinforced Body","Fission","Double Energy","Self Repair","Chaos+1"],"relics":["FrozenCore","Pen Nib","Oddly Smooth Stone"],"potions_floor_usage":[6,13,16,16,16],"damage_taken":[{"damage":3,"enemies":"2 Louse","floor":1,"turns":3},{"damage":1,"enemies":"Cultist","floor":2,"turns":3},{"damage":0,"enemies":"Jaw Worm","floor":4,"turns":3},{"damage":1,"enemies":"Blue Slaver","floor":5,"turns":3},{"damage":34,"enemies":"Gremlin Nob","floor":6,"turns":6},{"damage":0,"enemies":"Large Slime","floor":8,"turns":6},{"damage":4,"enemies":"Looter","floor":10,"turns":3},{"damage":1,"enemies":"Blue Slaver","floor":12,"turns":4},{"damage":17,"enemies":"Gremlin Gang","floor":13,"turns":7},{"damage":9,"enemies":"2 Fungi Beasts","floor":14,"turns":4},{"damage":14,"enemies":"Slime Boss","floor":16,"turns":10},{"damage":11,"enemies":"3 Byrds","floor":18,"turns":10},{"damage":9,"enemies":"Shell Parasite","floor":22,"turns":9},{"damage":81,"enemies":"Gremlin Leader","floor":23,"turns":7}],"seed_played":"-3224604396199648971","potions_obtained":[{"floor":4,"key":"Dexterity Potion"},{"floor":6,"key":"Dexterity Potion"},{"floor":8,"key":"Strength Potion"},{"floor":10,"key":"Fire Potion"},{"floor":12,"key":"SkillPotion"},{"floor":14,"key":"LiquidBronze"}],"is_trial":false,"path_per_floor":["M","M","$","M","M","E","?","M","T","M","$","M","M","M","R","B",null,"M","$","?","?","M","E"],"character_chosen":"DEFECT","items_purchased":["Conserve Battery","Self Repair","Self Repair"],"campfire_rested":1,"item_purchase_floors":[3,11,19],"current_hp_per_floor":[65,64,64,64,63,29,22,22,22,18,18,24,14,12,34,27,63,59,59,59,59,64,0],"gold":139,"neow_bonus":"THREE_CARDS","is_prod":false,"is_daily":false,"chose_seed":false,"campfire_upgraded":0,"win_rate":0,"timestamp":1542387283,"path_taken":["M","M","$","M","M","E","?","M","T","M","?","M","M","M","R","BOSS","M","$","?","?","M","E"],"build_version":"2018-11-15","purchased_purges":3,"victory":false,"max_hp_per_floor":[75,75,75,75,75,75,75,75,75,75,75,75,75,75,75,75,75,75,75,75,75,75,75],"card_choices":[{"not_picked":["Stack","Streamline"],"picked":"Coolheaded","floor":0},{"not_picked":["Redo","Aggregate"],"picked":"Go for the Eyes","floor":1},{"not_picked":["Reprogram","Fusion"],"picked":"Ball Lightning","floor":2},{"not_picked":["Heatsinks","Streamline","Rebound"],"picked":"SKIP","floor":4},{"not_picked":["Rip and Tear","Reinforced Body"],"picked":"Glacier","floor":5},{"not_picked":["Sweeping Beam","Doom and Gloom"],"picked":"Recycle","floor":6},{"not_picked":["Rebound","Auto Shields"],"picked":"Multi-Cast","floor":8},{"not_picked":["Rebound","Melter"],"picked":"Compile Driver","floor":10},{"not_picked":["Go for the Eyes","Barrage"],"picked":"Cold Snap","floor":12},{"not_picked":["Conserve Battery","Streamline"],"picked":"Defragment","floor":13},{"not_picked":["Sweeping Beam","Genetic Algorithm"],"picked":"Reinforced Body","floor":14},{"not_picked":["Amplify","Hyperbeam"],"picked":"Fission","floor":16},{"not_picked":["Stack","Beam Cell+1"],"picked":"Double Energy","floor":18},{"not_picked":["Redo","Fusion"],"picked":"Chaos+1","floor":22}],"player_experience":407280,"relics_obtained":[{"floor":6,"key":"Pen Nib"},{"floor":9,"key":"Oddly Smooth Stone"}],"event_choices":[{"damage_healed":0,"gold_gain":75,"player_choice":"Touch","damage_taken":7,"max_hp_gain":0,"max_hp_loss":0,"event_name":"FaceTrader","floor":7,"gold_loss":0},{"cards_removed":["Defend_B"],"damage_healed":0,"gold_gain":0,"player_choice":"Elegance","damage_taken":0,"max_hp_gain":0,"max_hp_loss":0,"event_name":"Back to Basics","floor":20,"gold_loss":0},{"damage_healed":0,"gold_gain":99,"player_choice":"Stole From Cult","damage_taken":0,"max_hp_gain":0,"max_hp_loss":0,"event_name":"Nest","floor":21,"gold_loss":0}],"is_beta":true,"boss_relics":[{"not_picked":["Sozu","Empty Cage"],"picked":"FrozenCore"}],"items_purged_floors":[3,11,19],"is_endless":false,"potions_floor_spawned":[4,6,8,10,12,14],"killed_by":"Gremlin Leader","ascension_level":7}