{"gold_per_floor":[20,37,37,37,37,37,54,82,82,82,100,100,100],"floor_reached":13,"playtime":792,"items_purged":[],"score":83,"play_id":"375c9c37-cc3d-4d33-ac7b-b02da98e42fa","local_time":"20190104184203","is_ascension_mode":false,"campfire_choices":[{"data":"Envenom","floor":6.0,"key":"SMITH"},{"floor":12,"key":"REST"}],"neow_cost":"NO_GOLD","seed_source_timestamp":891452259264887,"circlet_count":0,"master_deck":["Defend_G","Defend_G","Defend_G","Defend_G","Defend_G","Strike_G","Strike_G","Strike_G","Strike_G","Strike_G","Survivor","Neutralize","Envenom+1","PiercingWail","After Image","Parasite"],"special_seed":0,"relics":["Ring of the Snake","The Courier","Kunai","Singing Bowl"],"potions_floor_usage":[],"damage_taken":[{"damage":0.0,"enemies":"Jaw Worm","floor":1.0,"turns":7.0},{"damage":2.0,"enemies":"Cultist","floor":2.0,"turns":5.0},{"damage":0.0,"enemies":"Small Slimes","floor":7.0,"turns":4.0},{"damage":48.0,"enemies":"Lagavulin","floor":8.0,"turns":12.0},{"damage":8,"enemies":"3 Louse","floor":11,"turns":6},{"damage":3,"enemies":"Exordium Wildlife","floor":13,"turns":9}],"seed_played":"2294728311469749350","potions_obtained":[{"floor":2.0,"key":"FearPotion"},{"floor":7.0,"key":"LiquidBronze"}],"is_trial":false,"path_per_floor":["M","M","?","$","?","R","M","E","T","?","M","R","M"],"character_chosen":"THE_SILENT","items_purchased":[],"campfire_rested":1,"item_purchase_floors":[],"current_hp_per_floor":[70,68,70,70,67,67,67,19,19,36,30,51,48],"gold":100,"neow_bonus":"THREE_RARE_CARDS","is_prod":false,"is_daily":false,"chose_seed":false,"campfire_upgraded":1,"win_rate":0,"timestamp":1546645323,"path_taken":["M","M","?","?","?","R","M","E","T","?","M","R","?"],"build_version":"2019-01-03v4","purchased_purges":0,"victory":false,"max_hp_per_floor":[70,70,70,70,70,70,70,70,70,70,72,72,72],"card_choices":[{"not_picked":["Venomology","Night Terror"],"picked":"Envenom","floor":0.0},{"not_picked":["Finisher","Slice"],"picked":"PiercingWail","floor":1.0},{"not_picked":["Flying Knee","Prepared","Tactician"],"picked":"SKIP","floor":2.0},{"not_picked":["Flying Knee","Prepared","Tactician"],"picked":"SKIP","floor":2.0},{"not_picked":["Accuracy","All Out Attack","Acrobatics"],"picked":"SKIP","floor":7.0},{"not_picked":["Prepared","Calculated Gamble"],"picked":"After Image","floor":8.0},{"not_picked":["Flying Knee","Dodge and Roll","Dagger Spray"],"picked":"Singing Bowl","floor":11}],"player_experience":431060,"relics_obtained":[{"floor":8.0,"key":"Kunai"},{"floor":9.0,"key":"Singing Bowl"}],"event_choices":[{"damage_healed":2.0,"max_hp_gain":0.0,"max_hp_loss":0.0,"gold_gain":0.0,"event_name":"Wheel of Change","player_choice":"Full Heal","floor":3.0,"gold_loss":0.0,"damage_taken":0.0},{"damage_healed":0.0,"max_hp_gain":0.0,"max_hp_loss":0.0,"gold_gain":0.0,"event_name":"Scrap Ooze","player_choice":"Success","floor":5.0,"gold_loss":0.0,"damage_taken":3.0,"relics_obtained":["The Courier"]},{"damage_healed":17.0,"max_hp_gain":0.0,"max_hp_loss":0.0,"gold_gain":0.0,"event_name":"Mushrooms","player_choice":"Healed and dodged fight","floor":10.0,"gold_loss":0.0,"damage_taken":0.0,"cards_obtained":["Parasite"]}],"is_beta":false,"boss_relics":[],"items_purged_floors":[],"is_endless":false,"potions_floor_spawned":[2,7],"killed_by":"Exordium Wildlife","ascension_level":0}