{"path_per_floor":["M","M","$","M","?","E","R","M","T","?","$","R","M","E","R","B",null,"M","?","T","$","M","R","?","R","T","$","M","T","M","M","R"],"character_chosen":"THE_SILENT","items_purchased":["Dagger Spray+1","Blade Dance","Endless Agony+1","Dagger Spray+1","Cloak And Dagger"],"gold_per_floor":[118,133,58,70,70,104,104,121,121,121,76,76,92,117,117,221,251,263,263,263,96,116,116,116,116,116,68,87,87,99,119,119,119],"floor_reached":33,"campfire_rested":3,"playtime":1457,"item_purchase_floors":[11,21,21,21,27],"current_hp_per_floor":[70,70,70,70,70,67,67,66,66,66,66,66,62,54,70,42,75,75,61,61,61,61,80,80,80,80,80,80,80,79,56,80,0],"items_purged":["Defend_G"],"gold":119,"score":255,"play_id":"0f7efdf1-7824-4000-993d-dbea334da604","local_time":"20180604212729","is_prod":false,"is_daily":false,"chose_seed":false,"is_ascension_mode":false,"campfire_upgraded":3,"win_rate":0,"timestamp":1528111649,"campfire_choices":[{"data":"Backstab","floor":7,"key":"SMITH"},{"data":"Quick Slash","floor":12,"key":"SMITH"},{"floor":15,"key":"REST"},{"floor":23,"key":"REST"},{"data":"Night Terror","floor":25,"key":"SMITH"},{"floor":32,"key":"REST"}],"path_taken":["M","M","$","?","?","E","R","?","T","?","?","R","?","E","R","BOSS","M","?","?","$","M","R","?","R","T","$","M","?","M","?","R","BOSS"],"build_version":"2018-05-30v2","seed_source_timestamp":97147868172578,"purchased_purges":1,"victory":false,"master_deck":["Defend_G+1","Defend_G+1","Strike_G+1","Strike_G+1","Strike_G+1","Strike_G+1","Survivor","Neutralize","Backstab+1","Slice+1","All Out Attack+1","Quick Slash+1","Backstab+1","Backflip","Dagger Spray+1","Flying Knee+1","Deadly Poison","Infinite Blades","Night Terror+1","Slice+1","Blade Dance","Endless Agony+1","Dagger Spray+1","Flying Knee+1","Cloak And Dagger","Accuracy","Storm of Steel","Cloak And Dagger","Backstab+1"],"max_hp_per_floor":[70,70,70,70,70,70,70,70,70,70,70,70,70,70,70,70,75,75,80,80,80,80,80,80,80,80,80,80,80,80,80,80,80],"relics":["Astrolabe","Dream Catcher","Molten Egg 2","Ornamental Fan","Tiny House","Bronze Scales","Anchor","Blue Candle"],"card_choices":[{"not_picked":["Outmaneuver","Underhanded Strike"],"picked":"Quick Slash","floor":1},{"not_picked":["Cloak And Dagger","Backflip"],"picked":"Backstab","floor":2},{"not_picked":["Riddle With Holes","Footwork"],"picked":"Backflip","floor":4},{"not_picked":["Calculated Gamble","Escape Plan","Night Terror"],"picked":"SKIP","floor":6},{"not_picked":["PiercingWail","Deflect","Expertise"],"picked":"SKIP","floor":8},{"not_picked":["Outmaneuver","Footwork"],"picked":"Flying Knee+1","floor":13},{"not_picked":["Dagger Spray+1","Flechettes+1"],"picked":"Deadly Poison","floor":14},{"not_picked":["Sucker Punch+1","Catalyst"],"picked":"Infinite Blades","floor":15},{"not_picked":["Corpse Explosion+1","After Image"],"picked":"Night Terror","floor":16},{"not_picked":["Dagger Throw+1","Footwork"],"picked":"Slice+1","floor":18},{"not_picked":["Backflip+1","Underhanded Strike+1"],"picked":"Flying Knee+1","floor":22},{"not_picked":["PiercingWail","Underhanded Strike+1"],"picked":"Accuracy","floor":28},{"not_picked":["Bane+1","All Out Attack+1"],"picked":"Storm of Steel","floor":30},{"not_picked":["All Out Attack+1","Slice+1"],"picked":"Cloak And Dagger","floor":31},{"not_picked":["Flying Knee+1","Prepared"],"picked":"Backstab+1","floor":32}],"player_experience":365568,"potions_floor_usage":[6,6,13,16,16,18,18,28,30,33],"damage_taken":[{"damage":0,"enemies":"Cultist","floor":1,"turns":2},{"damage":0,"enemies":"2 Louse","floor":2,"turns":2},{"damage":0,"enemies":"Small Slimes","floor":4,"turns":1},{"damage":3,"enemies":"3 Sentries","floor":6,"turns":3},{"damage":1,"enemies":"2 Fungi Beasts","floor":8,"turns":2},{"damage":4,"enemies":"Exordium Wildlife","floor":13,"turns":2},{"damage":8,"enemies":"Gremlin Nob","floor":14,"turns":3},{"damage":28,"enemies":"Hexaghost","floor":16,"turns":8},{"damage":0,"enemies":"Shell Parasite","floor":18,"turns":3},{"damage":0,"enemies":"Chosen","floor":22,"turns":3},{"damage":0,"enemies":"3 Cultists","floor":28,"turns":3},{"damage":1,"enemies":"Chosen and Byrds","floor":30,"turns":3},{"damage":23,"enemies":"Snake Plant","floor":31,"turns":3},{"damage":94,"enemies":"Collector","floor":33,"turns":9}],"relics_obtained":[{"floor":6,"key":"Dream Catcher"},{"floor":9,"key":"Molten Egg 2"},{"floor":14,"key":"Ornamental Fan"},{"floor":20,"key":"Bronze Scales"},{"floor":26,"key":"Anchor"},{"floor":29,"key":"Blue Candle"}],"event_choices":[{"event_name":"The Lab","player_choice":"Got Potions","floor":5,"damage_taken":0},{"event_name":"Liars Game","player_choice":"disagreed","floor":10,"damage_taken":0},{"event_name":"Forgotten Altar","player_choice":"Shed Blood","floor":19,"damage_taken":0},{"event_name":"Back to Basics","player_choice":"Simplicity","floor":24,"damage_taken":0}],"boss_relics":[{"not_picked":["Black Star","Calling Bell"],"picked":"Tiny House"}],"items_purged_floors":[3],"potions_floor_spawned":[2,8,14,16,22,28,31],"seed_played":"-1607649197360299518","killed_by":"Collector","ascension_level":0,"potions_obtained":[{"floor":2,"key":"AttackPotion"},{"floor":5,"key":"Explosive Potion"},{"floor":5,"key":"GhostInAJar"},{"floor":8,"key":"LiquidBronze"},{"floor":14,"key":"FearPotion"},{"floor":16,"key":"EssenceOfSteel"},{"floor":17,"key":"Ancient Potion"},{"floor":22,"key":"Energy Potion"},{"floor":28,"key":"GhostInAJar"},{"floor":31,"key":"SkillPotion"}],"is_trial":false}