{"gold_per_floor":[117,137,157,9,29,29,54,66,66,66,66,81,92,103,103,208,208,218,44,44,44,63,63,97,112,136,136],"floor_reached":27,"playtime":1954,"items_purged":["Strike_B","Strike_B"],"score":237,"play_id":"3d19aef2-8ca0-451e-98d5-5b7a53ea1418","local_time":"20180815180533","is_ascension_mode":false,"campfire_choices":[{"data":"Defragment","floor":6,"key":"SMITH"},{"floor":15,"key":"REST"},{"floor":23,"key":"REST"}],"neow_cost":"NONE","seed_source_timestamp":406291396899529,"circlet_count":0,"master_deck":["Strike_B","Strike_B+1","Defend_B","Defend_B","Defend_B","Defend_B","Zap","Dualcast","Defragment+1","Chaos","Amplify+1","Capacitor","Ball Lightning+1","Chaos","Conserve Battery+1","Glacier+1","Echo Form","Ball Lightning+1","Storm","Blizzard+1","Coolheaded+1","Coolheaded+1"],"relics":["Cracked Core","Lantern","Omamori","Shuriken","Toxic Egg 2","Nuclear Battery","Mummified Hand","Frozen Egg 2","Whetstone"],"potions_floor_usage":[14,27],"damage_taken":[{"damage":1,"enemies":"2 Louse","floor":1,"turns":2},{"damage":1,"enemies":"Jaw Worm","floor":2,"turns":3},{"damage":1,"enemies":"Cultist","floor":3,"turns":3},{"damage":1,"enemies":"Large Slime","floor":5,"turns":7},{"damage":18,"enemies":"Gremlin Nob","floor":7,"turns":4},{"damage":2,"enemies":"Blue Slaver","floor":8,"turns":3},{"damage":13,"enemies":"Exordium Wildlife","floor":12,"turns":3},{"damage":7,"enemies":"2 Fungi Beasts","floor":13,"turns":2},{"damage":5,"enemies":"3 Louse","floor":14,"turns":3},{"damage":16,"enemies":"Slime Boss","floor":16,"turns":11},{"damage":34,"enemies":"3 Byrds","floor":18,"turns":5},{"damage":0,"enemies":"Chosen","floor":22,"turns":4},{"damage":24,"enemies":"Slavers","floor":24,"turns":6},{"damage":9,"enemies":"Snake Plant","floor":25,"turns":5},{"damage":32,"enemies":"Cultist and Chosen","floor":27,"turns":5}],"seed_played":"4106387439815573702","potions_obtained":[{"floor":3,"key":"Dexterity Potion"},{"floor":5,"key":"SteroidPotion"},{"floor":7,"key":"Poison Potion"},{"floor":14,"key":"FocusPotion"},{"floor":25,"key":"Swift Potion"}],"is_trial":false,"path_per_floor":["M","M","M","$","M","R","E","M","T","?","?","M","M","M","R","B",null,"M","$","?","?","M","R","E","M","T"],"character_chosen":"DEFECT","items_purchased":["Capacitor","Storm"],"campfire_rested":2,"item_purchase_floors":[4,19],"current_hp_per_floor":[74,73,72,72,71,71,53,51,51,36,36,23,16,11,33,17,75,41,41,27,27,27,51,27,18,18,0],"gold":136,"neow_bonus":"RANDOM_COMMON_RELIC","is_prod":false,"is_daily":false,"chose_seed":false,"campfire_upgraded":1,"win_rate":0.0,"timestamp":1534370733,"path_taken":["M","M","M","$","M","R","E","M","T","?","?","?","M","M","R","BOSS","M","$","?","?","M","R","E","M","T","M"],"build_version":"2018-08-09","purchased_purges":2,"victory":false,"max_hp_per_floor":[75,75,75,75,75,75,75,75,75,75,75,75,75,75,75,75,75,75,75,80,80,80,80,80,80,80,80],"card_choices":[{"not_picked":["Conserve Battery","Aggregate"],"picked":"Defragment","floor":1},{"not_picked":["Coolheaded","Hologram"],"picked":"Chaos","floor":2},{"not_picked":["Sweeping Beam","Ball Lightning"],"picked":"Amplify","floor":3},{"not_picked":["Chill","Lockon"],"picked":"Ball Lightning","floor":5},{"not_picked":["Barrage","Stack"],"picked":"Chaos","floor":7},{"not_picked":["Rebound","Gash","Beam Cell"],"picked":"SKIP","floor":8},{"not_picked":["Doom and Gloom","Sweeping Beam"],"picked":"Conserve Battery+1","floor":12},{"not_picked":["Beam Cell","Gash","Sweeping Beam"],"picked":"SKIP","floor":13},{"not_picked":["Gash","Ball Lightning"],"picked":"Glacier+1","floor":14},{"not_picked":["Thunder Strike","Biased Cognition"],"picked":"Echo Form","floor":16},{"not_picked":["Stack+1","Cold Snap"],"picked":"Ball Lightning","floor":18},{"not_picked":["Streamline+1","BootSequence+1"],"picked":"Blizzard+1","floor":22},{"not_picked":["Steam+1","Barrage+1"],"picked":"Coolheaded+1","floor":24},{"not_picked":["Sweeping Beam+1","Redo+1"],"picked":"Coolheaded+1","floor":25}],"player_experience":33966,"relics_obtained":[{"floor":7,"key":"Omamori"},{"floor":9,"key":"Shuriken"},{"floor":24,"key":"Frozen Egg 2"},{"floor":26,"key":"Whetstone"}],"event_choices":[{"event_name":"Shining Light","player_choice":"Entered Light","floor":10,"damage_taken":0},{"event_name":"Big Fish","player_choice":"Box","floor":11,"damage_taken":0},{"event_name":"Forgotten Altar","player_choice":"Shed Blood","floor":20,"damage_taken":0},{"event_name":"The Mausoleum","player_choice":"Yes","floor":21,"damage_taken":0}],"is_beta":false,"boss_relics":[{"not_picked":["Black Star","Lizard Tail"],"picked":"Nuclear Battery"}],"items_purged_floors":[4,19],"is_endless":false,"potions_floor_spawned":[3,5,7,13,14,22,25],"killed_by":"Cultist and Chosen","ascension_level":0}