{"gold_per_floor":[113,113,43,53,71,101,101,126,126,126,146,171,121,137,137,237,237,256,13,28,28,28,28,63,80,80,95,95,107,17,29,29,131,131,148,148,163,163,88,88,106,133,203,203,214,12,25,41,41,41],"floor_reached":51,"playtime":1683,"items_purged":["Blade Dance"],"score":719,"play_id":"4009b9c4-7450-42c5-97a4-7aeacde062dc","local_time":"20181123224809","is_ascension_mode":false,"campfire_choices":[{"data":"Neutralize","floor":7,"key":"SMITH"},{"data":"Phantasmal Killer","floor":10,"key":"SMITH"},{"data":"Blade Dance","floor":15,"key":"SMITH"},{"data":"1","floor":23,"key":"LIFT"},{"data":"2","floor":28,"key":"LIFT"},{"floor":32,"key":"REST"},{"data":"Apotheosis","floor":40,"key":"SMITH"},{"floor":44,"key":"REST"},{"floor":49,"key":"REST"}],"neow_cost":"NONE","seed_source_timestamp":41113641824979,"circlet_count":0,"master_deck":["Defend_G","Defend_G","Defend_G","Defend_G","Strike_G","Strike_G","Strike_G","Survivor","Neutralize+1","Masterful Stab","Iron Wave","Riddle With Holes","Flying Knee","Backflip","Phantasmal Killer+1","Blade Dance+1","Terror","Cloak And Dagger","Backstab+1","Blur+1","Blade Dance+1","Cloak And Dagger","Backflip","Adrenaline","Blade Dance+1","Finisher","Impatience","Apotheosis+1","Purity","Dagger Spray","Escape Plan","Prepared+1"],"relics":["Ring of the Snake","NeowsBlessing","Potion Belt","Sundial","Kunai","Orichalcum","Orrery","Shuriken","Girya","Juzu Bracelet","Oddly Smooth Stone","Empty Cage","Lantern","Singing Bowl","Pen Nib"],"potions_floor_usage":[6,8,16,16,24,33,33,50,50,50,50],"damage_taken":[{"damage":0,"enemies":"2 Louse","floor":1,"turns":1},{"damage":0,"enemies":"Cultist","floor":4,"turns":1},{"damage":0,"enemies":"Jaw Worm","floor":5,"turns":1},{"damage":14,"enemies":"Gremlin Nob","floor":6,"turns":3},{"damage":17,"enemies":"Lagavulin","floor":8,"turns":6},{"damage":1,"enemies":"3 Louse","floor":11,"turns":3},{"damage":5,"enemies":"Gremlin Nob","floor":12,"turns":4},{"damage":0,"enemies":"2 Fungi Beasts","floor":14,"turns":3},{"damage":6,"enemies":"Slime Boss","floor":16,"turns":10},{"damage":4,"enemies":"Spheric Guardian","floor":18,"turns":3},{"damage":4,"enemies":"Chosen","floor":20,"turns":3},{"damage":33,"enemies":"Slavers","floor":24,"turns":5},{"damage":5,"enemies":"Snake Plant","floor":25,"turns":4},{"damage":3,"enemies":"Shelled Parasite and Fungi","floor":27,"turns":6},{"damage":2,"enemies":"Cultist and Chosen","floor":29,"turns":4},{"damage":13,"enemies":"Snake Plant","floor":31,"turns":3},{"damage":15,"enemies":"Champ","floor":33,"turns":8},{"damage":5,"enemies":"3 Shapes","floor":35,"turns":4},{"damage":9,"enemies":"3 Darklings","floor":37,"turns":6},{"damage":23,"enemies":"Writhing Mass","floor":41,"turns":5},{"damage":1,"enemies":"Reptomancer","floor":42,"turns":4},{"damage":4,"enemies":"Spire Growth","floor":45,"turns":3},{"damage":6,"enemies":"Maw","floor":47,"turns":5},{"damage":6,"enemies":"Jaw Worm Horde","floor":48,"turns":3},{"damage":6,"enemies":"Donu and Deca","floor":50,"turns":8}],"seed_played":"838965215089199419","potions_obtained":[{"floor":1,"key":"AttackPotion"},{"floor":6,"key":"SteroidPotion"},{"floor":11,"key":"Fire Potion"},{"floor":14,"key":"Block Potion"},{"floor":16,"key":"LiquidBronze"},{"floor":24,"key":"PowerPotion"},{"floor":27,"key":"Ancient Potion"},{"floor":29,"key":"LiquidBronze"},{"floor":31,"key":"EssenceOfSteel"},{"floor":35,"key":"Ancient Potion"},{"floor":45,"key":"GamblersBrew"},{"floor":48,"key":"Dexterity Potion"}],"is_trial":false,"path_per_floor":["M","?","$","M","M","E","R","E","T","R","M","E","?","M","R","B",null,"M","$","M","?","$","R","E","M","T","M","R","M","?","M","R","B",null,"M","?","M","?","$","R","M","E","T","R","M","$","M","M","R","B",null],"character_chosen":"THE_SILENT","items_purchased":["Riddle With Holes","Shuriken","Pen Nib","Dexterity Potion"],"campfire_rested":3,"item_purchase_floors":[3,19,46,46],"current_hp_per_floor":[70,70,70,70,70,56,56,39,39,39,38,33,33,33,33,27,70,66,66,62,62,62,62,29,24,24,21,21,19,19,6,27,12,70,65,65,56,46,46,46,23,22,22,43,41,41,35,31,53,47],"gold":41,"neow_bonus":"THREE_ENEMY_KILL","is_prod":false,"is_daily":false,"chose_seed":false,"campfire_upgraded":4,"win_rate":0,"timestamp":1542980889,"path_taken":["M","?","?","?","M","E","R","E","T","R","M","E","?","M","R","BOSS","M","$","M","?","$","R","E","M","T","M","R","M","?","M","R","BOSS","M","?","M","?","$","R","M","E","T","R","M","$","M","M","R","BOSS"],"build_version":"2018-11-15","purchased_purges":1,"victory":true,"max_hp_per_floor":[70,70,70,70,70,70,70,70,70,70,70,70,70,70,70,70,70,70,70,70,70,70,70,70,70,70,70,70,70,70,70,70,70,70,70,70,70,70,70,70,70,70,70,70,72,72,72,74,74,74],"card_choices":[{"not_picked":["Dash","Acrobatics"],"picked":"Masterful Stab","floor":1},{"not_picked":["Catalyst","Bane","Underhanded Strike"],"picked":"SKIP","floor":4},{"not_picked":["Outmaneuver","Bane"],"picked":"Flying Knee","floor":5},{"not_picked":["Catalyst","Dagger Throw"],"picked":"Backflip","floor":6},{"not_picked":["Dash","Skewer"],"picked":"Phantasmal Killer","floor":8},{"not_picked":["Caltrops","Eviscerate","Dagger Throw"],"picked":"SKIP","floor":11},{"not_picked":["Sucker Punch","Deadly Poison"],"picked":"Blade Dance","floor":12},{"not_picked":["Distraction","Dagger Throw","Eviscerate"],"picked":"SKIP","floor":14},{"not_picked":["Phantasmal Killer","Burst"],"picked":"Malaise","floor":16},{"not_picked":["Reflex","Infinite Blades"],"picked":"Blade Dance","floor":17},{"not_picked":["Backflip","Skewer"],"picked":"Terror","floor":17},{"not_picked":["Underhanded Strike","Setup"],"picked":"Cloak And Dagger","floor":17},{"not_picked":["Backflip+1","Caltrops+1"],"picked":"Backstab","floor":18},{"not_picked":["Deflect","Backflip","Leg Sweep"],"picked":"SKIP","floor":20},{"not_picked":["Endless Agony","Underhanded Strike+1"],"picked":"Blur+1","floor":24},{"not_picked":["Poisoned Stab","Prepared","Backflip"],"picked":"SKIP","floor":25},{"not_picked":["Poisoned Stab+1","Tools of the Trade"],"picked":"Blade Dance+1","floor":27},{"not_picked":["Setup","Escape Plan","Cloak And Dagger"],"picked":"SKIP","floor":29},{"not_picked":["Setup","Escape Plan"],"picked":"Cloak And Dagger","floor":29},{"not_picked":["Quick Slash+1","Bane+1"],"picked":"Backflip","floor":31},{"not_picked":["Grand Finale","Storm of Steel"],"picked":"Adrenaline","floor":33},{"not_picked":["Distraction+1","Setup+1"],"picked":"Blade Dance+1","floor":35},{"not_picked":["Dagger Spray","Bane"],"picked":"Finisher","floor":37},{"not_picked":["Deep Breath","Good Instincts"],"picked":"Impatience","floor":38},{"not_picked":["Transmutation","Impatience"],"picked":"Apotheosis","floor":38},{"not_picked":["HandOfGreed","Apotheosis"],"picked":"Purity","floor":38},{"not_picked":["Outmaneuver","Blade Dance"],"picked":"Dagger Spray","floor":41},{"not_picked":["Blade Dance","Deflect"],"picked":"Escape Plan","floor":42},{"not_picked":["Reflex","Prepared","Sucker Punch"],"picked":"Singing Bowl","floor":45},{"not_picked":["Skewer+1","Blade Dance+1"],"picked":"Prepared+1","floor":47},{"not_picked":["Backflip","Blade Dance+1","Slice+1"],"picked":"Singing Bowl","floor":48}],"player_experience":732838,"relics_obtained":[{"floor":6,"key":"Potion Belt"},{"floor":8,"key":"Sundial"},{"floor":9,"key":"Kunai"},{"floor":12,"key":"Orichalcum"},{"floor":24,"key":"Juzu Bracelet"},{"floor":26,"key":"Oddly Smooth Stone"},{"floor":42,"key":"Lantern"},{"floor":43,"key":"Singing Bowl"}],"event_choices":[{"cards_removed":["Strike_G"],"damage_healed":0,"gold_gain":0,"player_choice":"Took Card","damage_taken":0,"max_hp_gain":0,"max_hp_loss":0,"event_name":"NoteForYourself","floor":2,"gold_loss":0,"cards_obtained":["Iron Wave"]},{"cards_removed":["Defend_G"],"damage_healed":0,"gold_gain":0,"player_choice":"Card Removal","damage_taken":0,"max_hp_gain":0,"max_hp_loss":0,"event_name":"The Cleric","floor":13,"gold_loss":50},{"damage_healed":0,"gold_gain":0,"player_choice":"Opened","damage_taken":0,"relics_obtained":["Girya"],"max_hp_gain":0,"max_hp_loss":0,"event_name":"The Mausoleum","floor":21,"gold_loss":0,"cards_obtained":["Writhe"]},{"cards_removed":["Writhe"],"damage_healed":0,"gold_gain":0,"player_choice":"Upgrade and Remove","damage_taken":0,"max_hp_gain":0,"max_hp_loss":0,"event_name":"Designer","floor":30,"gold_loss":90,"cards_upgraded":["Backstab"]},{"damage_healed":0,"gold_gain":0,"player_choice":"Ignored","damage_taken":0,"max_hp_gain":0,"max_hp_loss":0,"event_name":"Mysterious Sphere","floor":36,"gold_loss":0},{"damage_healed":0,"gold_gain":0,"player_choice":"Memory 3","damage_taken":10,"max_hp_gain":0,"max_hp_loss":0,"event_name":"SensoryStone","floor":38,"gold_loss":0}],"is_beta":false,"boss_relics":[{"not_picked":["Sozu","Black Star"],"picked":"Orrery"},{"not_picked":["Ring of the Serpent","Tiny House"],"picked":"Empty Cage"}],"items_purged_floors":[39],"is_endless":false,"potions_floor_spawned":[1,6,11,14,16,24,27,29,31,35,45,47,48],"ascension_level":0}