{"gold_per_floor":[20,40,51,51,70,70,97,97,177,193,225,239,239,273,273,369,419,436,113,113,113,127,127,155,166,217,230,246,1,100,135,135,238,238,253,253,272,272,288,288,258,258,258,258],"floor_reached":44,"playtime":2237,"items_purged":["Defend_R","Bash"],"score":523,"play_id":"b9e69249-61c3-45e0-971d-3125e4ced002","local_time":"20190307234029","is_ascension_mode":false,"campfire_choices":[{"data":"Flex","floor":6,"key":"SMITH"},{"data":"Flex","floor":8,"key":"SMITH"},{"data":"Perfected Strike","floor":15,"key":"SMITH"},{"floor":23,"key":"RECALL"},{"data":"Mayhem","floor":32,"key":"SMITH"},{"data":"Apotheosis","floor":40,"key":"SMITH"},{"data":"Madness","floor":42,"key":"SMITH"}],"neow_cost":"NO_GOLD","seed_source_timestamp":12228849570927,"circlet_count":0,"master_deck":["Strike_R+1","Strike_R+1","Strike_R+1","Strike_R+1","Defend_R+1","Defend_R+1","Defend_R+1","Thunderclap","Twin Strike","Flex+1","Shrug It Off+1","Heavy Blade","Pummel","Spot Weakness","Dropkick","Flex+1","Perfected Strike+1","Flex+1","Twin Strike","Pommel Strike","Twin Strike","Offering","Twin Strike","Wild Strike","Seeing Red","Mayhem+1","Flash of Steel","Heavy Blade","Perfected Strike","Limit Break","Pommel Strike+1","Dual Wield","Headbutt+1","Reaper","Fiend Fire","Whirlwind","Offering","Apotheosis+1","Panache","Swift Strike","Inflame+1","Disarm+1","Madness+1","Madness","Limit Break","Whirlwind+1"],"relics":["Burning Blood","Prayer Wheel","StoneCalendar","Bottled Lightning","Smiling Mask","Pantograph","Tiny House","Nloth\u0027s Gift","War Paint","HandDrill","Red Mask","Coffee Dripper","Sundial"],"potions_floor_usage":[11,16,16,18,27,33,33,33,37,44,44,44],"damage_taken":[{"damage":1,"enemies":"Cultist","floor":1,"turns":3},{"damage":7,"enemies":"2 Louse","floor":2,"turns":2},{"damage":6,"enemies":"Jaw Worm","floor":3,"turns":3},{"damage":10,"enemies":"Exordium Wildlife","floor":5,"turns":3},{"damage":28,"enemies":"Lagavulin","floor":7,"turns":4},{"damage":0,"enemies":"Gremlin Gang","floor":10,"turns":3},{"damage":0,"enemies":"Gremlin Nob","floor":11,"turns":2},{"damage":16,"enemies":"3 Louse","floor":12,"turns":3},{"damage":8,"enemies":"3 Sentries","floor":14,"turns":4},{"damage":29,"enemies":"The Guardian","floor":16,"turns":5},{"damage":0,"enemies":"Shell Parasite","floor":18,"turns":1},{"damage":16,"enemies":"Chosen","floor":22,"turns":3},{"damage":24,"enemies":"Gremlin Leader","floor":24,"turns":4},{"damage":21,"enemies":"Shelled Parasite and Fungi","floor":25,"turns":4},{"damage":6,"enemies":"Sentry and Sphere","floor":27,"turns":2},{"damage":27,"enemies":"Snake Plant","floor":28,"turns":2},{"damage":10,"enemies":"Masked Bandits","floor":31,"turns":3},{"damage":36,"enemies":"Automaton","floor":33,"turns":4},{"damage":17,"enemies":"3 Shapes","floor":35,"turns":2},{"damage":43,"enemies":"3 Darklings","floor":37,"turns":3},{"damage":26,"enemies":"Transient","floor":39,"turns":5},{"damage":10,"enemies":"Writhing Mass","floor":44,"turns":1}],"seed_played":"-5934677400019919519","potions_obtained":[{"floor":2,"key":"Block Potion"},{"floor":7,"key":"SteroidPotion"},{"floor":10,"key":"SpeedPotion"},{"floor":14,"key":"AttackPotion"},{"floor":16,"key":"SteroidPotion"},{"floor":17,"key":"AttackPotion"},{"floor":25,"key":"BloodPotion"},{"floor":28,"key":"Energy Potion"},{"floor":31,"key":"AttackPotion"},{"floor":33,"key":"Weak Potion"},{"floor":35,"key":"SteroidPotion"},{"floor":41,"key":"SneckoOil"},{"floor":41,"key":"AttackPotion"}],"is_trial":false,"path_per_floor":["M","M","M","?","M","R","E","R","T","M","E","M","?","E","R","B",null,"M","$","?","?","M","R","E","M","T","M","M","$","?","?","R","B",null,"M","?","M","?","M","R","?","R","T","M"],"character_chosen":"IRONCLAD","items_purchased":["Mayhem","Flash of Steel","HandDrill"],"campfire_rested":0,"item_purchase_floors":[19,19,29],"current_hp_per_floor":[80,79,79,54,50,50,28,28,28,34,40,30,23,21,21,23,85,85,85,85,85,75,75,57,42,42,50,29,29,29,25,25,20,85,74,64,27,16,7,7,7,7,7,0],"gold":258,"neow_bonus":"ONE_RARE_RELIC","is_prod":false,"is_daily":false,"chose_seed":false,"campfire_upgraded":6,"win_rate":0,"timestamp":1551969629,"path_taken":["M","?","M","?","M","R","E","R","T","M","E","M","?","E","R","BOSS","M","$","?","?","M","R","E","?","T","M","M","$","?","?","R","BOSS","M","?","M","?","M","R","?","R","T","M"],"build_version":"2019-01-23","purchased_purges":2,"victory":false,"max_hp_per_floor":[80,80,80,80,80,80,80,80,80,80,80,80,80,80,80,80,85,85,85,85,85,85,85,85,85,85,85,85,85,85,85,85,85,85,85,85,85,85,85,85,85,85,85,85],"card_choices":[{"not_picked":["Dual Wield","Disarm"],"picked":"Thunderclap","floor":1},{"not_picked":["Intimidate","Headbutt"],"picked":"Twin Strike","floor":1},{"not_picked":["True Grit","Warcry"],"picked":"Flex","floor":2},{"not_picked":["Armaments","Corruption"],"picked":"Shrug It Off","floor":2},{"not_picked":["Flex","Power Through"],"picked":"Heavy Blade","floor":3},{"not_picked":["Shockwave","Feed"],"picked":"Pummel","floor":3},{"not_picked":["Twin Strike","Wild Strike"],"picked":"Spot Weakness","floor":5},{"not_picked":["Thunderclap","Power Through"],"picked":"Dropkick","floor":5},{"not_picked":["Heavy Blade","Shockwave"],"picked":"Flex","floor":7},{"not_picked":["Reckless Charge","Hemokinesis"],"picked":"Perfected Strike","floor":10},{"not_picked":["Flame Barrier","Wild Strike","Searing Blow"],"picked":"SKIP","floor":10},{"not_picked":["Havoc","Searing Blow"],"picked":"Flex","floor":11},{"not_picked":["Iron Wave","Thunderclap"],"picked":"Twin Strike","floor":12},{"not_picked":["Clothesline","Iron Wave"],"picked":"Pommel Strike","floor":12},{"not_picked":["Cleave","Barricade"],"picked":"Twin Strike","floor":14},{"not_picked":["Demon Form","Juggernaut"],"picked":"Offering","floor":16},{"not_picked":["Power Through","Bloodletting"],"picked":"Twin Strike","floor":17},{"not_picked":["Clash","Combust"],"picked":"Wild Strike","floor":18},{"not_picked":["Armaments+1","Dark Embrace"],"picked":"Seeing Red","floor":18},{"not_picked":["Pummel","Combust"],"picked":"Heavy Blade","floor":22},{"not_picked":["Clash","Clothesline","Rampage"],"picked":"SKIP","floor":22},{"not_picked":["Immolate","Anger"],"picked":"Perfected Strike","floor":24},{"not_picked":["Bloodletting","Wild Strike"],"picked":"Limit Break","floor":25},{"not_picked":["Searing Blow","Second Wind"],"picked":"Pommel Strike+1","floor":25},{"not_picked":["Havoc+1","Shrug It Off"],"picked":"Dual Wield","floor":27},{"not_picked":["Clothesline+1","Sword Boomerang"],"picked":"Headbutt+1","floor":27},{"not_picked":["Clothesline","Dark Embrace","Metallicize"],"picked":"SKIP","floor":28},{"not_picked":["Fire Breathing+1","Clash+1","Sword Boomerang"],"picked":"SKIP","floor":28},{"not_picked":["Barricade","Wild Strike"],"picked":"Reaper","floor":31},{"not_picked":["Impervious","Exhume"],"picked":"Fiend Fire","floor":33},{"not_picked":["Wild Strike","Armaments+1"],"picked":"Whirlwind","floor":35},{"not_picked":["Corruption+1","Body Slam"],"picked":"Offering","floor":35},{"not_picked":["Discovery","Jack Of All Trades"],"picked":"Apotheosis","floor":36},{"not_picked":["Magnetism","Secret Technique"],"picked":"Panache","floor":36},{"not_picked":["Madness","Jack Of All Trades"],"picked":"Swift Strike","floor":36},{"not_picked":["Power Through","Heavy Blade"],"picked":"Inflame+1","floor":37},{"not_picked":["Twin Strike+1","Body Slam+1"],"picked":"Disarm+1","floor":37},{"not_picked":["Wild Strike+1","True Grit+1"],"picked":"Limit Break","floor":39},{"not_picked":["Havoc+1","Pommel Strike"],"picked":"Whirlwind+1","floor":39}],"player_experience":198793,"relics_obtained":[{"floor":7,"key":"PreservedInsect"},{"floor":9,"key":"Bottled Lightning"},{"floor":11,"key":"Smiling Mask"},{"floor":14,"key":"Pantograph"},{"floor":24,"key":"War Paint"},{"floor":31,"key":"Red Mask"},{"floor":43,"key":"Sundial"}],"event_choices":[{"damage_healed":0,"gold_gain":0,"player_choice":"Success","damage_taken":25,"relics_obtained":["StoneCalendar"],"max_hp_gain":0,"max_hp_loss":0,"event_name":"Scrap Ooze","floor":4,"gold_loss":0},{"cards_removed":["Strike_R"],"damage_healed":0,"gold_gain":0,"player_choice":"Card Removal","damage_taken":7,"max_hp_gain":0,"max_hp_loss":0,"event_name":"Golden Wing","floor":13,"gold_loss":0},{"damage_healed":0,"gold_gain":0,"player_choice":"Simplicity","damage_taken":0,"max_hp_gain":0,"max_hp_loss":0,"event_name":"Back to Basics","floor":20,"gold_loss":0,"cards_upgraded":["Strike_R","Strike_R","Strike_R","Defend_R","Defend_R","Defend_R"]},{"damage_healed":0,"gold_gain":0,"player_choice":"Traded Relic","damage_taken":0,"relics_obtained":["Nloth\u0027s Gift"],"max_hp_gain":0,"max_hp_loss":0,"event_name":"N\u0027loth","floor":21,"relics_lost":["PreservedInsect"],"gold_loss":0},{"damage_healed":0,"gold_gain":99,"player_choice":"Stole From Cult","damage_taken":0,"max_hp_gain":0,"max_hp_loss":0,"event_name":"Nest","floor":30,"gold_loss":0},{"damage_healed":0,"gold_gain":0,"player_choice":"Fought Bandits","damage_taken":0,"max_hp_gain":0,"max_hp_loss":0,"event_name":"Masked Bandits","floor":31,"gold_loss":0},{"damage_healed":0,"gold_gain":0,"player_choice":"Memory 3","damage_taken":10,"max_hp_gain":0,"max_hp_loss":0,"event_name":"SensoryStone","floor":36,"gold_loss":0},{"damage_healed":0,"gold_gain":0,"player_choice":"Embrace Madness","damage_taken":11,"max_hp_gain":0,"max_hp_loss":0,"event_name":"Winding Halls","floor":38,"gold_loss":0,"cards_obtained":["Madness","Madness"]},{"damage_healed":0,"gold_gain":0,"player_choice":"Bought 2 Potions","damage_taken":0,"max_hp_gain":0,"max_hp_loss":0,"event_name":"The Woman in Blue","floor":41,"gold_loss":0}],"is_beta":false,"boss_relics":[{"not_picked":["Busted Crown","Cursed Key"],"picked":"Tiny House"},{"not_picked":["Fusion Hammer","White Beast Statue"],"picked":"Coffee Dripper"}],"items_purged_floors":[19,29],"is_endless":false,"potions_floor_spawned":[2,7,10,14,16,25,28,31,33,35],"killed_by":"Writhing Mass","ascension_level":0}