{"path_per_floor":["M","M","?","?","?","R","M","E","T","M","E","M","M","M","R","B",null,"M","M","M","?"],"character_chosen":"IRONCLAD","items_purchased":[],"gold_per_floor":[119,134,134,134,134,134,149,175,175,188,214,233,252,263,263,364,364,374,360,372,372,372],"floor_reached":22,"campfire_rested":0,"playtime":1802,"current_hp_per_floor":[80,80,64,64,57,57,63,50,50,51,38,27,33,47,47,21,80,64,48,30,30,0],"items_purged":[],"gold":372,"score":230,"play_id":"1df1519e-623c-4e54-8501-fc5c73139027","local_time":"20180409074802","is_prod":false,"is_daily":false,"is_ascension_mode":true,"campfire_upgraded":2,"timestamp":1523252882,"path_taken":["M","M","?","?","?","R","M","E","T","M","E","?","M","M","R","BOSS","M","M","M","?","M"],"build_version":"2018-04-05v2","purchased_purges":0,"victory":false,"master_deck":["Strike_R","Strike_R","Strike_R+1","Strike_R+1","Strike_R","Defend_R","Defend_R","Defend_R","Defend_R","Bash+1","Spot Weakness+1","Clothesline+1","Inflame","Metallicize","Demon Form","Dropkick","Ghostly Armor","Limit Break","Twin Strike"],"max_hp_per_floor":[80,80,80,80,80,80,80,80,80,80,80,80,80,80,80,80,80,80,80,80,80,80],"relics":["Burning Blood","Letter Opener","Magic Flower","Bird Faced Urn","Black Star"],"card_choices":[{"not_picked":["Ghostly Armor","Clash"],"picked":"Spot Weakness","floor":2.0},{"not_picked":["Carnage","Iron Wave"],"picked":"Clothesline","floor":7.0},{"not_picked":["Perfected Strike","Seeing Red"],"picked":"Inflame","floor":8.0},{"not_picked":["Pommel Strike","Shockwave"],"picked":"Metallicize","floor":11.0},{"not_picked":["Feel No Pain","Twin Strike"],"picked":"Demon Form","floor":12.0},{"not_picked":["Warcry","True Grit"],"picked":"Dropkick","floor":13.0},{"not_picked":["Dual Wield","Reckless Charge"],"picked":"Ghostly Armor","floor":14.0},{"not_picked":["Fiend Fire","Juggernaut"],"picked":"Limit Break","floor":16.0},{"not_picked":["Fire Breathing","Havoc"],"picked":"Twin Strike","floor":20}],"player_experience":140178,"potions_floor_usage":[],"damage_taken":[{"damage":4.0,"enemies":"Jaw Worm","floor":1.0,"turns":4.0},{"damage":6.0,"enemies":"Cultist","floor":2.0,"turns":3.0},{"damage":0.0,"enemies":"Small Slimes","floor":7.0,"turns":3.0},{"damage":25.0,"enemies":"Lagavulin","floor":8.0,"turns":6.0},{"damage":8.0,"enemies":"3 Louse","floor":10.0,"turns":4.0},{"damage":22.0,"enemies":"3 Sentries","floor":11.0,"turns":6.0},{"damage":26.0,"enemies":"Exordium Thugs","floor":12.0,"turns":7.0},{"damage":6.0,"enemies":"Exordium Wildlife","floor":13.0,"turns":4.0},{"damage":1.0,"enemies":"3 Louse","floor":14.0,"turns":4.0},{"damage":44.0,"enemies":"Hexaghost","floor":16.0,"turns":10.0},{"damage":28,"enemies":"Shell Parasite","floor":18,"turns":7},{"damage":28,"enemies":"2 Thieves","floor":19,"turns":4},{"damage":36,"enemies":"Snecko","floor":20,"turns":5},{"damage":38,"enemies":"3 Cultists","floor":22,"turns":5}],"event_choices":[{"event_name":"Shining Light","player_choice":"Entered Light","floor":3.0,"damage_taken":0.0},{"event_name":"Wheel of Change","player_choice":"Curse","floor":4.0,"damage_taken":0.0},{"event_name":"Golden Wing","player_choice":"Card Removal","floor":5.0,"damage_taken":0.0},{"event_name":"Vampires","player_choice":"Ignored","floor":21,"damage_taken":0}],"boss_relics":[{"not_picked":["Runic Pyramid","Runic Dome"],"picked":"Black Star"}],"potions_floor_spawned":[7,10,11,12,13,19],"seed_played":"-6254306379184369334","killed_by":"3 Cultists","ascension_level":3,"is_trial":false}