{"gold_per_floor":[113,40,215,234,234,266,266,299,324,324,324,343,229,240,240,336,336,354,354,354,424,574,574,591,607,607,607],"floor_reached":27,"playtime":1855,"items_purged":["Doubt"],"score":221,"play_id":"6c5acd13-aaed-4321-9f7b-7a54c7ad8480","local_time":"20180814160452","is_ascension_mode":false,"campfire_choices":[{"floor":7,"key":"REST"},{"floor":10,"key":"REST"},{"floor":15,"key":"REST"},{"floor":23,"key":"REST"}],"neow_cost":"","seed_source_timestamp":312743730599084,"circlet_count":0,"master_deck":["Strike_R","Strike_R","Strike_R","Strike_R","Strike_R","Defend_R","Defend_R","Defend_R","Defend_R","Bash","Sword Boomerang","Inflame","Armaments","Whirlwind","Sword Boomerang","Inflame+1","Battle Trance","Clash","Barricade+1","Metallicize+1","Second Wind","Shrug It Off","Berserk+1","Cleave","Feel No Pain+1","Decay","Iron Wave","Ghostly Armor","Pummel"],"relics":["Burning Blood","Bag of Preparation","StoneCalendar","Frozen Egg 2","Oddly Smooth Stone","Dodecahedron","Orrery","SsserpentHead","Shuriken"],"potions_floor_usage":[],"damage_taken":[{"damage":5,"enemies":"Jaw Worm","floor":1,"turns":5},{"damage":17,"enemies":"Small Slimes","floor":4,"turns":3},{"damage":37,"enemies":"3 Sentries","floor":6,"turns":9},{"damage":40,"enemies":"Lagavulin","floor":8,"turns":7},{"damage":0,"enemies":"Cultist","floor":12,"turns":2},{"damage":13,"enemies":"Red Slaver","floor":14,"turns":2},{"damage":23,"enemies":"Slime Boss","floor":16,"turns":7},{"damage":50,"enemies":"2 Thieves","floor":18,"turns":5},{"damage":7,"enemies":"3 Byrds","floor":21,"turns":4},{"damage":18,"enemies":"Centurion and Healer","floor":24,"turns":7},{"damage":35,"enemies":"Sentry and Sphere","floor":25,"turns":6},{"damage":23,"enemies":"3 Cultists","floor":27,"turns":3}],"seed_played":"-94711817572527685","potions_obtained":[{"floor":1,"key":"GamblersBrew"},{"floor":12,"key":"SpeedPotion"},{"floor":16,"key":"Ancient Potion"},{"floor":24,"key":"Poison Potion"}],"is_trial":false,"path_per_floor":["M","$","?","M","?","E","R","E","T","R","T","M","$","M","R","B",null,"M","?","?","M","?","R","M","M","T"],"character_chosen":"IRONCLAD","items_purchased":["Inflame","Battle Trance"],"campfire_rested":4,"item_purchase_floors":[2,13],"current_hp_per_floor":[80,80,80,69,51,20,44,10,10,34,34,40,40,33,57,40,80,36,36,36,35,35,59,47,18,18,0],"gold":607,"neow_bonus":"","is_prod":false,"is_daily":false,"chose_seed":false,"campfire_upgraded":0,"win_rate":0.0,"timestamp":1534277092,"path_taken":["M","$","?","?","?","E","R","E","T","R","?","M","$","M","R","BOSS","M","?","?","?","?","R","M","M","T","M"],"build_version":"2018-08-09","purchased_purges":1,"victory":false,"max_hp_per_floor":[80,80,80,80,80,80,80,80,80,80,80,80,80,80,80,80,80,80,80,80,80,80,80,80,80,80,80],"card_choices":[{"not_picked":["Seeing Red","Warcry"],"picked":"Sword Boomerang","floor":1},{"not_picked":["True Grit","Corruption"],"picked":"Armaments","floor":4},{"not_picked":["Warcry","Twin Strike"],"picked":"Whirlwind","floor":6},{"not_picked":["Iron Wave","Heavy Blade"],"picked":"Sword Boomerang","floor":8},{"not_picked":["Spot Weakness","Thunderclap"],"picked":"Inflame+1","floor":12},{"not_picked":["Whirlwind","Intimidate"],"picked":"Clash","floor":14},{"not_picked":["Reaper","Double Tap"],"picked":"Barricade+1","floor":16},{"not_picked":["Perfected Strike","Intimidate"],"picked":"Metallicize+1","floor":17},{"not_picked":["Cleave","Perfected Strike"],"picked":"Second Wind","floor":17},{"not_picked":["Flex","Power Through"],"picked":"Shrug It Off","floor":17},{"not_picked":["Clash","Headbutt"],"picked":"Berserk+1","floor":17},{"not_picked":["Dropkick","Reckless Charge"],"picked":"Cleave","floor":17},{"not_picked":["Pommel Strike","Twin Strike"],"picked":"Feel No Pain+1","floor":18},{"not_picked":["Warcry","Sword Boomerang"],"picked":"Iron Wave","floor":21},{"not_picked":["Feel No Pain+1","Combust+1"],"picked":"Ghostly Armor","floor":24},{"not_picked":["Clothesline","Twin Strike"],"picked":"Pummel","floor":25}],"player_experience":6383,"relics_obtained":[{"floor":6,"key":"StoneCalendar"},{"floor":8,"key":"Frozen Egg 2"},{"floor":9,"key":"Oddly Smooth Stone"},{"floor":11,"key":"Dodecahedron"},{"floor":26,"key":"Shuriken"}],"event_choices":[{"event_name":"Liars Game","player_choice":"agreed","floor":3,"damage_taken":0},{"event_name":"Scrap Ooze","player_choice":"success","floor":5,"damage_taken":18},{"event_name":"Forgotten Altar","player_choice":"Smashed Altar","floor":19,"damage_taken":0},{"event_name":"FaceTrader","player_choice":"Trade","floor":20,"damage_taken":0},{"event_name":"Golden Shrine","player_choice":"Pray","floor":22,"damage_taken":0}],"is_beta":false,"boss_relics":[{"not_picked":["Runic Dome","Eternal Feather"],"picked":"Orrery"}],"items_purged_floors":[13],"is_endless":false,"potions_floor_spawned":[1,12,16,24],"killed_by":"3 Cultists","ascension_level":0}