{"gold_per_floor":[114,114,114,134,147,147,147,147,173,21,37,37,62,86,86,206,206,225,74,74,3,3,3,3,3,29,54,67,67,67,86,86,216,216,237,237,41,66,66,109,127,127,127,145,20,20,20,33,33,33],"floor_reached":51,"playtime":2197,"items_purged":["Injury","Strike_B+1","Shame"],"score":1028,"play_id":"53d6d25b-47d9-4720-ba6d-884809b9b753","local_time":"20190209104434","is_ascension_mode":true,"campfire_choices":[{"data":"Streamline","floor":6,"key":"SMITH"},{"data":"Dualcast","floor":8,"key":"SMITH"},{"data":"Beam Cell","floor":15,"key":"SMITH"},{"data":"Seek","floor":23,"key":"SMITH"},{"data":"Streamline","floor":25,"key":"SMITH"},{"data":"Deep Breath","floor":29,"key":"SMITH"},{"data":"Skim","floor":32,"key":"SMITH"},{"data":"Go for the Eyes","floor":42,"key":"SMITH"},{"data":"FTL","floor":46,"key":"SMITH"},{"data":"Leap","floor":49,"key":"SMITH"}],"neow_cost":"PERCENT_DAMAGE","seed_source_timestamp":484360763784457,"circlet_count":0,"master_deck":["AscendersBane","Defend_B+1","Defend_B+1","Defend_B+1","Zap+1","Dualcast+1","Auto Shields","Gash","Streamline+1","Beam Cell+1","Rebound","Leap+1","FTL","Seek+1","Streamline+1","Skim+1","Deep Breath+1","FTL+1","Hologram+1","Reinforced Body+1","Go for the Eyes+1","Coolheaded+1","Rebound"],"relics":["Cracked Core","Dodecahedron","Golden Idol","Bag of Preparation","Coffee Dripper","Toxic Egg 2","Oddly Smooth Stone","Cursed Key","Singing Bowl","Mummified Hand","Question Card"],"potions_floor_usage":[11,13,16,33,50,50],"damage_taken":[{"damage":8,"enemies":"2 Louse","floor":1,"turns":2},{"damage":0,"enemies":"Small Slimes","floor":4,"turns":4},{"damage":0,"enemies":"Jaw Worm","floor":5,"turns":4},{"damage":12,"enemies":"Exordium Wildlife","floor":11,"turns":2},{"damage":13,"enemies":"Large Slime","floor":13,"turns":4},{"damage":4,"enemies":"Exordium Thugs","floor":14,"turns":3},{"damage":9,"enemies":"Hexaghost","floor":16,"turns":9},{"damage":2,"enemies":"Chosen","floor":18,"turns":4},{"damage":0,"enemies":"Shell Parasite","floor":27,"turns":2},{"damage":0,"enemies":"Snake Plant","floor":28,"turns":2},{"damage":10,"enemies":"Snecko","floor":31,"turns":3},{"damage":45,"enemies":"Champ","floor":33,"turns":9},{"damage":19,"enemies":"3 Darklings","floor":35,"turns":6},{"damage":0,"enemies":"Orb Walker","floor":38,"turns":2},{"damage":12,"enemies":"Reptomancer","floor":40,"turns":5},{"damage":0,"enemies":"Sphere and 2 Shapes","floor":41,"turns":6},{"damage":7,"enemies":"Maw","floor":44,"turns":7},{"damage":0,"enemies":"4 Shapes","floor":48,"turns":6},{"damage":75,"enemies":"Time Eater","floor":50,"turns":13}],"seed_played":"7847912253689095744","potions_obtained":[{"floor":1,"key":"GamblersBrew"},{"floor":13,"key":"Fruit Juice"},{"floor":14,"key":"SteroidPotion"},{"floor":18,"key":"PowerPotion"},{"floor":27,"key":"Explosive Potion"},{"floor":35,"key":"Weak Potion"}],"is_trial":false,"path_per_floor":["M","?","?","M","M","R","?","R","T","$","M","$","M","M","R","B",null,"M","$","?","$","T","R","?","R","T","M","M","R","?","M","R","B",null,"M","?","$","M","?","E","M","R","T","M","$","R","?","M","R","B",null],"character_chosen":"DEFECT","items_purchased":["Beam Cell","Rebound","Skim","Deep Breath","FTL","Go for the Eyes","PowerPotion"],"campfire_rested":0,"item_purchase_floors":[10,10,19,19,21,37,37],"current_hp_per_floor":[42,35,35,35,35,35,35,35,35,35,23,23,15,11,11,2,61,59,59,59,59,59,59,59,59,59,59,59,59,59,49,49,4,61,42,42,42,42,42,32,34,34,34,29,29,29,75,77,77,2],"gold":33,"neow_bonus":"REMOVE_TWO","is_prod":false,"is_daily":false,"chose_seed":false,"campfire_upgraded":10,"win_rate":0,"timestamp":1549669474,"path_taken":["M","?","?","M","?","R","?","R","T","$","M","?","M","M","R","BOSS","M","$","?","$","?","R","?","R","T","M","M","R","?","?","R","BOSS","M","?","$","?","?","E","?","R","T","M","$","R","?","M","R","BOSS"],"build_version":"2019-01-23","purchased_purges":3,"victory":true,"max_hp_per_floor":[75,75,75,75,75,75,75,75,75,75,75,75,80,80,80,80,80,80,80,80,80,80,80,80,80,80,80,80,80,80,80,80,80,80,80,80,80,80,80,82,84,84,84,86,86,86,75,77,77,77],"card_choices":[{"not_picked":["Turbo","Conserve Battery"],"picked":"Auto Shields","floor":1},{"not_picked":["Conserve Battery","Reprogram"],"picked":"Gash","floor":4},{"not_picked":["Coolheaded","Force Field"],"picked":"Streamline","floor":5},{"not_picked":["Chaos","Barrage"],"picked":"Leap","floor":11},{"not_picked":["Coolheaded","Steam Power"],"picked":"FTL","floor":13},{"not_picked":["Loop","Rip and Tear","Barrage"],"picked":"SKIP","floor":14},{"not_picked":["Rainbow","Biased Cognition"],"picked":"Seek","floor":16},{"not_picked":["Reprogram","Compile Driver"],"picked":"Streamline","floor":18},{"not_picked":["Cold Snap","Meteor Strike"],"picked":"Hologram+1","floor":27},{"not_picked":["Turbo+1","Go for the Eyes","Melter"],"picked":"SKIP","floor":28},{"not_picked":["Steam Power+1","Go for the Eyes"],"picked":"Reinforced Body+1","floor":31},{"not_picked":["Force Field+1","Storm","Melter"],"picked":"SKIP","floor":35},{"not_picked":["Streamline","Rebound"],"picked":"Coolheaded+1","floor":38},{"not_picked":["Turbo+1","Barrage+1","Sunder+1"],"picked":"Singing Bowl","floor":40},{"not_picked":["Sweeping Beam+1","Compile Driver","Seek+1"],"picked":"Singing Bowl","floor":41},{"not_picked":["Defragment","Cold Snap+1","Rebound","Loop"],"picked":"Singing Bowl","floor":44},{"not_picked":["Reprogram+1","Go for the Eyes","Ball Lightning+1","Glacier+1"],"picked":"Singing Bowl","floor":48}],"player_experience":706211,"relics_obtained":[{"floor":9,"key":"Bag of Preparation"},{"floor":22,"key":"Toxic Egg 2"},{"floor":26,"key":"Oddly Smooth Stone"},{"floor":40,"key":"Mummified Hand"},{"floor":43,"key":"Question Card"}],"event_choices":[{"damage_healed":0,"gold_gain":0,"player_choice":"Success","damage_taken":7,"relics_obtained":["Dodecahedron"],"max_hp_gain":0,"max_hp_loss":0,"event_name":"Scrap Ooze","floor":2,"gold_loss":0},{"damage_healed":0,"gold_gain":0,"player_choice":"Grow","damage_taken":0,"max_hp_gain":0,"max_hp_loss":0,"event_name":"Living Wall","floor":3,"gold_loss":0,"cards_upgraded":["Zap"]},{"damage_healed":0,"gold_gain":0,"player_choice":"Take Wound","damage_taken":0,"relics_obtained":["Golden Idol"],"max_hp_gain":0,"max_hp_loss":0,"event_name":"Golden Idol","floor":7,"gold_loss":0,"cards_obtained":["Injury"]},{"cards_removed":["Strike_B"],"damage_healed":0,"gold_gain":0,"player_choice":"Offered Basic","damage_taken":0,"max_hp_gain":0,"max_hp_loss":0,"event_name":"Bonfire Elementals","floor":20,"gold_loss":0},{"damage_healed":0,"gold_gain":0,"player_choice":"Simplicity","damage_taken":0,"max_hp_gain":0,"max_hp_loss":0,"event_name":"Back to Basics","floor":24,"gold_loss":0,"cards_upgraded":["Strike_B","Defend_B","Defend_B","Defend_B","Defend_B"]},{"damage_healed":0,"gold_gain":0,"player_choice":"Gave Potion","damage_taken":0,"relics_obtained":["Singing Bowl"],"max_hp_gain":0,"max_hp_loss":0,"event_name":"WeMeetAgain","floor":36,"gold_loss":0},{"damage_healed":0,"gold_gain":0,"cards_transformed":["Defend_B"],"player_choice":"Transformed","damage_taken":0,"max_hp_gain":0,"max_hp_loss":0,"event_name":"Transmorgrifier","floor":39,"gold_loss":0,"cards_obtained":["Rebound"]},{"damage_healed":75,"gold_gain":0,"player_choice":"Heal","damage_taken":0,"max_hp_gain":0,"max_hp_loss":11,"event_name":"The Moai Head","floor":47,"gold_loss":0}],"is_beta":false,"boss_relics":[{"not_picked":["Velvet Choker","Tiny House"],"picked":"Coffee Dripper"},{"not_picked":["Pandora\u0027s Box","Busted Crown"],"picked":"Cursed Key"}],"items_purged_floors":[10,37,45],"is_endless":false,"potions_floor_spawned":[1,13,14,18,27,35,41],"ascension_level":11}