{"gold_per_floor":[109,34,47,47,65,65,77,96,164,191,191,202,102,117,117,117],"floor_reached":16,"playtime":577,"items_purged":["Injury","Strike_B"],"score":208,"play_id":"7f5d7c2a-38b0-414a-b9cd-40cf8ca4c638","local_time":"20181104142420","is_ascension_mode":true,"campfire_choices":[{"data":"Zap","floor":6,"key":"SMITH"},{"data":"Dualcast","floor":11,"key":"SMITH"},{"floor":15,"key":"REST"}],"neow_cost":"CURSE","seed_source_timestamp":241512759669253,"circlet_count":0,"master_deck":["AscendersBane","Strike_B","Strike_B","Strike_B","Defend_B","Defend_B","Defend_B","Defend_B","Zap+1","Dualcast+1","Cold Snap","Self Repair","Core Surge","Chill","Conserve Battery","Glacier"],"relics":["Cracked Core","Calipers","Meat on the Bone","FossilizedHelix"],"potions_floor_usage":[10,16,16],"damage_taken":[{"damage":7,"enemies":"Jaw Worm","floor":1,"turns":3},{"damage":10,"enemies":"Small Slimes","floor":3,"turns":3},{"damage":0,"enemies":"Cultist","floor":5,"turns":3},{"damage":7,"enemies":"Blue Slaver","floor":7,"turns":4},{"damage":9,"enemies":"3 Louse","floor":8,"turns":3},{"damage":22,"enemies":"Gremlin Nob","floor":10,"turns":4},{"damage":12,"enemies":"Gremlin Gang","floor":12,"turns":4},{"damage":6,"enemies":"2 Fungi Beasts","floor":14,"turns":4},{"damage":77,"enemies":"Slime Boss","floor":16,"turns":21}],"seed_played":"-3364222923177069205","potions_obtained":[{"floor":1,"key":"Dexterity Potion"},{"floor":8,"key":"Swift Potion"},{"floor":14,"key":"Explosive Potion"}],"is_trial":false,"path_per_floor":["M","$","M","?","M","R","M","M","T","E","R","M","$","M","R","B"],"character_chosen":"DEFECT","items_purchased":[],"campfire_rested":1,"item_purchase_floors":[],"current_hp_per_floor":[57,57,47,52,52,52,52,50,50,40,40,47,47,48,70,0],"gold":117,"neow_bonus":"ONE_RARE_RELIC","is_prod":false,"is_daily":false,"chose_seed":false,"campfire_upgraded":2,"win_rate":0,"timestamp":1541370260,"path_taken":["M","$","M","?","M","R","M","M","T","E","R","M","$","M","R","BOSS"],"build_version":"2018-11-01","purchased_purges":2,"victory":false,"max_hp_per_floor":[71,71,71,76,76,76,76,76,76,76,76,76,76,76,76,76],"card_choices":[{"not_picked":["Go for the Eyes","Rebound","Steam"],"picked":"SKIP","floor":1},{"not_picked":["Streamline","Darkness"],"picked":"Cold Snap","floor":3},{"not_picked":["Steam","Stack"],"picked":"Self Repair","floor":5},{"not_picked":["Compile Driver","Cold Snap"],"picked":"Core Surge","floor":7},{"not_picked":["Barrage","Coolheaded"],"picked":"Chill","floor":8},{"not_picked":["Gash","Doom and Gloom"],"picked":"Conserve Battery","floor":10},{"not_picked":["Ball Lightning","Leap","Beam Cell"],"picked":"SKIP","floor":12},{"not_picked":["Double Energy","Ball Lightning"],"picked":"Glacier","floor":14}],"player_experience":614195,"relics_obtained":[{"floor":9,"key":"Meat on the Bone"},{"floor":10,"key":"FossilizedHelix"}],"event_choices":[{"damage_healed":0,"gold_gain":0,"player_choice":"Donut","damage_taken":0,"max_hp_gain":5,"max_hp_loss":0,"event_name":"Big Fish","floor":4,"gold_loss":0}],"is_beta":false,"boss_relics":[],"items_purged_floors":[2,13],"is_endless":false,"potions_floor_spawned":[1,8,14],"killed_by":"Slime Boss","ascension_level":20}