{"gold_per_floor":[117,67,82,97,97,97,97,118,118,133,133,56,99,118,118,238,238,263,263,173,161,178,178,204,222,222,222,222,252,47,66,66,168,168,183,199,215,215,215,242,43,43,93,111,44,44,61,76,76,76],"floor_reached":50,"playtime":3558,"items_purged":[],"score":668,"play_id":"63ce13ce-d379-4bf5-afd7-8923fb4d82e3","local_time":"20190307135808","is_ascension_mode":true,"campfire_choices":[{"data":"Neutralize","floor":6,"key":"SMITH"},{"data":"Noxious Fumes","floor":11,"key":"SMITH"},{"floor":15,"key":"REST"},{"data":"Noxious Fumes","floor":23,"key":"SMITH"},{"floor":28,"key":"REST"},{"floor":32,"key":"REST"},{"floor":42,"key":"REST"},{"floor":46,"key":"REST"},{"floor":49,"key":"REST"}],"neow_cost":"NONE","seed_source_timestamp":41229260125935,"circlet_count":0,"master_deck":["Defend_G","Defend_G","Defend_G","Defend_G","Strike_G+1","Strike_G","Strike_G","Survivor","Neutralize+1","Cloak And Dagger","Noxious Fumes+1","Cloak And Dagger","Injury","Well Laid Plans","Blur","Prepared","Backflip+1","Dodge and Roll+1","Noxious Fumes+1","Noxious Fumes","After Image","Acrobatics+1","Acrobatics+1","Leg Sweep","Catalyst","Blur","Caltrops"],"relics":["Ring of the Snake","Bloody Idol","PreservedInsect","Letter Opener","Shuriken","Sozu","Pen Nib","Nunchaku","Sundial","Lee\u0027s Waffle","Lizard Tail","Art of War","OrangePellets","Bag of Marbles"],"potions_floor_usage":[13,13,16,16,24],"damage_taken":[{"damage":1,"enemies":"Jaw Worm","floor":1,"turns":7},{"damage":4,"enemies":"2 Louse","floor":3,"turns":4},{"damage":0,"enemies":"Small Slimes","floor":4,"turns":3},{"damage":4,"enemies":"Exordium Wildlife","floor":8,"turns":3},{"damage":6,"enemies":"Large Slime","floor":10,"turns":7},{"damage":3,"enemies":"3 Sentries","floor":13,"turns":6},{"damage":1,"enemies":"3 Louse","floor":14,"turns":3},{"damage":9,"enemies":"Hexaghost","floor":16,"turns":9},{"damage":10,"enemies":"Chosen","floor":18,"turns":7},{"damage":10,"enemies":"2 Thieves","floor":21,"turns":4},{"damage":1,"enemies":"Shelled Parasite and Fungi","floor":22,"turns":8},{"damage":20,"enemies":"Slavers","floor":24,"turns":5},{"damage":4,"enemies":"Chosen and Byrds","floor":25,"turns":6},{"damage":15,"enemies":"Gremlin Leader","floor":29,"turns":6},{"damage":20,"enemies":"Sentry and Sphere","floor":31,"turns":6},{"damage":34,"enemies":"Collector","floor":33,"turns":9},{"damage":0,"enemies":"3 Shapes","floor":35,"turns":5},{"damage":11,"enemies":"Orb Walker","floor":36,"turns":6},{"damage":46,"enemies":"4 Shapes","floor":37,"turns":5},{"damage":10,"enemies":"Nemesis","floor":40,"turns":9},{"damage":8,"enemies":"Spire Growth","floor":44,"turns":7},{"damage":56,"enemies":"Transient","floor":47,"turns":5},{"damage":0,"enemies":"Maw","floor":48,"turns":8},{"damage":89,"enemies":"Time Eater","floor":50,"turns":13}],"seed_played":"3729083512186364326","potions_obtained":[{"floor":1,"key":"LiquidBronze"},{"floor":3,"key":"GamblersBrew"},{"floor":4,"key":"Block Potion"},{"floor":14,"key":"Poison Potion"},{"floor":16,"key":"SpeedPotion"}],"is_trial":false,"path_per_floor":["M","?","M","M","?","R","?","M","T","M","R","$","E","M","R","B",null,"M","?","?","M","M","R","E","M","T","?","R","E","$","M","R","B",null,"M","M","M","?","?","E","$","R","T","M","$","R","M","M","R","B"],"character_chosen":"THE_SILENT","items_purchased":["Well Laid Plans","Lee\u0027s Waffle","OrangePellets","Caltrops"],"campfire_rested":6,"item_purchase_floors":[12,30,41,45],"current_hp_per_floor":[62,62,58,58,58,58,46,42,42,36,36,36,33,32,53,44,64,54,54,54,54,58,58,43,44,44,44,65,55,77,62,77,48,70,75,69,28,28,28,23,23,46,51,48,48,71,20,25,48,0],"gold":76,"neow_bonus":"THREE_CARDS","is_prod":false,"is_daily":false,"chose_seed":false,"campfire_upgraded":3,"win_rate":0,"timestamp":1551988688,"path_taken":["M","?","M","M","?","R","?","M","T","M","R","$","E","?","R","BOSS","M","?","?","M","?","R","E","M","T","?","R","E","$","M","R","BOSS","M","M","M","?","?","E","$","R","T","M","$","R","M","M","R","BOSS"],"build_version":"2019-01-23","purchased_purges":0,"victory":false,"max_hp_per_floor":[70,70,70,70,70,70,70,70,70,70,70,70,70,70,70,70,70,70,70,70,70,70,70,70,70,70,70,70,70,77,77,77,77,77,77,77,77,77,77,77,77,77,77,77,77,77,77,77,77,77],"card_choices":[{"not_picked":["Blade Dance","Bane"],"picked":"Cloak And Dagger","floor":0},{"not_picked":["Masterful Stab","Quick Slash"],"picked":"Noxious Fumes","floor":1},{"not_picked":["Distraction","Outmaneuver","Accuracy"],"picked":"SKIP","floor":3},{"not_picked":["PiercingWail","Acrobatics"],"picked":"Cloak And Dagger","floor":4},{"not_picked":["Dagger Throw","Underhanded Strike","Flying Knee"],"picked":"SKIP","floor":8},{"not_picked":["Tactician","Deadly Poison","Calculated Gamble"],"picked":"SKIP","floor":10},{"not_picked":["Escape Plan","Poisoned Stab"],"picked":"Blur","floor":13},{"not_picked":["Slice","Blade Dance"],"picked":"Prepared","floor":14},{"not_picked":["Dagger Spray+1","Poisoned Stab"],"picked":"Backflip+1","floor":18},{"not_picked":["Flying Knee","Bane+1"],"picked":"Dodge and Roll+1","floor":21},{"not_picked":["Caltrops","Endless Agony"],"picked":"Noxious Fumes","floor":22},{"not_picked":["Quick Slash","Slice","Blade Dance"],"picked":"SKIP","floor":24},{"not_picked":["Slice","Underhanded Strike"],"picked":"Noxious Fumes","floor":25},{"not_picked":["Cloak And Dagger","Outmaneuver+1","Unload"],"picked":"SKIP","floor":29},{"not_picked":["All Out Attack","Slice","Sucker Punch"],"picked":"SKIP","floor":31},{"not_picked":["Night Terror","Bullet Time"],"picked":"After Image","floor":33},{"not_picked":["Dagger Spray+1","Underhanded Strike"],"picked":"Acrobatics+1","floor":35},{"not_picked":["Flying Knee","All Out Attack"],"picked":"Acrobatics+1","floor":36},{"not_picked":["Bane+1","Outmaneuver+1"],"picked":"Leg Sweep","floor":37},{"not_picked":["Setup","Cloak And Dagger+1"],"picked":"Catalyst","floor":40},{"not_picked":["Slice","Underhanded Strike"],"picked":"Blur","floor":44},{"not_picked":["Slice","Outmaneuver+1","Sucker Punch+1"],"picked":"SKIP","floor":47},{"not_picked":["Deflect","Blade Dance+1","Backstab+1"],"picked":"SKIP","floor":48}],"player_experience":262775,"relics_obtained":[{"floor":9,"key":"Letter Opener"},{"floor":13,"key":"Shuriken"},{"floor":24,"key":"Pen Nib"},{"floor":26,"key":"Nunchaku"},{"floor":29,"key":"Sundial"},{"floor":40,"key":"Art of War"},{"floor":43,"key":"Bag of Marbles"}],"event_choices":[{"cards_removed":["Defend_G"],"damage_healed":0,"gold_gain":0,"player_choice":"Card Removal","damage_taken":0,"max_hp_gain":0,"max_hp_loss":0,"event_name":"The Cleric","floor":2,"gold_loss":50},{"damage_healed":0,"gold_gain":0,"player_choice":"Take Wound","damage_taken":0,"relics_obtained":["Golden Idol"],"max_hp_gain":0,"max_hp_loss":0,"event_name":"Golden Idol","floor":5,"gold_loss":0,"cards_obtained":["Injury"]},{"damage_healed":0,"gold_gain":0,"player_choice":"Success","damage_taken":12,"relics_obtained":["PreservedInsect"],"max_hp_gain":0,"max_hp_loss":0,"event_name":"Scrap Ooze","floor":7,"gold_loss":0},{"damage_healed":0,"gold_gain":0,"player_choice":"Gave Idol","damage_taken":0,"relics_obtained":["Bloody Idol"],"max_hp_gain":0,"max_hp_loss":0,"event_name":"Forgotten Altar","floor":19,"relics_lost":["Golden Idol"],"gold_loss":0},{"cards_removed":["Strike_G"],"damage_healed":0,"gold_gain":0,"player_choice":"Upgrade and Remove","damage_taken":0,"max_hp_gain":0,"max_hp_loss":0,"event_name":"Designer","floor":20,"gold_loss":90,"cards_upgraded":["Strike_G"]},{"damage_healed":0,"gold_gain":0,"player_choice":"0 cards matched","damage_taken":0,"max_hp_gain":0,"max_hp_loss":0,"event_name":"Match and Keep!","floor":27,"gold_loss":0,"cards_obtained":[]},{"cards_removed":["Strike_G"],"damage_healed":0,"gold_gain":0,"player_choice":"Removed Attack","damage_taken":0,"max_hp_gain":0,"max_hp_loss":0,"event_name":"Falling","floor":38,"gold_loss":0},{"damage_healed":0,"gold_gain":0,"player_choice":"Ignored","damage_taken":0,"max_hp_gain":0,"max_hp_loss":0,"event_name":"Tomb of Lord Red Mask","floor":39,"gold_loss":0}],"is_beta":false,"boss_relics":[{"not_picked":["HoveringKite","Black Star"],"picked":"Sozu"},{"not_picked":["Busted Crown","Fusion Hammer"],"picked":"Lizard Tail"}],"items_purged_floors":[],"is_endless":false,"potions_floor_spawned":[1,3,4,14,16,18,24,25,29,31,36,40,44],"killed_by":"Time Eater","ascension_level":6}