{"gold_per_floor":[111,124,124,136,69,69,89,105,131,131,145,156,156,175,175,273,273,291,216],"floor_reached":19,"playtime":1154,"items_purged":[],"score":163,"play_id":"e81e3eb4-bf71-44f7-86d1-ef9ddd771e19","local_time":"20190126212209","is_ascension_mode":false,"campfire_choices":[{"data":"Seeing Red","floor":6,"key":"SMITH"},{"data":"Entrench","floor":13,"key":"SMITH"},{"data":"Armaments","floor":15,"key":"SMITH"}],"neow_cost":"NONE","seed_source_timestamp":3570205625962265,"circlet_count":0,"master_deck":["Strike_R","Strike_R","Strike_R","Strike_R","Defend_R","Defend_R","Defend_R","Defend_R","Bash","Reaper","Dual Wield","Pommel Strike","Seeing Red+1","Armaments+1","Iron Wave","Shockwave","Entrench+1","Iron Wave","Demon Form","Limit Break","Shame","Decay","Normality","Iron Wave"],"relics":["Burning Blood","Calling Bell","Bag of Marbles","Question Card","Charon\u0027s Ashes"],"potions_floor_usage":[16],"damage_taken":[{"damage":0,"enemies":"Small Slimes","floor":1,"turns":3},{"damage":24,"enemies":"Jaw Worm","floor":2,"turns":7},{"damage":6,"enemies":"Cultist","floor":4,"turns":3},{"damage":15,"enemies":"Gremlin Gang","floor":7,"turns":5},{"damage":24,"enemies":"Lots of Slimes","floor":8,"turns":6},{"damage":24,"enemies":"Large Slime","floor":11,"turns":9},{"damage":0,"enemies":"Looter","floor":12,"turns":4},{"damage":8,"enemies":"Blue Slaver","floor":14,"turns":6},{"damage":43,"enemies":"The Guardian","floor":16,"turns":11},{"damage":43,"enemies":"Spheric Guardian","floor":18,"turns":6},{"damage":29,"enemies":"2 Thieves","floor":19,"turns":5}],"seed_played":"-2865125969312740506","potions_obtained":[{"floor":1,"key":"Dexterity Potion"},{"floor":2,"key":"LiquidBronze"},{"floor":14,"key":"Ancient Potion"}],"is_trial":false,"path_per_floor":["M","M","?","M","$","R","M","M","T","?","M","M","R","M","R","B",null,"M","M"],"character_chosen":"IRONCLAD","items_purchased":["Seeing Red"],"campfire_rested":0,"item_purchase_floors":[5],"current_hp_per_floor":[80,72,72,72,72,72,71,67,67,67,56,62,62,65,65,28,80,43,22],"gold":216,"neow_bonus":"ONE_RANDOM_RARE_CARD","is_prod":false,"is_daily":false,"chose_seed":false,"campfire_upgraded":3,"win_rate":0,"timestamp":1548555729,"path_taken":["M","M","?","M","$","R","M","M","T","?","?","M","R","M","R","BOSS","M","M"],"build_version":"2019-01-23","purchased_purges":0,"victory":false,"max_hp_per_floor":[80,80,80,80,80,80,80,80,80,80,80,80,80,80,80,80,80,80,80],"card_choices":[{"not_picked":["Headbutt","Twin Strike"],"picked":"Dual Wield","floor":1},{"not_picked":["Headbutt","Reckless Charge","Havoc"],"picked":"SKIP","floor":2},{"not_picked":["Warcry","Feed"],"picked":"Pommel Strike","floor":4},{"not_picked":["Ghostly Armor","Disarm"],"picked":"Armaments","floor":7},{"not_picked":["Headbutt","Whirlwind"],"picked":"Iron Wave","floor":8},{"not_picked":["Wild Strike","True Grit"],"picked":"Entrench","floor":11},{"not_picked":["Reckless Charge","Cleave"],"picked":"Iron Wave","floor":12},{"not_picked":["Whirlwind","Perfected Strike"],"picked":"Demon Form","floor":14},{"not_picked":["Reaper","Dark Embrace"],"picked":"Limit Break","floor":16},{"not_picked":["Sentinel","Warcry","Whirlwind"],"picked":"Iron Wave","floor":18}],"player_experience":40525,"relics_obtained":[{"floor":17,"key":"Bag of Marbles"},{"floor":17,"key":"Question Card"},{"floor":17,"key":"Charon\u0027s Ashes"}],"event_choices":[{"damage_healed":0,"gold_gain":0,"player_choice":"Ignored","damage_taken":0,"max_hp_gain":0,"max_hp_loss":0,"event_name":"Golden Wing","floor":3,"gold_loss":0},{"damage_healed":0,"gold_gain":0,"cards_transformed":["Strike_R"],"player_choice":"Transformed","damage_taken":0,"max_hp_gain":0,"max_hp_loss":0,"event_name":"Transmorgrifier","floor":10,"gold_loss":0,"cards_obtained":["Shockwave"]}],"is_beta":false,"boss_relics":[{"not_picked":["White Beast Statue","Snecko Eye"],"picked":"Calling Bell"}],"items_purged_floors":[],"is_endless":false,"potions_floor_spawned":[1,2,14],"killed_by":"2 Thieves","ascension_level":0}