{"path_per_floor":["M","M","M","T","$","R","M","M","T","R","M","$","R","$","R","B",null,"M","?","?","M","$","M","R","M","T","R","M","?","R","$","R","B",null,"M","?","M","?","M","R","?","E","T","R","$","M","R","M","R"],"character_chosen":"THE_SILENT","items_purchased":["Orichalcum","Distraction","Bane","Noxious Fumes","Bandage Up"],"gold_per_floor":[109,125,137,137,137,137,154,168,239,239,250,31,31,7,7,103,103,121,121,121,134,134,148,148,158,158,158,170,85,85,15,15,115,115,126,126,144,144,162,162,162,187,232,232,135,155,155,170,170,170],"floor_reached":50,"campfire_rested":6,"playtime":2802,"current_hp_per_floor":[70,70,67,67,67,67,66,66,66,66,66,66,66,66,66,66,70,68,52,39,39,39,39,61,54,54,54,44,44,66,66,66,11,75,63,54,22,22,3,25,25,26,26,48,48,46,68,21,43,0],"items_purged":[],"gold":170,"score":537,"play_id":"e9ab32f4-92d7-4f84-8d7d-f7375020208b","local_time":"20180404163203","is_prod":false,"is_daily":false,"is_ascension_mode":false,"campfire_upgraded":3,"timestamp":1522823523,"path_taken":["M","M","?","?","$","R","M","M","T","R","?","$","R","?","R","BOSS","M","?","?","M","?","M","R","M","T","R","?","?","R","$","R","BOSS","M","?","M","?","M","R","?","E","T","R","?","M","R","M","R","BOSS"],"build_version":"2018-03-29v2","purchased_purges":0,"victory":false,"master_deck":["Defend_G","Defend_G","Defend_G","Defend_G","Strike_G","Strike_G","Strike_G","Strike_G","Strike_G","Survivor","Neutralize","Deadly Poison","Dodge and Roll","Dagger Spray+1","Blade Dance","Flying Knee","Dagger Spray+1","Distraction+1","Bane","Adrenaline","Dagger Spray+1","Poisoned Stab","Slice","Endless Agony","Calculated Gamble+1","Noxious Fumes","Die Die Die","Acrobatics+1","Madness","Madness","Poisoned Stab+1","Bandage Up","Blur+1","Slice","Predator+1","Bandage Up","Backstab+1","Riddle With Holes+1"],"max_hp_per_floor":[70,70,70,70,70,70,70,70,70,70,70,70,70,70,70,70,70,70,70,75,75,75,75,75,75,75,75,75,75,75,75,75,75,75,75,75,75,75,75,75,75,75,75,75,75,75,75,75,75,75],"relics":["Velvet Choker","Girya","Toolbox","Orichalcum","Black Star","Enchiridion","Calipers","Ornamental Fan","Lizard Tail","Pantograph","Smiling Mask","Bag of Preparation"],"card_choices":[{"not_picked":["Terror","Underhanded Strike"],"picked":"Deadly Poison","floor":1},{"not_picked":["Expertise","Crippling Poison"],"picked":"Dodge and Roll","floor":2},{"not_picked":["Outmaneuver","Infinite Blades"],"picked":"Dagger Spray","floor":3},{"not_picked":["Acrobatics","Well Laid Plans"],"picked":"Blade Dance","floor":7},{"not_picked":["Reflex","PiercingWail"],"picked":"Flying Knee","floor":8},{"not_picked":["Poisoned Stab","Cloak And Dagger"],"picked":"Dagger Spray","floor":11},{"not_picked":["Doppelganger","A Thousand Cuts"],"picked":"Adrenaline","floor":16},{"not_picked":["Dagger Throw","Backflip"],"picked":"Dagger Spray","floor":18},{"not_picked":["Prepared","Terror"],"picked":"Poisoned Stab","floor":21},{"not_picked":["Cloak And Dagger","Backflip"],"picked":"Slice","floor":23},{"not_picked":["Riddle With Holes","Underhanded Strike"],"picked":"Endless Agony","floor":25},{"not_picked":["Flying Knee","Bane"],"picked":"Calculated Gamble","floor":28},{"not_picked":["Wraith Form","Phantasmal Killer"],"picked":"Die Die Die","floor":33},{"not_picked":["Dagger Throw","Backflip"],"picked":"Acrobatics","floor":35},{"not_picked":["Acrobatics","Leg Sweep"],"picked":"Poisoned Stab","floor":37},{"not_picked":["Swift Strike","Flash of Steel"],"picked":"Bandage Up","floor":38},{"not_picked":["Caltrops","Sucker Punch"],"picked":"Blur","floor":39},{"not_picked":["Poisoned Stab","Expertise"],"picked":"Predator","floor":42},{"not_picked":["Noxious Fumes","Terror"],"picked":"Backstab","floor":46},{"not_picked":["Prepared","Endless Agony"],"picked":"Riddle With Holes","floor":48}],"player_experience":69795,"potions_floor_usage":[16,18,21,23,33,33,42],"damage_taken":[{"damage":0,"enemies":"Cultist","floor":1,"turns":4},{"damage":0,"enemies":"Jaw Worm","floor":2,"turns":4},{"damage":3,"enemies":"Small Slimes","floor":3,"turns":4},{"damage":1,"enemies":"Blue Slaver","floor":7,"turns":4},{"damage":0,"enemies":"Looter","floor":8,"turns":2},{"damage":0,"enemies":"Large Slime","floor":11,"turns":4},{"damage":0,"enemies":"Slime Boss","floor":16,"turns":6},{"damage":2,"enemies":"Spheric Guardian","floor":18,"turns":4},{"damage":0,"enemies":"Chosen","floor":21,"turns":4},{"damage":0,"enemies":"Sentry and Sphere","floor":23,"turns":3},{"damage":7,"enemies":"3 Cultists","floor":25,"turns":5},{"damage":10,"enemies":"Snecko","floor":28,"turns":4},{"damage":55,"enemies":"Automaton","floor":33,"turns":7},{"damage":12,"enemies":"3 Shapes","floor":35,"turns":1},{"damage":32,"enemies":"3 Darklings","floor":37,"turns":3},{"damage":23,"enemies":"4 Shapes","floor":39,"turns":2},{"damage":40,"enemies":"2 Orb Walkers","floor":42,"turns":4},{"damage":6,"enemies":"Sphere and 2 Shapes","floor":46,"turns":3},{"damage":59,"enemies":"Maw","floor":48,"turns":7},{"damage":81,"enemies":"Donu and Deca","floor":50,"turns":5}],"event_choices":[{"event_name":"Cursed Tome","player_choice":"Obtained Book","floor":19,"damage_taken":0},{"event_name":"Forgotten Altar","player_choice":"Shed Blood","floor":20,"damage_taken":0},{"event_name":"Addict","player_choice":"Obtained Relic","floor":29,"damage_taken":0},{"event_name":"Winding Halls","player_choice":"Embrace Madness","floor":36,"damage_taken":0},{"event_name":"SensoryStone","player_choice":"Memory 1","floor":38,"damage_taken":0},{"event_name":"Transmorgrifier","player_choice":"Transform","floor":41,"damage_taken":0}],"boss_relics":[{"not_picked":["Philosopher\u0027s Stone","White Beast Statue"],"picked":"Black Star"},{"not_picked":["Runic Dome","Runic Pyramid"],"picked":"Lizard Tail"}],"potions_floor_spawned":[1,3,8,18,21,25,28,46],"seed_played":"3977974855082873868","killed_by":"Donu and Deca","ascension_level":0,"is_trial":false}