{"gold_per_floor":[110,120,131,147,147,147,180,192,192,192,41,41,51,76,76,175,175,195,214,139,139,238,238,67,67,93,118,118],"floor_reached":28,"playtime":1021,"items_purged":["Strike_B","Strike_B"],"score":283,"play_id":"bb23d53e-6018-4700-8367-41a8345ed036","local_time":"20180907233718","is_ascension_mode":true,"campfire_choices":[{"data":"Redo","floor":6,"key":"SMITH"},{"data":"Doom and Gloom","floor":10,"key":"SMITH"},{"data":"Zap","floor":12,"key":"SMITH"},{"data":"Genetic Algorithm","floor":15,"key":"SMITH"},{"data":"Darkness","floor":23,"key":"SMITH"},{"data":"Loop","floor":25,"key":"SMITH"}],"neow_cost":"NONE","seed_source_timestamp":98335791310872,"circlet_count":0,"master_deck":["Strike_B","Defend_B","Defend_B","Defend_B","Defend_B","Zap+1","Dualcast","BootSequence","Doom and Gloom+1","Redo+1","Ball Lightning","Self Repair","Auto Shields","Meteor Strike","Compile Driver","Genetic Algorithm+1","Seek","Cold Snap+1","Darkness+1","Loop+1","Loop"],"relics":["Cracked Core","Ancient Tea Set","Bottled Lightning","Bottled Tornado","Bronze Scales","Nuclear Battery","Art of War","Matryoshka"],"potions_floor_usage":[16,27,28],"damage_taken":[{"damage":1,"enemies":"Cultist","floor":1,"turns":3},{"damage":0,"enemies":"2 Louse","floor":2,"turns":2},{"damage":0,"enemies":"Small Slimes","floor":3,"turns":2},{"damage":0,"enemies":"3 Louse","floor":4,"turns":2},{"damage":35,"enemies":"3 Sentries","floor":7,"turns":6},{"damage":1,"enemies":"Exordium Wildlife","floor":8,"turns":3},{"damage":4,"enemies":"Large Slime","floor":13,"turns":4},{"damage":10,"enemies":"Lagavulin","floor":14,"turns":6},{"damage":19,"enemies":"Slime Boss","floor":16,"turns":9},{"damage":17,"enemies":"Spheric Guardian","floor":18,"turns":4},{"damage":0,"enemies":"Chosen","floor":19,"turns":4},{"damage":59,"enemies":"Gremlin Leader","floor":27,"turns":6},{"damage":23,"enemies":"3 Cultists","floor":28,"turns":3}],"seed_played":"-995832971425769516","potions_obtained":[{"floor":1,"key":"Swift Potion"},{"floor":3,"key":"LiquidBronze"},{"floor":8,"key":"SpeedPotion"},{"floor":16,"key":"FearPotion"},{"floor":19,"key":"Block Potion"}],"is_trial":false,"path_per_floor":["M","M","M","M","?","R","E","M","T","R","$","R","M","E","R","B",null,"M","M","?","?","?","R","$","R","T","E"],"character_chosen":"DEFECT","items_purchased":["Meteor Strike","Loop"],"campfire_rested":0,"item_purchase_floors":[11,24],"current_hp_per_floor":[74,74,74,74,74,74,39,45,45,45,45,45,48,45,45,33,75,65,72,72,72,72,72,72,72,72,20,0],"gold":118,"neow_bonus":"RANDOM_COMMON_RELIC","is_prod":false,"is_daily":false,"chose_seed":false,"campfire_upgraded":6,"win_rate":0,"timestamp":1536377838,"path_taken":["M","M","M","?","?","R","E","M","T","R","$","R","M","E","R","BOSS","M","M","?","?","?","R","$","R","T","E","M"],"build_version":"2018-09-06","purchased_purges":2,"victory":false,"max_hp_per_floor":[75,75,75,75,75,75,75,75,75,75,75,75,75,75,75,75,75,75,75,75,75,75,75,75,75,75,75,75],"card_choices":[{"not_picked":["Melter","Ball Lightning"],"picked":"BootSequence","floor":1},{"not_picked":["Static Discharge","Gash"],"picked":"Doom and Gloom","floor":2},{"not_picked":["Go for the Eyes","Sweeping Beam"],"picked":"Redo","floor":3},{"not_picked":["Beam Cell","Rip and Tear"],"picked":"Ball Lightning","floor":4},{"not_picked":["Beam Cell","Scrape","Self Repair"],"picked":"SKIP","floor":7},{"not_picked":["Beam Cell","Scrape"],"picked":"Self Repair","floor":7},{"not_picked":["Turbo","Conserve Battery"],"picked":"Auto Shields","floor":8},{"not_picked":["Blizzard","Ball Lightning"],"picked":"Compile Driver","floor":13},{"not_picked":["Hologram","Rebound"],"picked":"Genetic Algorithm","floor":14},{"not_picked":["Biased Cognition","All For One"],"picked":"Seek","floor":16},{"not_picked":["Ball Lightning","Genetic Algorithm"],"picked":"Cold Snap+1","floor":18},{"not_picked":["Go for the Eyes+1","Static Discharge"],"picked":"Darkness","floor":19},{"not_picked":["Redo","Hyperbeam"],"picked":"Loop","floor":27}],"player_experience":168222,"relics_obtained":[{"floor":7,"key":"Bottled Lightning"},{"floor":9,"key":"Bottled Tornado"},{"floor":14,"key":"Bronze Scales"},{"floor":26,"key":"Art of War"},{"floor":27,"key":"Matryoshka"}],"event_choices":[{"event_name":"The Woman in Blue","player_choice":"Bought 0 Potions","floor":5,"damage_taken":0},{"event_name":"Beggar","player_choice":"Gave Gold","floor":20,"damage_taken":0},{"event_name":"Ghosts","player_choice":"Ignored","floor":21,"damage_taken":0},{"event_name":"Nest","player_choice":"Stole From Cult","floor":22,"damage_taken":0}],"is_beta":false,"boss_relics":[{"not_picked":["Ectoplasm","Snecko Eye"],"picked":"Nuclear Battery"}],"items_purged_floors":[11,24],"is_endless":false,"potions_floor_spawned":[1,3,8,13,14,16,19],"killed_by":"3 Cultists","ascension_level":3}