{"gold_per_floor":[317,248,265,277,294,294,312,312,361,361,206,219,245,258,258,356,356,372,390,480,480],"floor_reached":21,"playtime":1129,"items_purged":[],"score":183,"play_id":"351401c9-a135-41a1-bbb9-bbe08ed9ba78","local_time":"20180910142434","is_ascension_mode":false,"campfire_choices":[{"data":"Cleave","floor":6,"key":"SMITH"},{"data":"Headbutt","floor":8,"key":"SMITH"},{"data":"Carnage","floor":10,"key":"SMITH"},{"data":"Flame Barrier","floor":15,"key":"SMITH"}],"neow_cost":"NO_GOLD","seed_source_timestamp":319418135285514,"circlet_count":0,"master_deck":["Strike_R","Strike_R","Strike_R","Strike_R","Defend_R","Defend_R","Defend_R","Defend_R","Cleave+1","Flame Barrier+1","Anger","Headbutt+1","Carnage+1","Flex","Reaper","Battle Trance","Double Tap","Disarm+1","Metallicize+1","Hemokinesis+1","Warcry","Carnage+1"],"relics":["Burning Blood","Old Coin","Pen Nib","Question Card","Astrolabe"],"potions_floor_usage":[13,16,16,16,21],"damage_taken":[{"damage":1,"enemies":"Cultist","floor":1,"turns":3},{"damage":6,"enemies":"Jaw Worm","floor":3,"turns":3},{"damage":3,"enemies":"Small Slimes","floor":4,"turns":2},{"damage":2,"enemies":"Exordium Wildlife","floor":5,"turns":3},{"damage":8,"enemies":"Lots of Slimes","floor":7,"turns":3},{"damage":2,"enemies":"Blue Slaver","floor":12,"turns":2},{"damage":6,"enemies":"3 Sentries","floor":13,"turns":5},{"damage":4,"enemies":"Gremlin Gang","floor":14,"turns":2},{"damage":47,"enemies":"Hexaghost","floor":16,"turns":6},{"damage":24,"enemies":"Shell Parasite","floor":18,"turns":4},{"damage":14,"enemies":"Spheric Guardian","floor":19,"turns":4},{"damage":42,"enemies":"Shelled Parasite and Fungi","floor":21,"turns":5}],"seed_played":"8586931086299685503","potions_obtained":[{"floor":3,"key":"Block Potion"},{"floor":7,"key":"Strength Potion"},{"floor":12,"key":"FearPotion"},{"floor":14,"key":"SpeedPotion"},{"floor":19,"key":"Poison Potion"}],"is_trial":false,"path_per_floor":["M","$","M","M","M","R","M","R","T","R","$","M","E","M","R","B",null,"M","M","?"],"character_chosen":"IRONCLAD","items_purchased":["Flame Barrier","Reaper"],"campfire_rested":0,"item_purchase_floors":[2,11],"current_hp_per_floor":[80,80,80,80,80,80,78,78,78,78,78,80,80,80,80,39,80,62,54,38,0],"gold":480,"neow_bonus":"ONE_RARE_RELIC","is_prod":false,"is_daily":false,"chose_seed":false,"campfire_upgraded":4,"win_rate":0.0,"timestamp":1536603874,"path_taken":["M","$","M","M","M","R","M","R","T","R","?","M","E","M","R","BOSS","M","M","?","M"],"build_version":"2018-09-06","purchased_purges":0,"victory":false,"max_hp_per_floor":[80,80,80,80,80,80,80,80,80,80,80,80,80,80,80,80,80,80,80,80,80],"card_choices":[{"not_picked":["Body Slam","True Grit"],"picked":"Cleave","floor":1},{"not_picked":["Burning Pact","Hemokinesis"],"picked":"Anger","floor":3},{"not_picked":["Whirlwind","Anger"],"picked":"Headbutt","floor":4},{"not_picked":["Entrench","Reckless Charge"],"picked":"Carnage","floor":5},{"not_picked":["Sword Boomerang","Shockwave"],"picked":"Flex","floor":7},{"not_picked":["Thunderclap","True Grit","Wild Strike"],"picked":"SKIP","floor":12},{"not_picked":["True Grit","Combust"],"picked":"Battle Trance","floor":13},{"not_picked":["Intimidate","Corruption","Wild Strike"],"picked":"Clash","floor":14},{"not_picked":["Brutality","Dark Embrace","Berserk"],"picked":"Double Tap","floor":16},{"not_picked":["Clash","Evolve","True Grit"],"picked":"Warcry","floor":18},{"not_picked":["Warcry","Havoc","Clothesline"],"picked":"Carnage+1","floor":19}],"player_experience":65283,"relics_obtained":[{"floor":9,"key":"Pen Nib"},{"floor":13,"key":"Question Card"}],"event_choices":[{"event_name":"Knowing Skull","player_choice":"GOLD ","floor":20,"damage_taken":0}],"is_beta":false,"boss_relics":[{"not_picked":["Snecko Eye","Lizard Tail"],"picked":"Astrolabe"}],"items_purged_floors":[],"is_endless":false,"potions_floor_spawned":[3,7,12,14,19],"killed_by":"Shelled Parasite and Fungi","ascension_level":0}