{"gold_per_floor":[110,120,120,120,45,75,75,93,93,48,61,61,76,89,89,163,163,180,180,199,124,174,174,190,190,190,166,166,181,181,181,181,181],"floor_reached":33,"playtime":1193,"items_purged":["Writhe"],"score":540,"play_id":"bad412de-5b21-4ee1-841f-7a7271a0bddf","local_time":"20190121220918","is_ascension_mode":true,"campfire_choices":[{"data":"Defragment","floor":12,"key":"SMITH"},{"data":"Ball Lightning","floor":15,"key":"SMITH"},{"data":"Coolheaded","floor":23,"key":"SMITH"},{"floor":25,"key":"REST"},{"data":"Streamline","floor":28,"key":"SMITH"},{"floor":32,"key":"REST"}],"neow_cost":"NONE","seed_source_timestamp":1103955023078592,"circlet_count":0,"master_deck":["AscendersBane","Strike_B","Defend_B","Defend_B","Defend_B","Defend_B","Zap","Dualcast","Coolheaded+1","Coolheaded","Glacier","Coolheaded","Defragment+1","Recycle","Ball Lightning+1","Electrodynamics","Rip and Tear+1","Streamline+1","Gash+1"],"relics":["Cracked Core","NeowsBlessing","Incense Burner","Ice Cream","Runic Dome","Bag of Marbles","Shuriken","Matryoshka"],"potions_floor_usage":[16,16,33],"damage_taken":[{"damage":0,"enemies":"2 Louse","floor":1,"turns":1},{"damage":0,"enemies":"Small Slimes","floor":2,"turns":1},{"damage":0,"enemies":"3 Sentries","floor":6,"turns":2},{"damage":8,"enemies":"Jaw Worm","floor":8,"turns":5},{"damage":4,"enemies":"Large Slime","floor":11,"turns":12},{"damage":0,"enemies":"3 Louse","floor":13,"turns":6},{"damage":3,"enemies":"2 Fungi Beasts","floor":14,"turns":4},{"damage":19,"enemies":"Hexaghost","floor":16,"turns":8},{"damage":2,"enemies":"3 Byrds","floor":18,"turns":2},{"damage":25,"enemies":"Shell Parasite","floor":20,"turns":7},{"damage":5,"enemies":"Cultist and Chosen","floor":24,"turns":8},{"damage":8,"enemies":"Centurion and Healer","floor":29,"turns":6},{"damage":14,"enemies":"Colosseum Slavers","floor":30,"turns":4},{"damage":50,"enemies":"Automaton","floor":33,"turns":8}],"seed_played":"-8632884461602357179","potions_obtained":[{"floor":2,"key":"FocusPotion"},{"floor":13,"key":"Poison Potion"},{"floor":24,"key":"Energy Potion"}],"is_trial":false,"path_per_floor":["?","?","?","$","?","?","?","T"],"character_chosen":"DEFECT","items_purchased":["Defragment","Streamline"],"campfire_rested":2,"item_purchase_floors":[10,27],"current_hp_per_floor":[64,64,57,57,57,57,57,49,49,49,45,45,45,42,42,23,59,57,57,32,32,32,32,27,48,48,48,48,40,26,26,47,0],"gold":181,"neow_bonus":"THREE_ENEMY_KILL","is_prod":false,"is_daily":false,"chose_seed":false,"campfire_upgraded":4,"win_rate":0,"timestamp":1548126558,"path_taken":["M","M","?","?","?","E","?","M","T","$","M","R","M","M","R","BOSS","M","?","M","$","?","R","M","R","T","$","R","M","?","?","R","BOSS"],"build_version":"2019-01-20","purchased_purges":1,"victory":false,"max_hp_per_floor":[71,71,71,71,71,71,71,71,71,71,71,71,71,71,71,71,71,71,71,71,71,71,71,71,71,71,71,71,71,71,71,71,71],"card_choices":[{"not_picked":["Redo","Sweeping Beam"],"picked":"Coolheaded","floor":1},{"not_picked":["Blizzard","Stack"],"picked":"Coolheaded","floor":2},{"not_picked":["Go for the Eyes","Chill","Leap"],"picked":"SKIP","floor":6},{"not_picked":["Leap","Hello World"],"picked":"Coolheaded","floor":8},{"not_picked":["Compile Driver","Storm"],"picked":"Recycle","floor":11},{"not_picked":["Rebound","Barrage"],"picked":"Ball Lightning","floor":13},{"not_picked":["Hologram","Redo","Static Discharge"],"picked":"SKIP","floor":14},{"not_picked":["Amplify","Machine Learning"],"picked":"Electrodynamics","floor":16},{"not_picked":["Consume","Reinforced Body","Rebound"],"picked":"SKIP","floor":18},{"not_picked":["Conserve Battery","Turbo","Auto Shields"],"picked":"SKIP","floor":20},{"not_picked":["Go for the Eyes","Melter"],"picked":"Rip and Tear+1","floor":24},{"not_picked":["Cold Snap","Hologram"],"picked":"Gash+1","floor":29}],"player_experience":485430,"relics_obtained":[{"floor":6,"key":"Incense Burner"},{"floor":9,"key":"Ice Cream"},{"floor":26,"key":"Shuriken"},{"floor":31,"key":"Matryoshka"}],"event_choices":[{"cards_removed":["Strike_B"],"damage_healed":0,"gold_gain":0,"player_choice":"Card Removal","damage_taken":7,"max_hp_gain":0,"max_hp_loss":0,"event_name":"Golden Wing","floor":3,"gold_loss":0},{"damage_healed":0,"gold_gain":0,"cards_transformed":["Strike_B"],"player_choice":"Change","damage_taken":0,"max_hp_gain":0,"max_hp_loss":0,"event_name":"Living Wall","floor":4,"gold_loss":0,"cards_obtained":["Glacier"]},{"cards_removed":["Strike_B"],"damage_healed":0,"gold_gain":0,"player_choice":"Card Removal","damage_taken":0,"max_hp_gain":0,"max_hp_loss":0,"event_name":"The Cleric","floor":5,"gold_loss":75},{"damage_healed":0,"gold_gain":0,"player_choice":"Opened","damage_taken":0,"relics_obtained":["Bag of Marbles"],"max_hp_gain":0,"max_hp_loss":0,"event_name":"The Mausoleum","floor":19,"gold_loss":0,"cards_obtained":["Writhe"]},{"damage_healed":0,"gold_gain":50,"player_choice":"Stole From Cult","damage_taken":0,"max_hp_gain":0,"max_hp_loss":0,"event_name":"Nest","floor":22,"gold_loss":0},{"damage_healed":0,"gold_gain":0,"player_choice":"Fight","damage_taken":0,"max_hp_gain":0,"max_hp_loss":0,"event_name":"Colosseum","floor":30,"gold_loss":0},{"damage_healed":0,"gold_gain":0,"player_choice":"Fled From Nobs","damage_taken":0,"max_hp_gain":0,"max_hp_loss":0,"event_name":"Colosseum","floor":30,"gold_loss":0}],"is_beta":true,"boss_relics":[{"not_picked":["Black Star","Tiny House"],"picked":"Runic Dome"}],"items_purged_floors":[21],"is_endless":false,"potions_floor_spawned":[2,13,14,24],"killed_by":"Automaton","ascension_level":20}