{"gold_per_floor":[361,411,22,38,58,58,69,98,179,198,198,228,247,275,275,352,352,369,55,74,92,112,112,112,112],"floor_reached":25,"playtime":1657,"items_purged":["Injury"],"score":394,"play_id":"7afe0754-2968-449a-a163-3a8d4bd5f73a","local_time":"20180811203414","is_ascension_mode":true,"campfire_choices":[{"data":"Zap","floor":6,"key":"SMITH"},{"floor":11,"key":"REST"},{"floor":15,"key":"REST"},{"floor":23,"key":"REST"}],"neow_cost":"CURSE","seed_source_timestamp":2685618684386970,"circlet_count":0,"master_deck":["Strike_B+1","Strike_B+1","Strike_B","Strike_B","Defend_B","Defend_B","Defend_B","Defend_B","Zap+1","Dualcast","AscendersBane","Coolheaded","Biased Cognition","Compile Driver","Barrage","Barrage","Creative AI","BootSequence","Leap","Ball Lightning","Go for the Eyes","Stack","Reboot","Conserve Battery","Coolheaded","Leap+1"],"relics":["Cracked Core","Orichalcum","Calipers","Bottled Flame","Whetstone","Turnip","Sozu","Emotion Chip"],"potions_floor_usage":[8,12,16,20],"damage_taken":[{"damage":9,"enemies":"Jaw Worm","floor":1,"turns":3},{"damage":0,"enemies":"Cultist","floor":4,"turns":3},{"damage":0,"enemies":"Small Slimes","floor":5,"turns":3},{"damage":22,"enemies":"Gremlin Gang","floor":7,"turns":4},{"damage":17,"enemies":"3 Sentries","floor":8,"turns":7},{"damage":5,"enemies":"Lots of Slimes","floor":10,"turns":4},{"damage":9,"enemies":"Gremlin Nob","floor":12,"turns":3},{"damage":0,"enemies":"Exordium Thugs","floor":13,"turns":3},{"damage":8,"enemies":"3 Sentries","floor":14,"turns":6},{"damage":28,"enemies":"The Guardian","floor":16,"turns":14},{"damage":2,"enemies":"Spheric Guardian","floor":18,"turns":4},{"damage":17,"enemies":"2 Thieves","floor":20,"turns":4},{"damage":0,"enemies":"Sentry and Sphere","floor":21,"turns":7},{"damage":18,"enemies":"Snecko","floor":22,"turns":8},{"damage":44,"enemies":"Slavers","floor":25,"turns":3}],"seed_played":"3955587805031746812","potions_obtained":[{"floor":5,"key":"SteroidPotion"},{"floor":7,"key":"Strength Potion"},{"floor":10,"key":"Fire Potion"},{"floor":14,"key":"SkillPotion"},{"floor":16,"key":"SteroidPotion"}],"is_trial":false,"path_per_floor":["M","?","$","M","M","R","M","E","T","M","R","E","M","E","R","B",null,"M","$","M","M","M","R","?"],"character_chosen":"DEFECT","items_purchased":["Orichalcum","Biased Cognition","Compile Driver","Barrage","Emotion Chip"],"campfire_rested":3,"item_purchase_floors":[3,3,3,3,19],"current_hp_per_floor":[55,55,55,55,55,55,33,16,16,11,32,23,23,15,36,8,55,53,53,36,36,18,39,39,0],"gold":112,"neow_bonus":"TWO_FIFTY_GOLD","is_prod":false,"is_daily":false,"chose_seed":false,"campfire_upgraded":1,"win_rate":0,"timestamp":1534012454,"path_taken":["M","?","$","M","M","R","?","E","T","M","R","E","?","E","R","BOSS","M","$","M","M","M","R","?","E"],"build_version":"2018-08-09","purchased_purges":1,"victory":false,"max_hp_per_floor":[71,71,71,71,71,71,71,71,71,71,71,71,71,71,71,71,71,71,71,71,71,71,71,71,71],"card_choices":[{"not_picked":["Steam","Reprogram"],"picked":"Coolheaded","floor":1},{"not_picked":["Blizzard","Redo","Gash"],"picked":"SKIP","floor":4},{"not_picked":["Turbo","Coolheaded"],"picked":"Barrage","floor":5},{"not_picked":["Go for the Eyes","Turbo"],"picked":"Creative AI","floor":7},{"not_picked":["Amplify","Barrage"],"picked":"BootSequence","floor":8},{"not_picked":["Steam","Redo"],"picked":"Leap","floor":10},{"not_picked":["Gash","Sweeping Beam"],"picked":"Ball Lightning","floor":12},{"not_picked":["Leap","Double Energy"],"picked":"Go for the Eyes","floor":13},{"not_picked":["Beam Cell","Fusion"],"picked":"Stack","floor":14},{"not_picked":["Biased Cognition","Creative AI"],"picked":"Reboot","floor":16},{"not_picked":["Beam Cell","Recycle"],"picked":"Conserve Battery","floor":18},{"not_picked":["FTL","Gash"],"picked":"Coolheaded","floor":20},{"not_picked":["Compile Driver","BootSequence"],"picked":"Leap+1","floor":21},{"not_picked":["Sweeping Beam","Rip and Tear","Turbo"],"picked":"SKIP","floor":22}],"player_experience":952986,"relics_obtained":[{"floor":8,"key":"Calipers"},{"floor":9,"key":"Bottled Flame"},{"floor":12,"key":"Whetstone"},{"floor":14,"key":"Turnip"}],"event_choices":[{"event_name":"Golden Shrine","player_choice":"Pray","floor":2,"damage_taken":0},{"event_name":"The Lab","player_choice":"Got Potions","floor":24,"damage_taken":0}],"is_beta":false,"boss_relics":[{"not_picked":["Runic Pyramid","Calling Bell"],"picked":"Sozu"}],"items_purged_floors":[3],"is_endless":false,"potions_floor_spawned":[5,7,10,14,16,20,21,22],"killed_by":"Slavers","ascension_level":15}