{"gold_per_floor":[12,12,24,35,35,35,45,45,45,45,59,88,62,77,77,172,172,185,202,214,19,35,134,145,164,164,164,164,164,179,179,179,179],"floor_reached":33,"playtime":2447,"items_purged":[],"score":251,"play_id":"f7ffc142-75de-4c63-b9ba-8767152ae625","local_time":"20190306214516","is_ascension_mode":false,"campfire_choices":[{"floor":6,"key":"REST"},{"floor":8,"key":"REST"},{"data":"Zap","floor":10,"key":"SMITH"},{"floor":15,"key":"REST"},{"floor":27,"key":"REST"},{"floor":29,"key":"REST"},{"floor":32,"key":"REST"}],"neow_cost":"NO_GOLD","seed_source_timestamp":33781335181074,"circlet_count":0,"master_deck":["Strike_B","Strike_B","Strike_B","Defend_B","Defend_B","Defend_B+1","Defend_B","Zap+1","Dualcast","Beam Cell","Conserve Battery+1","Tempest","Gash","Thunder Strike","Scrape","All For One","Gash","Go for the Eyes","Streamline","Steam"],"relics":["Cracked Core","Bird Faced Urn","Symbiotic Virus","Dodecahedron","Nuclear Battery","Lantern","Bottled Flame","Nilry\u0027s Codex"],"potions_floor_usage":[12,12,16,30,30],"damage_taken":[{"damage":6,"enemies":"Jaw Worm","floor":1,"turns":4},{"damage":9,"enemies":"2 Louse","floor":3,"turns":2},{"damage":0,"enemies":"Small Slimes","floor":4,"turns":3},{"damage":11,"enemies":"Exordium Wildlife","floor":7,"turns":6},{"damage":22,"enemies":"Gremlin Gang","floor":11,"turns":4},{"damage":18,"enemies":"Gremlin Nob","floor":12,"turns":4},{"damage":13,"enemies":"Lots of Slimes","floor":14,"turns":3},{"damage":19,"enemies":"Hexaghost","floor":16,"turns":7},{"damage":15,"enemies":"2 Thieves","floor":18,"turns":2},{"damage":11,"enemies":"Shell Parasite","floor":19,"turns":6},{"damage":7,"enemies":"3 Cultists","floor":20,"turns":4},{"damage":15,"enemies":"Snecko","floor":22,"turns":4},{"damage":16,"enemies":"Shelled Parasite and Fungi","floor":24,"turns":5},{"damage":1,"enemies":"Chosen and Byrds","floor":25,"turns":3},{"damage":13,"enemies":"Snake Plant","floor":30,"turns":4},{"damage":50,"enemies":"Automaton","floor":33,"turns":8}],"seed_played":"-4182468865458488222","potions_obtained":[{"floor":4,"key":"Weak Potion"},{"floor":7,"key":"FearPotion"},{"floor":12,"key":"Weak Potion"},{"floor":19,"key":"Ancient Potion"},{"floor":24,"key":"SneckoOil"},{"floor":25,"key":"Dexterity Potion"}],"is_trial":false,"path_per_floor":["?","?","?","?","?","?"],"character_chosen":"DEFECT","items_purchased":["Lantern","Streamline"],"campfire_rested":6,"item_purchase_floors":[21,21],"current_hp_per_floor":[69,62,53,53,38,60,49,71,71,71,49,31,31,18,40,21,75,60,49,42,42,27,27,11,10,10,32,32,54,41,25,47,0],"gold":179,"neow_bonus":"ONE_RARE_RELIC","is_prod":false,"is_daily":false,"chose_seed":false,"campfire_upgraded":1,"win_rate":0.0,"timestamp":1551905116,"path_taken":["M","?","M","M","?","R","M","R","T","R","M","E","?","M","R","BOSS","M","M","M","$","M","?","M","M","T","R","?","R","M","?","R","BOSS"],"build_version":"2019-01-23","purchased_purges":0,"victory":false,"max_hp_per_floor":[75,75,75,75,75,75,75,75,75,75,75,75,75,75,75,75,75,75,75,75,75,75,75,75,75,75,75,75,75,75,75,75,75],"card_choices":[{"not_picked":["Ball Lightning","Hologram"],"picked":"Beam Cell","floor":1},{"not_picked":["Sweeping Beam","Beam Cell"],"picked":"Conserve Battery","floor":3},{"not_picked":["Rebound","Hologram","Ball Lightning"],"picked":"SKIP","floor":4},{"not_picked":["Sweeping Beam","Streamline"],"picked":"Tempest","floor":7},{"not_picked":["Cold Snap","Chill"],"picked":"Gash","floor":11},{"not_picked":["Ball Lightning","Beam Cell"],"picked":"Thunder Strike","floor":12},{"not_picked":["Gash","Redo"],"picked":"Scrape","floor":14},{"not_picked":["Amplify","Rainbow"],"picked":"All For One","floor":16},{"not_picked":["Beam Cell","Conserve Battery+1"],"picked":"Gash","floor":18},{"not_picked":["Stack","Darkness","Lockon"],"picked":"SKIP","floor":19},{"not_picked":["Beam Cell","Cold Snap+1"],"picked":"Go for the Eyes","floor":20},{"not_picked":["Fusion+1","Rebound+1"],"picked":"Steam","floor":22},{"not_picked":["Melter","Rebound","Stack"],"picked":"SKIP","floor":24},{"not_picked":["Hello World","Double Energy","Leap"],"picked":"SKIP","floor":25},{"not_picked":["Turbo","Barrage","Recycle"],"picked":"SKIP","floor":30}],"player_experience":56342,"relics_obtained":[{"floor":9,"key":"Symbiotic Virus"},{"floor":12,"key":"Dodecahedron"},{"floor":26,"key":"Bottled Flame"},{"floor":31,"key":"Nilry\u0027s Codex"}],"event_choices":[{"cards_removed":["Strike_B"],"damage_healed":0,"gold_gain":0,"player_choice":"Card Removal","damage_taken":7,"max_hp_gain":0,"max_hp_loss":0,"event_name":"Golden Wing","floor":2,"gold_loss":0},{"damage_healed":0,"gold_gain":0,"player_choice":"Entered Light","damage_taken":15,"max_hp_gain":0,"max_hp_loss":0,"event_name":"Shining Light","floor":5,"gold_loss":0,"cards_upgraded":["Conserve Battery","Defend_B"]},{"damage_healed":0,"gold_gain":0,"player_choice":"Left Gold","damage_taken":0,"max_hp_gain":0,"max_hp_loss":0,"event_name":"World of Goop","floor":13,"gold_loss":26},{"damage_healed":0,"gold_gain":99,"player_choice":"Stole From Cult","damage_taken":0,"max_hp_gain":0,"max_hp_loss":0,"event_name":"Nest","floor":23,"gold_loss":0},{"damage_healed":0,"gold_gain":0,"player_choice":"Ignored","damage_taken":0,"max_hp_gain":0,"max_hp_loss":0,"event_name":"Ghosts","floor":28,"gold_loss":0},{"damage_healed":0,"gold_gain":0,"player_choice":"Obtained Book","damage_taken":16,"max_hp_gain":0,"max_hp_loss":0,"event_name":"Cursed Tome","floor":31,"gold_loss":0}],"is_beta":false,"boss_relics":[{"not_picked":["Empty Cage","Snecko Eye"],"picked":"Nuclear Battery"}],"items_purged_floors":[],"is_endless":false,"potions_floor_spawned":[4,7,12,19,24,25],"killed_by":"Automaton","ascension_level":0}