{"gold_per_floor":[111,127,145,163,163,196,196,223,278,18,18,29,55,55],"floor_reached":14,"playtime":713,"items_purged":[],"score":175,"play_id":"9305c2df-e0e4-4ae2-a5f1-22cb7825f742","local_time":"20180624233640","is_ascension_mode":true,"campfire_choices":[{"floor":7,"key":"REST"},{"data":"Zap","floor":11,"key":"SMITH"}],"neow_cost":"NONE","seed_source_timestamp":612325460618841,"circlet_count":0,"master_deck":["Strike_B","Strike_B","Strike_B","Strike_B","Defend_B","Defend_B","Defend_B","Defend_B","Zap+1","Dualcast","AscendersBane","Cold Snap","Loop","Gash","Leap","Conserve Battery","Go for the Eyes","Consume","Self Repair"],"relics":["Cracked Core","Mango","Bottled Lightning","Pen Nib","Question Card","Odd Mushroom"],"potions_floor_usage":[6,13],"damage_taken":[{"damage":0,"enemies":"Cultist","floor":1,"turns":3},{"damage":5,"enemies":"Jaw Worm","floor":2,"turns":4},{"damage":0,"enemies":"2 Louse","floor":3,"turns":2},{"damage":0,"enemies":"Large Slime","floor":4,"turns":5},{"damage":28,"enemies":"Lagavulin","floor":6,"turns":9},{"damage":18,"enemies":"3 Sentries","floor":8,"turns":9},{"damage":7,"enemies":"2 Fungi Beasts","floor":12,"turns":4},{"damage":31,"floor":13,"turns":5},{"damage":6,"enemies":"Lots of Slimes","floor":14,"turns":2}],"seed_played":"6173659795119400958","potions_obtained":[{"floor":3,"key":"SpeedPotion"},{"floor":8,"key":"Dexterity Potion"},{"floor":12,"key":"SteroidPotion"},{"floor":13,"key":"FocusPotion"}],"is_trial":false,"path_per_floor":["M","M","M","M","?","E","R","E","T","$","R","M","?"],"character_chosen":"DEFECT","items_purchased":["Question Card"],"campfire_rested":1,"item_purchase_floors":[10],"current_hp_per_floor":[64,59,59,59,59,45,70,52,52,52,52,45,14,8],"gold":55,"neow_bonus":"THREE_CARDS","is_prod":false,"is_daily":false,"chose_seed":false,"campfire_upgraded":1,"win_rate":0,"timestamp":1529876200,"path_taken":["M","?","M","M","?","E","R","E","T","$","R","M","?","M"],"build_version":"2018-06-21v2","purchased_purges":0,"victory":false,"max_hp_per_floor":[71,71,71,71,71,85,85,85,85,85,85,85,85,85],"card_choices":[{"not_picked":["Go for the Eyes","Turbo"],"picked":"Cold Snap","floor":0},{"not_picked":["Streamline","Cold Snap"],"picked":"Loop","floor":1},{"not_picked":["Static Discharge","Rebound"],"picked":"Gash","floor":2},{"not_picked":["Sweeping Beam","Aggregate"],"picked":"Leap","floor":3},{"not_picked":["Aggregate","Ball Lightning"],"picked":"Conserve Battery","floor":4},{"not_picked":["Beam Cell","Storm"],"picked":"Go for the Eyes","floor":6},{"not_picked":["Double Energy","Rebound"],"picked":"Consume","floor":8},{"not_picked":["Darkness","Beam Cell","Turbo","Rip and Tear"],"picked":"SKIP","floor":12},{"not_picked":["Chill","Leap","Streamline"],"picked":"Self Repair","floor":13}],"player_experience":695661,"relics_obtained":[{"floor":6,"key":"Mango"},{"floor":8,"key":"Bottled Lightning"},{"floor":9,"key":"Pen Nib"},{"floor":13,"key":"Odd Mushroom"}],"event_choices":[{"event_name":"Scrap Ooze","player_choice":"unsuccessful","floor":5,"damage_taken":0},{"event_name":"Mushrooms","player_choice":"Fought Mushrooms","floor":13,"damage_taken":0}],"boss_relics":[],"items_purged_floors":[],"is_endless":false,"potions_floor_spawned":[3,8,12,13],"killed_by":"Lots of Slimes","ascension_level":15}