{"path_per_floor":["M","M","?","$","?","R","M","R","T","M","$","M","R","M","R","B",null,"M","$","M","?","M","R","M","R","T","M"],"character_chosen":"IRONCLAD","items_purchased":["Bag of Marbles"],"gold_per_floor":[115,132,132,57,57,57,76,76,76,91,91,110,110,130,130,225,225,236,79,90,90,105,105,123,123,147,161,161],"floor_reached":28,"campfire_rested":1,"playtime":648,"current_hp_per_floor":[42,47,47,47,40,40,43,43,43,42,42,27,27,25,49,14,80,68,68,66,66,54,54,40,40,40,12,12],"items_purged":["Defend_R"],"gold":161,"score":212,"play_id":"93db031f-107a-4fb6-8249-576deeb0d783","local_time":"20180422141846","is_prod":false,"is_daily":false,"chose_seed":false,"is_ascension_mode":false,"campfire_upgraded":5,"timestamp":1524374326,"path_taken":["M","M","?","$","?","R","M","R","T","M","$","M","R","?","R","BOSS","M","$","M","?","M","R","M","R","T","M","E"],"build_version":"2018-04-19","seed_source_timestamp":1985202653206191,"purchased_purges":1,"victory":false,"master_deck":["Strike_R","Strike_R","Strike_R","Strike_R","Strike_R+1","Defend_R","Defend_R","Bash+1","Flex+1","Limit Break+1","Pummel+1","Heavy Blade+1","Decay"],"max_hp_per_floor":[80,80,80,80,80,80,80,80,80,80,80,80,80,80,80,80,80,80,80,80,80,80,80,80,80,80,82,82],"relics":["Burning Blood","Ice Cream","Lantern","Cursed Key","Bag of Marbles","Singing Bowl"],"card_choices":[{"not_picked":["Metallicize","Corruption"],"picked":"Flex","floor":12},{"not_picked":["Impervious","Brutality"],"picked":"Limit Break","floor":16},{"not_picked":["Armaments","Wild Strike"],"picked":"Heavy Blade","floor":24}],"player_experience":470927,"potions_floor_usage":[16,16,16],"damage_taken":[{"damage":4,"enemies":"2 Louse","floor":1,"turns":4},{"damage":1,"enemies":"Cultist","floor":2,"turns":3},{"damage":3,"enemies":"Small Slimes","floor":7,"turns":3},{"damage":7,"enemies":"3 Louse","floor":10,"turns":3},{"damage":21,"enemies":"Lots of Slimes","floor":12,"turns":5},{"damage":8,"enemies":"Red Slaver","floor":14,"turns":2},{"damage":56,"enemies":"The Guardian","floor":16,"turns":9},{"damage":18,"enemies":"Chosen","floor":18,"turns":3},{"damage":8,"enemies":"3 Byrds","floor":20,"turns":5},{"damage":18,"enemies":"Snake Plant","floor":22,"turns":4},{"damage":20,"enemies":"Centurion and Healer","floor":24,"turns":3},{"damage":36,"enemies":"Cultist and Chosen","floor":27,"turns":6},{"damage":0,"enemies":"Slavers","floor":28,"turns":1}],"event_choices":[{"event_name":"The Woman in Blue","player_choice":"Bought 0 Potions","floor":3,"damage_taken":0},{"event_name":"Golden Wing","player_choice":"Card Removal","floor":5,"damage_taken":0},{"event_name":"The Library","player_choice":"Read","floor":21,"damage_taken":0}],"boss_relics":[{"not_picked":["Eternal Feather","White Beast Statue"],"picked":"Cursed Key"}],"potions_floor_spawned":[1,2,14,18,22],"seed_played":"-7081585471589201862","killed_by":"Slavers","ascension_level":0,"is_trial":false}