{"gold_per_floor":[117,117,117,128,139,139,174,190,190,207,219,219,219,28,28,126,126,143,143,143,90,109,109,27,27,74,124,124,153,153,84,84,182,182,196,196,196,213,231,231,40,40,40,60,60,60,60,60,60,60],"floor_reached":51,"playtime":4056,"items_purged":[],"score":684,"play_id":"d4dcab32-a4e1-4c63-8f14-3075eaad2d6c","local_time":"20190302045519","is_ascension_mode":false,"campfire_choices":[{"data":"Terror","floor":6,"key":"SMITH"},{"floor":15,"key":"REST"},{"floor":23,"key":"REST"},{"data":"Tactician","floor":25,"key":"SMITH"},{"data":"Skewer","floor":30,"key":"SMITH"},{"floor":32,"key":"REST"},{"floor":40,"key":"REST"},{"data":"Flechettes","floor":42,"key":"SMITH"},{"floor":46,"key":"REST"},{"data":"Survivor","floor":47,"key":"SMITH"},{"floor":49,"key":"REST"}],"neow_cost":"NONE","seed_source_timestamp":40303834731626,"circlet_count":0,"master_deck":["Defend_G+1","Defend_G+1","Defend_G+1","Strike_G+1","Strike_G+1","Strike_G+1","Strike_G+1","Strike_G+1","Survivor+1","Neutralize+1","Dagger Throw+1","Terror+1","Skewer+1","Backstab+1","Prepared+1","Dagger Spray+1","Footwork+1","After Image+1","Infinite Blades+1","Underhanded Strike+1","Underhanded Strike+1","Tactician+1","All Out Attack+1","Heel Hook+1","Malaise+1","Outmaneuver+1","Underhanded Strike+1","Flechettes+1","Malaise+1","Parasite","Backstab+1"],"relics":["Runic Pyramid","WingedGreaves","FossilizedHelix","Tough Bandages","Pen Nib","Sozu","Strawberry","PreservedInsect","Bag of Marbles","Bottled Lightning","Empty Cage","DollysMirror","Shuriken","Mark of the Bloom"],"potions_floor_usage":[50],"damage_taken":[{"damage":1,"enemies":"Jaw Worm","floor":1,"turns":5},{"damage":2,"enemies":"Small Slimes","floor":4,"turns":4},{"damage":0,"enemies":"Cultist","floor":5,"turns":3},{"damage":17,"enemies":"3 Sentries","floor":7,"turns":10},{"damage":8,"enemies":"Exordium Wildlife","floor":8,"turns":3},{"damage":0,"enemies":"Blue Slaver","floor":10,"turns":3},{"damage":0,"enemies":"Red Slaver","floor":11,"turns":2},{"damage":0,"enemies":"The Guardian","floor":16,"turns":16},{"damage":5,"enemies":"Chosen","floor":18,"turns":2},{"damage":13,"enemies":"Colosseum Slavers","floor":19,"turns":5},{"damage":10,"enemies":"2 Thieves","floor":22,"turns":4},{"damage":9,"enemies":"Book of Stabbing","floor":29,"turns":4},{"damage":19,"enemies":"Champ","floor":33,"turns":9},{"damage":11,"enemies":"Orb Walker","floor":35,"turns":4},{"damage":12,"enemies":"3 Darklings","floor":38,"turns":5},{"damage":12,"enemies":"Spire Growth","floor":39,"turns":6},{"damage":21,"enemies":"Writhing Mass","floor":44,"turns":7},{"damage":30,"enemies":"Time Eater","floor":50,"turns":12}],"seed_played":"-965278093305535491","potions_obtained":[{"floor":1,"key":"GhostInAJar"},{"floor":10,"key":"Regen Potion"},{"floor":11,"key":"SpeedPotion"}],"is_trial":false,"path_per_floor":["M","?","?","M","M","R","E","M","T","M","M","?","?","$","R","B",null,"M","?","?","$","M","R","$","R","T","T","?","E","R","$","R","B",null,"M","?","?","M","M","R","$","R","T","M","$","R","R","?","R","B",null],"character_chosen":"THE_SILENT","items_purchased":["Pen Nib","Footwork","Underhanded Strike","Tactician","Heel Hook","DollysMirror"],"campfire_rested":6,"item_purchase_floors":[14,14,21,24,31,41],"current_hp_per_floor":[69,69,69,67,67,67,50,42,42,42,42,24,24,24,45,45,70,65,52,52,52,42,63,63,63,70,70,70,61,61,61,77,58,77,66,66,66,54,42,65,65,65,65,44,44,67,67,67,67,37],"gold":60,"neow_bonus":"BOSS_RELIC","is_prod":false,"is_daily":false,"chose_seed":false,"campfire_upgraded":5,"win_rate":0.0,"timestamp":1551524119,"path_taken":["M","?","?","M","M","R","E","M","T","M","?","?","?","$","R","BOSS","M","?","?","$","M","R","$","R","T","?","?","E","R","$","R","BOSS","M","?","?","?","?","R","?","R","T","M","$","R","R","?","R","BOSS"],"build_version":"2019-01-23","purchased_purges":0,"victory":true,"max_hp_per_floor":[70,70,70,70,70,70,70,70,70,70,70,70,70,70,70,70,70,70,70,70,70,70,70,70,70,77,77,77,77,77,77,77,77,77,77,77,77,77,77,77,77,77,77,77,77,77,77,77,77,77],"card_choices":[{"not_picked":["Calculated Gamble","Bouncing Flask"],"picked":"Dagger Throw","floor":1},{"not_picked":["Dagger Throw","Underhanded Strike"],"picked":"Terror","floor":4},{"not_picked":["Deflect","Backflip"],"picked":"Skewer","floor":5},{"not_picked":["All Out Attack","Deadly Poison"],"picked":"Backstab","floor":7},{"not_picked":["Catalyst","Crippling Poison"],"picked":"Prepared","floor":8},{"not_picked":["Bouncing Flask","Blade Dance"],"picked":"Terror","floor":10},{"not_picked":["Prepared","Crippling Poison"],"picked":"Dagger Spray","floor":11},{"not_picked":["Corpse Explosion","Phantasmal Killer"],"picked":"After Image","floor":16},{"not_picked":["Eviscerate","Deadly Poison"],"picked":"Infinite Blades","floor":18},{"not_picked":["Choke","PiercingWail+1"],"picked":"Underhanded Strike+1","floor":22},{"not_picked":["Infinite Blades","Dagger Throw"],"picked":"All Out Attack+1","floor":29},{"not_picked":["Bullet Time","After Image"],"picked":"Malaise","floor":33},{"not_picked":["Sucker Punch","Backflip"],"picked":"Outmaneuver+1","floor":35},{"not_picked":["Acrobatics","Distraction"],"picked":"Underhanded Strike","floor":38},{"not_picked":["Poisoned Stab","Prepared"],"picked":"Flechettes","floor":39},{"not_picked":["Prepared","Venomology"],"picked":"Backstab+1","floor":44}],"player_experience":33169,"relics_obtained":[{"floor":7,"key":"WingedGreaves"},{"floor":9,"key":"FossilizedHelix"},{"floor":26,"key":"Strawberry"},{"floor":27,"key":"PreservedInsect"},{"floor":29,"key":"Bottled Lightning"},{"floor":43,"key":"Shuriken"}],"event_choices":[{"damage_healed":0,"gold_gain":0,"player_choice":"Leave","damage_taken":0,"max_hp_gain":0,"max_hp_loss":0,"event_name":"The Cleric","floor":2,"gold_loss":0},{"cards_removed":["Defend_G"],"damage_healed":0,"gold_gain":0,"player_choice":"Purged","damage_taken":0,"max_hp_gain":0,"max_hp_loss":0,"event_name":"Purifier","floor":3,"gold_loss":0},{"damage_healed":0,"gold_gain":0,"player_choice":"Success","damage_taken":18,"relics_obtained":["Tough Bandages"],"max_hp_gain":0,"max_hp_loss":0,"event_name":"Scrap Ooze","floor":12,"gold_loss":0},{"damage_healed":0,"gold_gain":0,"player_choice":"Bought 0 Potions","damage_taken":0,"max_hp_gain":0,"max_hp_loss":0,"event_name":"The Woman in Blue","floor":13,"gold_loss":0},{"damage_healed":0,"gold_gain":0,"player_choice":"Fight","damage_taken":0,"max_hp_gain":0,"max_hp_loss":0,"event_name":"Colosseum","floor":19,"gold_loss":0},{"damage_healed":0,"gold_gain":0,"player_choice":"Fled From Nobs","damage_taken":0,"max_hp_gain":0,"max_hp_loss":0,"event_name":"Colosseum","floor":19,"gold_loss":0},{"damage_healed":0,"gold_gain":0,"player_choice":"Ignored","damage_taken":0,"max_hp_gain":0,"max_hp_loss":0,"event_name":"Beggar","floor":20,"gold_loss":0},{"damage_healed":0,"gold_gain":0,"player_choice":"Opened","damage_taken":0,"relics_obtained":["Bag of Marbles"],"max_hp_gain":0,"max_hp_loss":0,"event_name":"The Mausoleum","floor":28,"gold_loss":0,"cards_obtained":["Writhe"]},{"cards_removed":["Defend_G"],"damage_healed":0,"gold_gain":0,"player_choice":"Removed Skill","damage_taken":0,"max_hp_gain":0,"max_hp_loss":0,"event_name":"Falling","floor":36,"gold_loss":0},{"damage_healed":0,"gold_gain":0,"player_choice":"Forge","damage_taken":0,"max_hp_gain":0,"max_hp_loss":0,"event_name":"Accursed Blacksmith","floor":37,"gold_loss":0,"cards_upgraded":["Backstab"]},{"damage_healed":0,"gold_gain":0,"player_choice":"Upgrade","damage_taken":0,"relics_obtained":["Mark of the Bloom"],"max_hp_gain":0,"max_hp_loss":0,"event_name":"MindBloom","floor":48,"gold_loss":0,"cards_upgraded":["Defend_G","Defend_G","Defend_G","Strike_G","Strike_G","Strike_G","Strike_G","Strike_G","Neutralize","Dagger Throw","Prepared","Dagger Spray","Footwork","After Image","Infinite Blades","Underhanded Strike","Heel Hook","Malaise","Underhanded Strike","Malaise"]}],"is_beta":false,"boss_relics":[{"not_picked":["Tiny House","Philosopher\u0027s Stone"],"picked":"Sozu"},{"not_picked":["Orrery","Runic Dome"],"picked":"Empty Cage"}],"items_purged_floors":[],"is_endless":false,"potions_floor_spawned":[1,10,11,19,33,38],"ascension_level":0}