{"gold_per_floor":[16,28,28,28,47,77,77,111,164,177,195,27,27,41,41,145,145,164,7,7,106,118,152,152,171,197,197,210,226,226,196,196,196],"floor_reached":33,"playtime":1017,"items_purged":[],"score":302,"play_id":"fcda9075-bae0-4901-973f-1a90c8e610aa","local_time":"20181118221436","is_ascension_mode":false,"campfire_choices":[{"data":"Rainbow","floor":7,"key":"SMITH"},{"data":"Darkness","floor":15,"key":"SMITH"},{"data":"Darkness","floor":24,"key":"SMITH"},{"floor":27,"key":"REST"},{"floor":30,"key":"REST"},{"data":"Echo Form","floor":32,"key":"SMITH"}],"neow_cost":"NO_GOLD","seed_source_timestamp":202355704940982,"circlet_count":0,"master_deck":["Strike_B","Strike_B","Strike_B","Strike_B","Defend_B","Defend_B","Defend_B","Defend_B","Zap","Dualcast","Rainbow+1","White Noise","Compile Driver","Darkness+1","Electrodynamics","White Noise","Storm","Sunder","Ball Lightning","Parasite","Darkness+1","Seek","Turbo","Echo Form+1","Leap","Leap","Coolheaded","Turbo"],"relics":["Cracked Core","FaceOfCleric","Mercury Hourglass","Pen Nib","Ancient Tea Set","DataDisk","Busted Crown","Oddly Smooth Stone","Smiling Mask"],"potions_floor_usage":[8,16,16,23,33,33,33],"damage_taken":[{"damage":0,"enemies":"Cultist","floor":1,"turns":2},{"damage":13,"enemies":"Small Slimes","floor":2,"turns":3},{"damage":9,"enemies":"Jaw Worm","floor":5,"turns":3},{"damage":16,"enemies":"Lagavulin","floor":6,"turns":7},{"damage":24,"enemies":"Gremlin Nob","floor":8,"turns":4},{"damage":6,"enemies":"2 Fungi Beasts","floor":10,"turns":2},{"damage":7,"enemies":"3 Louse","floor":11,"turns":2},{"damage":5,"enemies":"Lots of Slimes","floor":14,"turns":2},{"damage":15,"enemies":"The Guardian","floor":16,"turns":7},{"damage":9,"enemies":"Shell Parasite","floor":18,"turns":4},{"damage":0,"enemies":"3 Byrds","floor":22,"turns":1},{"damage":37,"enemies":"Slavers","floor":23,"turns":3},{"damage":17,"enemies":"Shelled Parasite and Fungi","floor":25,"turns":4},{"damage":21,"enemies":"Snake Plant","floor":28,"turns":3},{"damage":8,"enemies":"3 Cultists","floor":29,"turns":4},{"damage":48,"enemies":"Automaton","floor":33,"turns":6}],"seed_played":"66390869527189524","potions_obtained":[{"floor":2,"key":"Poison Potion"},{"floor":6,"key":"Energy Potion"},{"floor":10,"key":"Ancient Potion"},{"floor":18,"key":"Strength Potion"},{"floor":22,"key":"Fire Potion"},{"floor":31,"key":"Swift Potion"},{"floor":31,"key":"Fire Potion"}],"is_trial":false,"path_per_floor":["M","M","?","$","M","E","R","E","T","M","M","$","?","M","R","B",null,"M","$","?","?","M","E","R","M","T","R","M","M","R","?","R","B"],"character_chosen":"DEFECT","items_purchased":["DataDisk","Ball Lightning","Echo Form"],"campfire_rested":2,"item_purchase_floors":[12,12,19],"current_hp_per_floor":[75,62,62,62,54,39,39,16,16,11,5,5,25,21,21,7,82,74,74,58,58,59,23,23,7,7,34,14,7,34,34,34,0],"gold":196,"neow_bonus":"THREE_RARE_CARDS","is_prod":false,"is_daily":false,"chose_seed":false,"campfire_upgraded":4,"win_rate":0,"timestamp":1542608076,"path_taken":["M","?","?","?","M","E","R","E","T","?","M","$","?","M","R","BOSS","M","$","?","?","M","E","R","M","T","R","M","M","R","?","R","BOSS"],"build_version":"2018-11-15","purchased_purges":0,"victory":false,"max_hp_per_floor":[75,75,75,75,76,77,77,78,78,79,80,80,80,81,81,82,82,83,83,88,88,89,90,90,91,91,91,92,93,93,93,93,93],"card_choices":[{"not_picked":["Core Surge","Fission"],"picked":"Rainbow","floor":0},{"not_picked":["Steam","Heatsinks"],"picked":"White Noise","floor":1},{"not_picked":["Turbo","Redo"],"picked":"Compile Driver","floor":2},{"not_picked":["Barrage","Conserve Battery"],"picked":"Darkness","floor":5},{"not_picked":["Turbo","Loop"],"picked":"Electrodynamics","floor":6},{"not_picked":["Steam","Streamline"],"picked":"White Noise","floor":8},{"not_picked":["Coolheaded","Heatsinks"],"picked":"Storm","floor":10},{"not_picked":["Beam Cell","Compile Driver"],"picked":"Sunder","floor":11},{"not_picked":["Tempest","Gash"],"picked":"Darkness","floor":14},{"not_picked":["Rainbow","Thunder Strike"],"picked":"Seek","floor":16},{"not_picked":[],"picked":"Turbo","floor":18},{"not_picked":[],"picked":"Leap","floor":22},{"not_picked":[],"picked":"Leap","floor":23},{"not_picked":[],"picked":"Coolheaded","floor":25},{"not_picked":["Gash"],"picked":"SKIP","floor":28},{"not_picked":[],"picked":"Turbo","floor":29}],"player_experience":427145,"relics_obtained":[{"floor":6,"key":"Mercury Hourglass"},{"floor":8,"key":"Pen Nib"},{"floor":9,"key":"Ancient Tea Set"},{"floor":23,"key":"Oddly Smooth Stone"},{"floor":26,"key":"Smiling Mask"}],"event_choices":[{"damage_healed":0,"gold_gain":0,"player_choice":"Trade","damage_taken":0,"relics_obtained":["FaceOfCleric"],"max_hp_gain":0,"max_hp_loss":0,"event_name":"FaceTrader","floor":3,"gold_loss":0},{"damage_healed":20,"gold_gain":0,"player_choice":"Healed and dodged fight","damage_taken":0,"max_hp_gain":0,"max_hp_loss":0,"event_name":"Mushrooms","floor":13,"gold_loss":0,"cards_obtained":["Parasite"]},{"damage_healed":0,"gold_gain":0,"player_choice":"Shed Blood","damage_taken":21,"max_hp_gain":5,"max_hp_loss":0,"event_name":"Forgotten Altar","floor":20,"gold_loss":0},{"damage_healed":0,"gold_gain":99,"player_choice":"Stole From Cult","damage_taken":0,"max_hp_gain":0,"max_hp_loss":0,"event_name":"Nest","floor":21,"gold_loss":0},{"damage_healed":0,"gold_gain":0,"player_choice":"Bought 2 Potions","damage_taken":0,"max_hp_gain":0,"max_hp_loss":0,"event_name":"The Woman in Blue","floor":31,"gold_loss":0}],"is_beta":false,"boss_relics":[{"not_picked":["Philosopher\u0027s Stone","Ectoplasm"],"picked":"Busted Crown"}],"items_purged_floors":[],"is_endless":false,"potions_floor_spawned":[2,6,10,18,22],"killed_by":"Automaton","ascension_level":0}