{"gold_per_floor":[117,117,127,147,164,164,195,206,274,274,609,624,642,674,674,745,745,756,771,771,504,517,517,487,522,590,617,617,646,196,231,231,304,304,321,321,321,71,71,71,88,88,88,113,127,127,147,175,175,175],"floor_reached":51,"playtime":2684,"items_purged":["Decay","Writhe"],"score":1518,"play_id":"d5a9d7e6-84ee-4204-8ccb-06b35f7c4216","local_time":"20180805194942","is_ascension_mode":true,"campfire_choices":[{"data":"Uppercut","floor":6,"key":"SMITH"},{"data":"Pommel Strike","floor":10,"key":"SMITH"},{"data":"Inflame","floor":15,"key":"SMITH"},{"data":"True Grit","floor":23,"key":"SMITH"},{"floor":28,"key":"REST"},{"data":"Demon Form","floor":32,"key":"SMITH"},{"data":"Flame Barrier","floor":40,"key":"SMITH"},{"data":"Sword Boomerang","floor":42,"key":"SMITH"},{"floor":49,"key":"REST"}],"neow_cost":"NONE","seed_source_timestamp":2163502658613718,"circlet_count":0,"master_deck":["Strike_R","Strike_R","Strike_R","Strike_R","Defend_R","Defend_R+1","Defend_R","Defend_R+1","Bash","AscendersBane","Uppercut+1","Iron Wave","Flame Barrier+1","Wild Strike","Pommel Strike+1","Reaper","Inflame+1","Battle Trance","Pummel","Offering","Metallicize","True Grit+1","Sword Boomerang+1","Demon Form+1","Double Tap+1","Armaments+1","Corruption","Shrug It Off"],"relics":["Burning Blood","Regal Pillow","Paper Frog","Old Coin","Juzu Bracelet","Sozu","Red Skull","Charon\u0027s Ashes","Shuriken","Champion Belt","War Paint","Bird Faced Urn","Art of War","Snecko Eye","Strawberry","Singing Bowl","Ice Cream","Self Forming Clay"],"potions_floor_usage":[4,7,7,14,16,50],"damage_taken":[{"damage":2,"enemies":"2 Louse","floor":1,"turns":3},{"damage":8,"enemies":"Small Slimes","floor":3,"turns":4},{"damage":4,"enemies":"Cultist","floor":4,"turns":3},{"damage":19,"enemies":"Lots of Slimes","floor":5,"turns":6},{"damage":19,"enemies":"Lagavulin","floor":7,"turns":6},{"damage":12,"enemies":"Large Slime","floor":8,"turns":6},{"damage":12,"enemies":"Gremlin Nob","floor":11,"turns":3},{"damage":9,"enemies":"3 Louse","floor":12,"turns":4},{"damage":38,"enemies":"Gremlin Gang","floor":13,"turns":8},{"damage":6,"enemies":"Lagavulin","floor":14,"turns":6},{"damage":6,"enemies":"Hexaghost","floor":16,"turns":9},{"damage":7,"enemies":"Shell Parasite","floor":18,"turns":2},{"damage":7,"enemies":"3 Byrds","floor":19,"turns":4},{"damage":8,"enemies":"Snake Plant","floor":22,"turns":3},{"damage":50,"enemies":"Slavers","floor":25,"turns":7},{"damage":31,"enemies":"Book of Stabbing","floor":27,"turns":4},{"damage":22,"enemies":"Gremlin Leader","floor":29,"turns":5},{"damage":53,"enemies":"Book of Stabbing","floor":31,"turns":5},{"damage":64,"enemies":"Collector","floor":33,"turns":7},{"damage":11,"enemies":"Orb Walker","floor":35,"turns":2},{"damage":15,"enemies":"3 Shapes","floor":41,"turns":4},{"damage":49,"enemies":"Giant Head","floor":44,"turns":6},{"damage":17,"enemies":"Flame Bruiser 2 Orb","floor":45,"turns":4},{"damage":49,"enemies":"Sphere and 2 Shapes","floor":47,"turns":4},{"damage":18,"enemies":"2 Orb Walkers","floor":48,"turns":4},{"damage":74,"enemies":"Donu and Deca","floor":50,"turns":8}],"seed_played":"-2784326973780051086","potions_obtained":[{"floor":1,"key":"Ancient Potion"},{"floor":3,"key":"GamblersBrew"},{"floor":5,"key":"PowerPotion"},{"floor":12,"key":"EssenceOfSteel"},{"floor":14,"key":"PowerPotion"},{"floor":16,"key":"Ancient Potion"}],"is_trial":false,"path_per_floor":["M","?","M","M","M","R","E","M","T","R","E","M","M","E","R","B",null,"M","M","?","$","M","R","?","E","T","E","R","E","$","E","R","B",null,"M","?","?","$","?","R","M","R","T","E","M","?","M","E","R","B"],"character_chosen":"IRONCLAD","items_purchased":["Red Skull","True Grit","Bird Faced Urn","Exhume","Strawberry"],"campfire_rested":2,"item_purchase_floors":[21,21,30,30,38],"current_hp_per_floor":[79,84,82,84,71,71,58,52,52,52,46,51,27,27,27,32,73,72,87,87,87,85,85,85,55,55,30,71,79,79,65,65,45,77,87,87,87,94,104,104,99,99,99,64,104,104,85,81,108,82],"gold":175,"neow_bonus":"TEN_PERCENT_HP_BONUS","is_prod":false,"is_daily":false,"chose_seed":false,"campfire_upgraded":7,"win_rate":0,"timestamp":1533491382,"path_taken":["M","?","M","M","M","R","E","M","T","R","E","M","?","E","R","BOSS","M","M","?","$","M","R","?","E","T","E","R","E","$","E","R","BOSS","M","?","?","$","?","R","M","R","T","E","M","?","M","E","R","BOSS"],"build_version":"2018-08-02","purchased_purges":2,"victory":true,"max_hp_per_floor":[82,87,87,87,87,87,87,87,87,87,87,87,87,87,87,87,87,87,87,87,87,87,87,87,87,87,87,87,87,87,87,87,87,87,87,87,87,94,104,104,104,104,104,106,106,106,106,108,108,108],"card_choices":[{"not_picked":["Bloodletting","Anger"],"picked":"Uppercut","floor":1},{"not_picked":["Wild Strike","Dual Wield"],"picked":"Iron Wave","floor":3},{"not_picked":["Blood for Blood","Twin Strike"],"picked":"Flame Barrier","floor":4},{"not_picked":["Perfected Strike","Heavy Blade"],"picked":"Wild Strike","floor":5},{"not_picked":["Thunderclap","Sentinel","Heavy Blade"],"picked":"SKIP","floor":7},{"not_picked":["Havoc","Feel No Pain"],"picked":"Pommel Strike","floor":8},{"not_picked":["Twin Strike","Inflame"],"picked":"Reaper","floor":11},{"not_picked":["Pommel Strike","Feel No Pain"],"picked":"Inflame","floor":12},{"not_picked":["Body Slam","Pommel Strike"],"picked":"Battle Trance","floor":13},{"not_picked":["Havoc","Battle Trance"],"picked":"Pummel","floor":14},{"not_picked":["Reaper","Barricade"],"picked":"Offering","floor":16},{"not_picked":["Iron Wave","Cleave","Intimidate"],"picked":"SKIP","floor":18},{"not_picked":["Pummel","Combust"],"picked":"Metallicize","floor":19},{"not_picked":["Carnage","Whirlwind"],"picked":"Sword Boomerang","floor":22},{"not_picked":["Thunderclap+1","Berserk","Pommel Strike"],"picked":"SKIP","floor":25},{"not_picked":["Combust","Feel No Pain","Havoc"],"picked":"SKIP","floor":27},{"not_picked":["Perfected Strike","Power Through"],"picked":"Demon Form","floor":29},{"not_picked":["Intimidate","Twin Strike","Demon Form"],"picked":"SKIP","floor":31},{"not_picked":["Demon Form","Limit Break"],"picked":"Double Tap","floor":33},{"not_picked":["Iron Wave+1","Headbutt","Entrench"],"picked":"SKIP","floor":35},{"not_picked":["Power Through","Battle Trance+1"],"picked":"Armaments+1","floor":41},{"not_picked":["Fire Breathing","Flex+1","Sword Boomerang"],"picked":"Singing Bowl","floor":44},{"not_picked":["Pommel Strike+1","Flex"],"picked":"Corruption","floor":45},{"not_picked":["Cleave","Sword Boomerang+1"],"picked":"Shrug It Off","floor":47},{"not_picked":["Shockwave","Body Slam","Cleave+1"],"picked":"Singing Bowl","floor":48}],"player_experience":915501,"relics_obtained":[{"floor":7,"key":"Regal Pillow"},{"floor":9,"key":"Paper Frog"},{"floor":11,"key":"Old Coin"},{"floor":14,"key":"Juzu Bracelet"},{"floor":25,"key":"Charon\u0027s Ashes"},{"floor":26,"key":"Shuriken"},{"floor":27,"key":"Champion Belt"},{"floor":29,"key":"War Paint"},{"floor":31,"key":"Art of War"},{"floor":43,"key":"Singing Bowl"},{"floor":44,"key":"Ice Cream"},{"floor":48,"key":"Self Forming Clay"}],"event_choices":[{"event_name":"Big Fish","player_choice":"Donut","floor":2,"damage_taken":0},{"event_name":"Forgotten Altar","player_choice":"Smashed Altar","floor":20,"damage_taken":0},{"event_name":"The Woman in Blue","player_choice":"Bought 2 Potions","floor":24,"damage_taken":0},{"event_name":"Upgrade Shrine","player_choice":"Upgraded","floor":36,"damage_taken":0},{"event_name":"Winding Halls","player_choice":"Writhe","floor":37,"damage_taken":0},{"event_name":"Bonfire Elementals","player_choice":"RARE","floor":39,"damage_taken":0},{"event_name":"Purifier","player_choice":"One Purge","floor":46,"damage_taken":0}],"is_beta":false,"boss_relics":[{"not_picked":["White Beast Statue","Runic Dome"],"picked":"Sozu"},{"not_picked":["Coffee Dripper","Tiny House"],"picked":"Snecko Eye"}],"items_purged_floors":[21,38],"is_endless":false,"potions_floor_spawned":[1,3,5,12,14,16,25,27,29,45,47,48],"ascension_level":15}