{"gold_per_floor":[112,112,62,237,237,252,252,286,286,303,303,303,332,342,342,443,443,456,371,386,397,70,70,104,104,104,139,152,172,172,72,72,174,174,184,184,236,111,121,146,165,190,217,228,248,262,262,287,287,287,287,287,86,118,118],"floor_reached":56,"playtime":6368,"items_purged":["Defend_B","Doubt","Defend_B","Defend_B"],"score":1361,"play_id":"e0f67bb9-6ea8-40e2-8c9b-4d204259fa9a","local_time":"20190126090229","is_ascension_mode":true,"campfire_choices":[{"floor":11,"key":"RECALL"},{"data":"Coolheaded","floor":15,"key":"SMITH"},{"data":"Capacitor","floor":23,"key":"SMITH"},{"data":"Biased Cognition","floor":25,"key":"SMITH"},{"data":"Seek","floor":32,"key":"SMITH"},{"data":"Echo Form","floor":49,"key":"SMITH"},{"data":"BootSequence","floor":52,"key":"SMITH"}],"neow_cost":"NONE","seed_source_timestamp":184215187634095,"circlet_count":0,"master_deck":["Strike_B+1","Strike_B","Defend_B","Zap+1","Dualcast+1","Self Repair","Leap","Rebound","Capacitor+1","Coolheaded+1","Seek+1","Hologram+1","Skim+1","Biased Cognition+1","Leap","FTL+1","Echo Form+1","Doom and Gloom+1","Biased Cognition","Fusion+1","Hologram+1","Auto Shields","Leap+1","BootSequence+1","Cold Snap+1","Conserve Battery+1","Redo+1","Hello World+1"],"relics":["Cracked Core","Orichalcum","Happy Flower","Girya","Letter Opener","Kunai","Nuclear Battery","War Paint","OrangePellets","Molten Egg 2","Blue Candle","Incense Burner","Inserter","Thread and Needle","Darkstone Periapt","Ginger","Strawberry","Bag of Marbles","Mercury Hourglass","Centennial Puzzle"],"potions_floor_usage":[6,8,20,27,33,40,41,41,44,54],"damage_taken":[{"damage":11,"enemies":"2 Louse","floor":1,"turns":3},{"damage":8,"enemies":"Small Slimes","floor":6,"turns":4},{"damage":19,"enemies":"Lagavulin","floor":8,"turns":9},{"damage":6,"enemies":"Jaw Worm","floor":10,"turns":2},{"damage":8,"enemies":"Gremlin Nob","floor":13,"turns":4},{"damage":2,"enemies":"2 Fungi Beasts","floor":14,"turns":4},{"damage":36,"enemies":"Hexaghost","floor":16,"turns":13},{"damage":1,"enemies":"Chosen","floor":18,"turns":7},{"damage":0,"enemies":"Spheric Guardian","floor":20,"turns":3},{"damage":17,"enemies":"Snake Plant","floor":21,"turns":4},{"damage":24,"enemies":"Gremlin Leader","floor":24,"turns":6},{"damage":7,"enemies":"Slavers","floor":27,"turns":4},{"damage":4,"enemies":"Snecko","floor":28,"turns":6},{"damage":10,"enemies":"Centurion and Healer","floor":29,"turns":6},{"damage":2,"enemies":"Automaton","floor":33,"turns":7},{"damage":30,"enemies":"3 Darklings","floor":35,"turns":4},{"damage":18,"enemies":"2 Orb Walkers","floor":37,"turns":5},{"damage":14,"enemies":"3 Shapes","floor":39,"turns":3},{"damage":17,"enemies":"Reptomancer","floor":40,"turns":6},{"damage":7,"enemies":"3 Darklings","floor":41,"turns":4},{"damage":0,"enemies":"Nemesis","floor":42,"turns":7},{"damage":0,"enemies":"Spire Growth","floor":44,"turns":5},{"damage":0,"enemies":"Maw","floor":45,"turns":7},{"damage":5,"enemies":"Jaw Worm Horde","floor":46,"turns":5},{"damage":0,"enemies":"Reptomancer","floor":48,"turns":7},{"damage":1,"enemies":"Donu and Deca","floor":50,"turns":9},{"damage":9,"enemies":"Shield and Spear","floor":54,"turns":6},{"damage":60,"enemies":"The Heart","floor":55,"turns":12}],"seed_played":"1838404093756758268","potions_obtained":[{"floor":1,"key":"Swift Potion"},{"floor":6,"key":"Fruit Juice"},{"floor":16,"key":"Swift Potion"},{"floor":21,"key":"SkillPotion"},{"floor":27,"key":"Ancient Potion"},{"floor":28,"key":"Swift Potion"},{"floor":29,"key":"SpeedPotion"},{"floor":37,"key":"SkillPotion"},{"floor":40,"key":"EssenceOfSteel"},{"floor":41,"key":"Strength Potion"},{"floor":42,"key":"Poison Potion"},{"floor":45,"key":"Explosive Potion"}],"is_trial":false,"path_per_floor":["M","?","?","?","T","M","?","E","T","M","R","T","E","M","R","B",null,"M","?","M","M","$","R","E","R","T","E","M","M","?","$","R","B",null,"M","?","?","$","M","E","M","E","T","M","M","M","?","E","R","B",null,"R","$","E","B",null],"character_chosen":"DEFECT","items_purchased":["OrangePellets","Leap","AttackPotion"],"campfire_rested":0,"item_purchase_floors":[22,22,53],"current_hp_per_floor":[64,57,57,57,57,61,45,33,33,34,34,34,33,38,38,9,80,80,80,80,70,70,70,53,53,53,53,56,60,60,60,60,58,80,57,57,46,46,39,36,36,36,43,57,71,73,73,87,87,86,87,87,87,85,25],"gold":118,"neow_bonus":"REMOVE_CARD","is_prod":false,"is_daily":false,"chose_seed":false,"campfire_upgraded":6,"win_rate":0,"timestamp":1548511349,"path_taken":["M","?","?","?","?","M","?","E","T","M","R","?","E","M","R","BOSS","M","?","M","M","$","R","E","R","T","E","M","M","?","?","R","BOSS","M","?","?","$","M","E","M","E","T","?","M","M","?","E","R","BOSS","R","$","E","BOSS"],"build_version":"2019-01-23","purchased_purges":4,"victory":true,"max_hp_per_floor":[75,75,75,75,75,80,80,80,80,80,80,80,80,80,80,80,80,80,80,80,80,80,80,80,80,80,80,80,80,80,80,80,80,80,80,80,80,80,80,80,80,80,87,87,87,87,87,87,87,87,87,87,87,87,87],"card_choices":[{"not_picked":["Steam","Beam Cell"],"picked":"Self Repair","floor":1},{"not_picked":["Hologram","Fusion"],"picked":"Leap","floor":6},{"not_picked":["Heatsinks","Go for the Eyes"],"picked":"Rebound","floor":8},{"not_picked":["Creative AI","Gash","Steam Power"],"picked":"SKIP","floor":10},{"not_picked":["Go for the Eyes","Steam"],"picked":"Capacitor","floor":13},{"not_picked":["Multi-Cast","Steam Power"],"picked":"Coolheaded","floor":14},{"not_picked":["Core Surge","Biased Cognition"],"picked":"Seek","floor":16},{"not_picked":["Rebound","Gash"],"picked":"Hologram","floor":18},{"not_picked":["Sweeping Beam","Conserve Battery"],"picked":"Skim+1","floor":20},{"not_picked":["Turbo+1","Compile Driver+1"],"picked":"Biased Cognition","floor":21},{"not_picked":["Scrape","Beam Cell+1"],"picked":"FTL+1","floor":24},{"not_picked":["Cold Snap+1","Redo"],"picked":"Echo Form","floor":27},{"not_picked":["Melter+1","Consume+1","Stack"],"picked":"SKIP","floor":28},{"not_picked":["Gash+1","Streamline+1"],"picked":"Doom and Gloom+1","floor":29},{"not_picked":["Core Surge+1","Amplify"],"picked":"Biased Cognition","floor":33},{"not_picked":["Turbo+1","Hologram","Steam Power+1"],"picked":"SKIP","floor":35},{"not_picked":["Conserve Battery+1","Compile Driver+1"],"picked":"Fusion+1","floor":37},{"not_picked":["Melter+1","Streamline+1"],"picked":"Hologram+1","floor":39},{"not_picked":["All For One+1","Beam Cell+1"],"picked":"Auto Shields","floor":40},{"not_picked":["Gash+1","Double Energy"],"picked":"Leap+1","floor":41},{"not_picked":["Storm","Meteor Strike+1"],"picked":"BootSequence","floor":42},{"not_picked":["Steam","Ball Lightning+1"],"picked":"Cold Snap+1","floor":44},{"not_picked":["Sweeping Beam+1","Auto Shields"],"picked":"Conserve Battery+1","floor":45},{"not_picked":["Self Repair","Leap","Go for the Eyes+1"],"picked":"SKIP","floor":46},{"not_picked":["Stack+1","Barrage+1"],"picked":"Redo+1","floor":48},{"not_picked":["Electrodynamics","Recycle+1"],"picked":"Hello World+1","floor":54}],"player_experience":175642,"relics_obtained":[{"floor":5,"key":"Happy Flower"},{"floor":8,"key":"Girya"},{"floor":9,"key":"Letter Opener"},{"floor":13,"key":"Kunai"},{"floor":24,"key":"Molten Egg 2"},{"floor":26,"key":"Blue Candle"},{"floor":27,"key":"Incense Burner"},{"floor":37,"key":"Thread and Needle"},{"floor":40,"key":"Darkstone Periapt"},{"floor":42,"key":"Ginger"},{"floor":43,"key":"Strawberry"},{"floor":48,"key":"Mercury Hourglass"},{"floor":54,"key":"Centennial Puzzle"}],"event_choices":[{"damage_healed":0,"gold_gain":0,"player_choice":"Success","damage_taken":7,"relics_obtained":["Orichalcum"],"max_hp_gain":0,"max_hp_loss":0,"event_name":"Scrap Ooze","floor":2,"gold_loss":0},{"cards_removed":["Strike_B"],"damage_healed":0,"gold_gain":0,"player_choice":"Card Removal","damage_taken":0,"max_hp_gain":0,"max_hp_loss":0,"event_name":"The Cleric","floor":3,"gold_loss":50},{"damage_healed":0,"gold_gain":175,"player_choice":"AGREE","damage_taken":0,"max_hp_gain":0,"max_hp_loss":0,"event_name":"Liars Game","floor":4,"gold_loss":0,"cards_obtained":["Doubt"]},{"damage_healed":0,"gold_gain":0,"player_choice":"Entered Light","damage_taken":16,"max_hp_gain":0,"max_hp_loss":0,"event_name":"Shining Light","floor":7,"gold_loss":0,"cards_upgraded":["Zap","Strike_B"]},{"damage_healed":0,"gold_gain":0,"player_choice":"Obtained Relic","damage_taken":0,"relics_obtained":["War Paint"],"max_hp_gain":0,"max_hp_loss":0,"event_name":"Addict","floor":19,"gold_loss":85},{"damage_healed":0,"gold_gain":0,"player_choice":"Ignored","damage_taken":0,"max_hp_gain":0,"max_hp_loss":0,"event_name":"Ghosts","floor":30,"gold_loss":0},{"damage_healed":0,"gold_gain":0,"player_choice":"Ignored","damage_taken":0,"max_hp_gain":0,"max_hp_loss":0,"event_name":"Tomb of Lord Red Mask","floor":36,"gold_loss":0},{"damage_healed":0,"gold_gain":0,"player_choice":"Fight","damage_taken":0,"max_hp_gain":0,"max_hp_loss":0,"event_name":"Mysterious Sphere","floor":37,"gold_loss":0},{"damage_healed":0,"gold_gain":0,"player_choice":"Gave Potion","damage_taken":0,"relics_obtained":["Bag of Marbles"],"max_hp_gain":0,"max_hp_loss":0,"event_name":"WeMeetAgain","floor":47,"gold_loss":0}],"is_beta":false,"boss_relics":[{"not_picked":["Ectoplasm","Snecko Eye"],"picked":"Nuclear Battery"},{"not_picked":["Tiny House","Astrolabe"],"picked":"Inserter"}],"items_purged_floors":[22,31,38,53],"is_endless":false,"potions_floor_spawned":[1,6,16,21,27,28,29,37,40,41,42,45],"ascension_level":2}