{"gold_per_floor":[110,130,130,130,130,130,161,181,249,275,238,256,283,309,309,406,406],"floor_reached":17,"playtime":327,"items_purged":[],"score":198,"play_id":"3b5fcc9b-c4a8-4724-9e00-066ca14c5ad5","local_time":"20181218055717","is_ascension_mode":false,"campfire_choices":[{"data":"Flex","floor":6,"key":"SMITH"},{"data":"Inflame","floor":15,"key":"SMITH"}],"neow_cost":"NONE","seed_source_timestamp":437870539597503,"circlet_count":0,"master_deck":["Strike_R","Strike_R","Strike_R","Strike_R","Strike_R","Defend_R+1","Defend_R","Defend_R","Defend_R+1","Bash","Flex+1","Clash","Thunderclap","Seeing Red","Inflame+1","Double Tap"],"relics":["Burning Blood","NeowsBlessing","PreservedInsect","Dodecahedron","War Paint","Magic Flower","Boot"],"potions_floor_usage":[12,13,16],"damage_taken":[{"damage":0,"enemies":"Cultist","floor":1,"turns":1},{"damage":0,"enemies":"Jaw Worm","floor":2,"turns":1},{"damage":0,"enemies":"Lagavulin","floor":7,"turns":1},{"damage":0,"enemies":"2 Louse","floor":8,"turns":2},{"damage":14,"enemies":"Gremlin Nob","floor":10,"turns":3},{"damage":0,"enemies":"Large Slime","floor":12,"turns":3},{"damage":27,"enemies":"3 Sentries","floor":13,"turns":4},{"damage":58,"enemies":"Slime Boss","floor":16,"turns":11}],"seed_played":"-842959581126973935","potions_obtained":[{"floor":1,"key":"LiquidBronze"},{"floor":8,"key":"Explosive Potion"},{"floor":10,"key":"Poison Potion"}],"is_trial":false,"path_per_floor":["M","M","?","?","?","R","E","M","T","E","$","M","E","T","R","B",null],"character_chosen":"IRONCLAD","items_purchased":["Seeing Red"],"campfire_rested":0,"item_purchase_floors":[11],"current_hp_per_floor":[80,80,80,80,85,85,85,85,85,77,77,83,62,62,62,13,13],"gold":406,"neow_bonus":"THREE_ENEMY_KILL","is_prod":false,"is_daily":false,"chose_seed":false,"campfire_upgraded":2,"win_rate":0,"timestamp":1545130637,"path_taken":["M","M","?","?","?","R","E","M","T","E","?","M","E","?","R","BOSS"],"build_version":"2018-12-13","purchased_purges":0,"victory":false,"max_hp_per_floor":[80,80,80,80,85,85,85,85,85,85,85,85,85,85,85,85,85],"card_choices":[{"not_picked":["Rage","Sword Boomerang"],"picked":"Flex","floor":1},{"not_picked":["Flame Barrier","Blood for Blood","True Grit"],"picked":"SKIP","floor":2},{"not_picked":["Headbutt","Power Through"],"picked":"Clash","floor":7},{"not_picked":["Headbutt","True Grit"],"picked":"Thunderclap","floor":8},{"not_picked":["Barricade","True Grit","Perfected Strike"],"picked":"SKIP","floor":10},{"not_picked":["Twin Strike","Anger"],"picked":"Inflame","floor":12},{"not_picked":["Wild Strike","Thunderclap","Rupture"],"picked":"SKIP","floor":13},{"not_picked":["Immolate","Limit Break"],"picked":"Double Tap","floor":16}],"player_experience":323514,"relics_obtained":[{"floor":7,"key":"PreservedInsect"},{"floor":9,"key":"Dodecahedron"},{"floor":10,"key":"War Paint"},{"floor":13,"key":"Magic Flower"},{"floor":14,"key":"Boot"}],"event_choices":[{"damage_healed":0,"gold_gain":0,"player_choice":"Ignored","damage_taken":0,"max_hp_gain":0,"max_hp_loss":0,"event_name":"Shining Light","floor":3,"gold_loss":0},{"damage_healed":0,"gold_gain":0,"player_choice":"Ignored","damage_taken":0,"max_hp_gain":0,"max_hp_loss":0,"event_name":"Golden Wing","floor":4,"gold_loss":0},{"damage_healed":0,"gold_gain":0,"player_choice":"Donut","damage_taken":0,"max_hp_gain":5,"max_hp_loss":0,"event_name":"Big Fish","floor":5,"gold_loss":0}],"is_beta":false,"boss_relics":[],"items_purged_floors":[],"is_endless":false,"potions_floor_spawned":[1,8,10],"ascension_level":0}