{"gold_per_floor":[114,131,56,75,101,101,119,154,154,154,166,166,166,184,184,258,258,270,270,270,145,145,145,51,71,101,117,117,134,162,162,162,236,236,254,28,28,45,45,72,72,107,130,147,147],"floor_reached":45,"playtime":1793,"items_purged":["Rip and Tear"],"score":982,"play_id":"870170f5-9d00-469c-ae7e-2d814e0cb754","local_time":"20190203214034","is_ascension_mode":true,"campfire_choices":[{"floor":6.0,"key":"REST"},{"floor":10.0,"key":"REST"},{"data":"Defragment","floor":13.0,"key":"SMITH"},{"data":"Zap","floor":15.0,"key":"SMITH"},{"data":"Creative AI","floor":23.0,"key":"SMITH"},{"data":"Defragment","floor":28.0,"key":"SMITH"},{"floor":32.0,"key":"REST"},{"floor":41,"key":"REST"}],"neow_cost":"PERCENT_DAMAGE","seed_source_timestamp":119891345854179,"circlet_count":0,"master_deck":["AscendersBane","Zap+1","Dualcast","Defragment+1","Coolheaded","Self Repair","Conserve Battery","Creative AI+1","Sweeping Beam","Fission","Reboot","Chill","Conserve Battery","Defragment+1","Cold Snap","Defragment","Conserve Battery","Amplify","Cold Snap","Electrodynamics"],"special_seed":0,"relics":["FrozenCore","Calipers","Omamori","Whetstone","Bronze Scales","Pandora\u0027s Box","Tiny Chest","Letter Opener","ClockworkSouvenir","WarpedTongs","Gambling Chip","Orichalcum","Art of War"],"potions_floor_usage":[35,42,45],"damage_taken":[{"damage":7.0,"enemies":"Small Slimes","floor":1.0,"turns":3.0},{"damage":4.0,"enemies":"Jaw Worm","floor":2.0,"turns":3.0},{"damage":1.0,"enemies":"Cultist","floor":4.0,"turns":3.0},{"damage":0.0,"enemies":"Blue Slaver","floor":7.0,"turns":4.0},{"damage":18.0,"enemies":"Lagavulin","floor":8.0,"turns":7.0},{"damage":11.0,"enemies":"Large Slime","floor":11.0,"turns":5.0},{"damage":10.0,"enemies":"Exordium Wildlife","floor":14.0,"turns":4.0},{"damage":8.0,"enemies":"The Guardian","floor":16.0,"turns":11.0},{"damage":11.0,"enemies":"2 Thieves","floor":18.0,"turns":2.0},{"damage":7.0,"enemies":"3 Byrds","floor":25.0,"turns":2.0},{"damage":5.0,"enemies":"Snecko","floor":27.0,"turns":7.0},{"damage":14.0,"enemies":"Centurion and Healer","floor":29.0,"turns":7.0},{"damage":25.0,"enemies":"Book of Stabbing","floor":30.0,"turns":6.0},{"damage":10.0,"enemies":"Collector","floor":33.0,"turns":10.0},{"damage":33,"enemies":"3 Darklings","floor":35,"turns":8},{"damage":7,"enemies":"Orb Walker","floor":38,"turns":5},{"damage":22,"enemies":"Nemesis","floor":40,"turns":9},{"damage":25,"enemies":"Reptomancer","floor":42,"turns":7},{"damage":24,"enemies":"3 Darklings","floor":44,"turns":3},{"damage":19,"enemies":"Writhing Mass","floor":45,"turns":2}],"seed_played":"-8930600375961710020","potions_obtained":[{"floor":1.0,"key":"Fire Potion"},{"floor":4.0,"key":"SkillPotion"},{"floor":7.0,"key":"Poison Potion"},{"floor":11.0,"key":"PowerPotion"},{"floor":16.0,"key":"Fire Potion"},{"floor":30.0,"key":"Block Potion"},{"floor":33.0,"key":"Poison Potion"},{"floor":44,"key":"GamblersBrew"}],"is_trial":false,"path_per_floor":["M","M","?","M","T","R","M","E","T","R","M","?","R","M","R","B",null,"M","?","?","$","?","R","$","M","T","M","R","M","E","T","R","B",null,"M","$","?","M","$","E","R","E","T","M","M"],"character_chosen":"DEFECT","items_purchased":["Conserve Battery","Defragment","Cold Snap","ClockworkSouvenir"],"campfire_rested":4,"item_purchase_floors":[21,24,24,36],"current_hp_per_floor":[39,35,35,34,34,55,55,37,37,58,54,54,54,51,51,50,66,62,62,62,62,62,62,62,55,55,57,57,50,32,32,53,50,66,40,40,40,33,33,18,39,28,28,14,0],"gold":147,"neow_bonus":"ONE_RARE_RELIC","is_prod":false,"is_daily":false,"chose_seed":false,"campfire_upgraded":4,"win_rate":0,"timestamp":1549258834,"path_taken":["M","M","?","M","?","R","M","E","T","R","M","?","R","?","R","BOSS","M","?","?","$","?","R","$","?","T","M","R","M","E","?","R","BOSS","M","$","?","M","$","E","R","E","T","?","M"],"build_version":"2019-01-23","purchased_purges":1,"victory":false,"max_hp_per_floor":[71,71,71,71,71,71,71,71,71,71,71,71,71,71,71,71,71,71,71,71,71,71,71,71,71,71,71,71,71,71,71,71,71,71,71,71,71,71,71,71,71,71,71,71,71],"card_choices":[{"not_picked":["Auto Shields","Scrape"],"picked":"Defragment","floor":1.0},{"not_picked":["Barrage","Gash","Compile Driver"],"picked":"SKIP","floor":2.0},{"not_picked":["Consume","Go for the Eyes"],"picked":"Coolheaded","floor":4.0},{"not_picked":["Stack","Gash","Reprogram"],"picked":"SKIP","floor":7.0},{"not_picked":["Ball Lightning","Force Field"],"picked":"Self Repair","floor":8.0},{"not_picked":["Fusion","Storm","Recycle"],"picked":"SKIP","floor":11.0},{"not_picked":["Tempest","Barrage"],"picked":"Conserve Battery","floor":14.0},{"not_picked":["Multi-Cast","Rainbow"],"picked":"Creative AI","floor":16.0},{"not_picked":["Double Energy","Hello World"],"picked":"Chill","floor":18.0},{"not_picked":["Beam Cell","Rebound","Heatsinks"],"picked":"SKIP","floor":25.0},{"not_picked":["Force Field","Barrage"],"picked":"Defragment","floor":27.0},{"not_picked":["Redo","Lockon","Gash"],"picked":"SKIP","floor":29.0},{"not_picked":["Multi-Cast","Barrage"],"picked":"Conserve Battery","floor":30.0},{"not_picked":["Rainbow","All For One"],"picked":"Amplify","floor":33.0},{"not_picked":["Leap","Conserve Battery"],"picked":"Cold Snap","floor":35},{"not_picked":["Barrage+1","Compile Driver","Streamline+1"],"picked":"SKIP","floor":38},{"not_picked":["Coolheaded","Barrage"],"picked":"Electrodynamics","floor":40},{"not_picked":["Aggregate","Barrage","Stack+1"],"picked":"SKIP","floor":42},{"not_picked":["Leap+1","Static Discharge","Hologram"],"picked":"SKIP","floor":44}],"player_experience":706957,"relics_obtained":[{"floor":5.0,"key":"Omamori"},{"floor":8.0,"key":"Whetstone"},{"floor":9.0,"key":"Bronze Scales"},{"floor":26.0,"key":"Tiny Chest"},{"floor":30.0,"key":"Letter Opener"},{"floor":40,"key":"Gambling Chip"},{"floor":42,"key":"Orichalcum"},{"floor":43,"key":"Art of War"}],"event_choices":[{"cards_removed":["Strike_B"],"damage_healed":0.0,"max_hp_gain":0.0,"max_hp_loss":0.0,"gold_gain":0.0,"event_name":"The Cleric","player_choice":"Card Removal","floor":3.0,"gold_loss":75.0,"damage_taken":0.0},{"cards_removed":["Strike_B"],"damage_healed":0.0,"max_hp_gain":0.0,"max_hp_loss":0.0,"gold_gain":0.0,"event_name":"Bonfire Elementals","player_choice":"Offered Basic","floor":12.0,"gold_loss":0.0,"damage_taken":0.0},{"damage_healed":0.0,"max_hp_gain":0.0,"max_hp_loss":0.0,"gold_gain":0.0,"event_name":"Ghosts","player_choice":"Ignored","floor":19.0,"gold_loss":0.0,"damage_taken":0.0},{"cards_removed":["Lockon"],"damage_healed":0.0,"max_hp_gain":0.0,"max_hp_loss":0.0,"gold_gain":0.0,"event_name":"Back to Basics","player_choice":"Elegance","floor":20.0,"gold_loss":0.0,"damage_taken":0.0},{"cards_removed":["Hyperbeam"],"damage_healed":0.0,"max_hp_gain":0.0,"max_hp_loss":0.0,"gold_gain":0.0,"event_name":"Purifier","player_choice":"Purged","floor":22.0,"gold_loss":0.0,"damage_taken":0.0},{"damage_healed":0,"gold_gain":0,"player_choice":"Rummage","damage_taken":0,"relics_obtained":["WarpedTongs"],"max_hp_gain":0,"max_hp_loss":0,"event_name":"Accursed Blacksmith","floor":37,"gold_loss":0,"cards_obtained":["Pain"]}],"is_beta":false,"boss_relics":[{"not_picked":["Philosopher\u0027s Stone","Orrery"],"picked":"Pandora\u0027s Box"},{"not_picked":["Coffee Dripper","Tiny House"],"picked":"FrozenCore"}],"items_purged_floors":[21],"is_endless":false,"potions_floor_spawned":[1,4,7,11,16,30,33,44],"killed_by":"Writhing Mass","ascension_level":20}