{"gold_per_floor":[117,42,60,71,121,121,154,154,154,183,183,31,31,59,59,130,130,145,145,175,20,32,32,67,67,142,174,89,119,133,145,145,217,217,228,228,24,47,57,57,110,332,358,16,16,43,62,2,2,2],"floor_reached":51,"playtime":2205,"items_purged":["Strike_G","Parasite","Strike_G"],"score":1588,"play_id":"1f8b6db1-4fae-4907-8a0f-e012400f0d12","local_time":"20180928142818","is_ascension_mode":true,"campfire_choices":[{"data":"Riddle With Holes","floor":6.0,"key":"SMITH"},{"floor":8.0,"key":"REST"},{"data":"Phantasmal Killer","floor":11.0,"key":"SMITH"},{"data":"Dagger Spray","floor":15.0,"key":"SMITH"},{"floor":23.0,"key":"REST"},{"data":"Cloak And Dagger","floor":25.0,"key":"SMITH"},{"floor":32.0,"key":"REST"},{"data":"After Image","floor":40.0,"key":"SMITH"},{"data":"Apotheosis","floor":45,"key":"SMITH"},{"floor":49,"key":"REST"}],"neow_cost":"TEN_PERCENT_HP_LOSS","seed_source_timestamp":38752187753646,"circlet_count":0,"master_deck":["Defend_G","Defend_G","Defend_G","Defend_G+1","Defend_G","Strike_G","Strike_G","Survivor","Neutralize","AscendersBane","Dagger Spray+1","Riddle With Holes+1","Dagger Throw","Footwork","Phantasmal Killer+1","Well Laid Plans","Flying Knee","After Image+1","Cloak And Dagger","Deflect","Dagger Spray","Cloak And Dagger+1","Endless Agony","PiercingWail","Leg Sweep","Heel Hook","Cloak And Dagger","Adrenaline","Acrobatics+1","Violence+1","Panache","Madness","Footwork","Endless Agony","Cloak And Dagger","Apotheosis+1","PiercingWail","Acrobatics+1"],"special_seed":0,"relics":["Ring of the Snake","Ginger","Ninja Scroll","Vajra","Anchor","PreservedInsect","Eternal Feather","MutagenicStrength","Red Mask","The Specimen","Pantograph","Snake Skull","Orichalcum","Unceasing Top","WristBlade","Bag of Preparation","Incense Burner","War Paint","Juzu Bracelet"],"potions_floor_usage":[47,50,50],"damage_taken":[{"damage":6.0,"enemies":"Jaw Worm","floor":1.0,"turns":7.0},{"damage":1.0,"enemies":"Cultist","floor":3.0,"turns":5.0},{"damage":4.0,"enemies":"Small Slimes","floor":4.0,"turns":4.0},{"damage":22.0,"enemies":"3 Sentries","floor":7.0,"turns":8.0},{"damage":8.0,"enemies":"Gremlin Nob","floor":10.0,"turns":3.0},{"damage":0.0,"enemies":"3 Sentries","floor":14.0,"turns":4.0},{"damage":28.0,"enemies":"Slime Boss","floor":16.0,"turns":6.0},{"damage":22.0,"enemies":"2 Thieves","floor":18.0,"turns":3.0},{"damage":18.0,"enemies":"Masked Bandits","floor":20.0,"turns":4.0},{"damage":0.0,"enemies":"Chosen","floor":22.0,"turns":2.0},{"damage":0.0,"enemies":"Slavers","floor":24.0,"turns":3.0},{"damage":0.0,"enemies":"Gremlin Leader","floor":27.0,"turns":4.0},{"damage":15.0,"enemies":"Book of Stabbing","floor":29.0,"turns":5.0},{"damage":20.0,"enemies":"Snecko","floor":30.0,"turns":8.0},{"damage":2.0,"enemies":"3 Cultists","floor":31.0,"turns":5.0},{"damage":37.0,"enemies":"Collector","floor":33.0,"turns":14.0},{"damage":0.0,"enemies":"Orb Walker","floor":35.0,"turns":2.0},{"damage":7.0,"enemies":"3 Darklings","floor":39.0,"turns":3.0},{"damage":15,"enemies":"Mysterious Sphere","floor":41,"turns":4},{"damage":10,"enemies":"Giant Head","floor":46,"turns":5},{"damage":20,"enemies":"Reptomancer","floor":47,"turns":4},{"damage":26,"enemies":"Donu and Deca","floor":50,"turns":11}],"seed_played":"-7319659480927966376","potions_obtained":[{"floor":7.0,"key":"Fire Potion"},{"floor":10.0,"key":"SteroidPotion"},{"floor":18.0,"key":"PowerPotion"},{"floor":20.0,"key":"Ancient Potion"},{"floor":22.0,"key":"SpeedPotion"},{"floor":29.0,"key":"SpeedPotion"},{"floor":30.0,"key":"Ancient Potion"},{"floor":39.0,"key":"Fire Potion"},{"floor":47,"key":"SmokeBomb"}],"is_trial":false,"path_per_floor":["M","?","M","M","?","R","E","R","T","E","R","$","?","E","R","B",null,"M","?","?","$","M","R","E","R","T","E","?","E","M","M","R","B",null,"M","?","$","T","M","R","?","?","T","$","R","E","M","$","R","B"],"character_chosen":"THE_SILENT","items_purchased":["Well Laid Plans","Dagger Spray","Footwork","Apotheosis","Dexterity Potion","PiercingWail","Strength Potion"],"campfire_rested":4,"item_purchase_floors":[12,21,37,44,44,44,48],"current_hp_per_floor":[53,53,52,48,48,48,26,44,44,36,36,36,51,51,51,23,51,29,29,11,11,11,40,40,52,52,52,52,37,17,15,47,20,48,48,38,38,38,31,49,34,34,34,34,55,45,25,25,57,31],"gold":2,"neow_bonus":"ONE_RARE_RELIC","is_prod":false,"is_daily":false,"chose_seed":false,"campfire_upgraded":6,"win_rate":0,"timestamp":1538112498,"path_taken":["M","?","M","M","?","R","E","R","T","E","R","$","?","E","R","BOSS","M","?","?","?","M","R","E","R","T","E","?","E","M","?","R","BOSS","M","?","$","?","M","R","?","?","T","?","R","E","M","?","R","BOSS"],"build_version":"2018-09-27","purchased_purges":3,"victory":true,"max_hp_per_floor":[60,60,60,60,60,60,60,60,60,60,60,60,60,60,60,60,60,60,60,60,57,57,57,57,57,57,57,57,57,57,57,57,57,57,57,57,57,57,57,57,57,57,57,57,57,57,57,57,57,57],"card_choices":[{"not_picked":["Cloak And Dagger","Leg Sweep"],"picked":"Dagger Spray","floor":1.0},{"not_picked":["Dagger Spray","Acrobatics"],"picked":"Riddle With Holes","floor":3.0},{"not_picked":["Outmaneuver","Quick Slash"],"picked":"Dagger Throw","floor":4.0},{"not_picked":["Sucker Punch","Eviscerate"],"picked":"Footwork","floor":7.0},{"not_picked":["Reflex","Quick Slash"],"picked":"Phantasmal Killer","floor":10.0},{"not_picked":["Prepared","Bane"],"picked":"Flying Knee","floor":14.0},{"not_picked":["A Thousand Cuts","Envenom"],"picked":"After Image","floor":16.0},{"not_picked":["Blade Dance","Sucker Punch"],"picked":"Cloak And Dagger","floor":18.0},{"not_picked":["Deadly Poison","Heel Hook"],"picked":"Deflect","floor":20.0},{"not_picked":["Predator","Bane"],"picked":"Cloak And Dagger","floor":22.0},{"not_picked":["Flying Knee","Distraction"],"picked":"Endless Agony","floor":24.0},{"not_picked":["Wraith Form v2","Quick Slash"],"picked":"PiercingWail","floor":27.0},{"not_picked":["Deflect","Finisher"],"picked":"Leg Sweep","floor":29.0},{"not_picked":["Expertise","Crippling Poison"],"picked":"Heel Hook","floor":30.0},{"not_picked":["Quick Slash","All Out Attack"],"picked":"Cloak And Dagger","floor":31.0},{"not_picked":["A Thousand Cuts","Unload"],"picked":"Adrenaline","floor":33.0},{"not_picked":["Infinite Blades+1","Deadly Poison"],"picked":"Acrobatics+1","floor":35.0},{"not_picked":["Mind Blast","Bandage Up"],"picked":"Violence","floor":36.0},{"not_picked":["Mind Blast","Good Instincts"],"picked":"Panache","floor":36.0},{"not_picked":["Good Instincts","The Bomb"],"picked":"Madness","floor":36.0},{"not_picked":["Reflex","PiercingWail"],"picked":"Endless Agony","floor":39.0},{"not_picked":["Prepared","PiercingWail"],"picked":"Cloak And Dagger","floor":41},{"not_picked":["Flying Knee","Endless Agony","Concentrate"],"picked":"SKIP","floor":46},{"not_picked":["Poisoned Stab+1","Deflect"],"picked":"Acrobatics+1","floor":47}],"player_experience":679770,"relics_obtained":[{"floor":7.0,"key":"Ninja Scroll"},{"floor":9.0,"key":"Vajra"},{"floor":10.0,"key":"Anchor"},{"floor":14.0,"key":"PreservedInsect"},{"floor":20.0,"key":"Red Mask"},{"floor":24.0,"key":"The Specimen"},{"floor":26.0,"key":"Pantograph"},{"floor":27.0,"key":"Snake Skull"},{"floor":29.0,"key":"Unceasing Top"},{"floor":38.0,"key":"Bag of Preparation"},{"floor":41,"key":"Incense Burner"},{"floor":43,"key":"War Paint"},{"floor":46,"key":"Juzu Bracelet"}],"event_choices":[{"event_name":"The Cleric","player_choice":"Card Removal","floor":2.0,"damage_taken":0.0},{"event_name":"Golden Shrine","player_choice":"Pray","floor":5.0,"damage_taken":0.0},{"event_name":"Mushrooms","player_choice":"Healed and dodged fight","floor":13.0,"damage_taken":0.0},{"event_name":"Drug Dealer","player_choice":"Inject Mutagens","floor":19.0,"damage_taken":0.0},{"event_name":"Masked Bandits","player_choice":"Fought Bandits","floor":20.0,"damage_taken":0.0},{"event_name":"Addict","player_choice":"Obtained Relic","floor":28.0,"damage_taken":0.0},{"event_name":"SensoryStone","player_choice":"Memory 3","floor":36.0,"damage_taken":0.0},{"event_name":"Mysterious Sphere","player_choice":"Fight","floor":41,"damage_taken":0},{"event_name":"Tomb of Lord Red Mask","player_choice":"Wore Mask","floor":42,"damage_taken":0}],"is_beta":false,"boss_relics":[{"not_picked":["Snecko Eye","Runic Pyramid"],"picked":"Eternal Feather"},{"not_picked":["Empty Cage","Velvet Choker"],"picked":"WristBlade"}],"items_purged_floors":[12,21,37],"is_endless":false,"potions_floor_spawned":[7,10,18,20,22,29,30,39,46,47],"ascension_level":18}