{"gold_per_floor":[118,128,128,141,161,190,190,24,48,48,63,78,3,3,3,3],"floor_reached":16,"playtime":537,"items_purged":["Strike_G"],"score":189,"play_id":"0d6a7737-ba06-4ba1-b54f-f36d3f42d08b","local_time":"20180913133543","is_ascension_mode":true,"campfire_choices":[{"data":"Dagger Spray","floor":7,"key":"SMITH"},{"data":"Dagger Throw","floor":15,"key":"SMITH"}],"neow_cost":"","seed_source_timestamp":602311284157241,"circlet_count":0,"master_deck":["Defend_G","Defend_G","Defend_G","Defend_G","Defend_G","Strike_G","Strike_G","Survivor","Neutralize","AscendersBane","Deadly Poison","Dagger Throw+1","Dagger Spray+1","Terror","Backflip","Dodge and Roll"],"relics":["Ring of the Snake","Boot","Blood Vial","Potion Belt"],"potions_floor_usage":[6,6],"damage_taken":[{"damage":0,"enemies":"Small Slimes","floor":1,"turns":5},{"damage":1,"enemies":"Cultist","floor":2,"turns":5},{"damage":10,"enemies":"2 Louse","floor":4,"turns":3},{"damage":13,"enemies":"Lots of Slimes","floor":5,"turns":4},{"damage":9,"enemies":"3 Sentries","floor":6,"turns":7},{"damage":0,"enemies":"2 Fungi Beasts","floor":11,"turns":3},{"damage":4,"enemies":"Large Slime","floor":12,"turns":5},{"damage":25,"enemies":"Slime Boss","floor":16,"turns":7}],"seed_played":"-6596193470836427728","potions_obtained":[{"floor":1,"key":"Fire Potion"},{"floor":3,"key":"PowerPotion"}],"is_trial":false,"path_per_floor":["M","M","?","M","M","E","R","$","T","?","M","M","$","?","R"],"character_chosen":"THE_SILENT","items_purchased":["Blood Vial"],"campfire_rested":0,"item_purchase_floors":[8],"current_hp_per_floor":[59,58,58,48,35,26,26,26,26,26,28,26,26,26,26,3],"gold":3,"neow_bonus":"","is_prod":false,"is_daily":false,"chose_seed":false,"campfire_upgraded":2,"win_rate":0,"timestamp":1536813343,"path_taken":["M","M","?","M","?","E","R","$","T","?","M","M","?","?","R","BOSS"],"build_version":"2018-09-06","purchased_purges":1,"victory":false,"max_hp_per_floor":[66,66,66,66,66,66,66,66,66,66,66,66,66,66,66,66],"card_choices":[{"not_picked":["Crippling Poison","Predator"],"picked":"Deadly Poison","floor":1},{"not_picked":["Choke","Blur"],"picked":"Dagger Throw","floor":2},{"not_picked":["Sucker Punch","Outmaneuver"],"picked":"Dagger Spray","floor":4},{"not_picked":["Acrobatics","Backflip"],"picked":"Terror","floor":5},{"not_picked":["Deadly Poison","Calculated Gamble"],"picked":"Backflip","floor":6},{"not_picked":["Underhanded Strike","Masterful Stab","Dagger Spray"],"picked":"SKIP","floor":11},{"not_picked":["Dagger Throw","Dodge and Roll","Deadly Poison"],"picked":"SKIP","floor":12}],"player_experience":659001,"relics_obtained":[{"floor":6,"key":"Boot"},{"floor":9,"key":"Potion Belt"}],"event_choices":[{"event_name":"The Lab","player_choice":"Got Potions","floor":3,"damage_taken":0},{"event_name":"Purifier","player_choice":"One Purge","floor":10,"damage_taken":0},{"event_name":"Transmorgrifier","player_choice":"Transform","floor":14,"damage_taken":0}],"is_beta":false,"boss_relics":[],"items_purged_floors":[13],"is_endless":false,"potions_floor_spawned":[1,5],"killed_by":"Slime Boss","ascension_level":17}