{"path_per_floor":["M","?","M","M","$","M","M","E","T","E","R","$","R","M","R","B",null,"M","?","?","M","M","E"],"character_chosen":"IRONCLAD","items_purchased":[],"gold_per_floor":[17,17,30,41,41,58,74,108,133,164,164,164,164,175,175,271,271,271,271,194,194,194,194,194],"floor_reached":24,"campfire_rested":0,"playtime":2099,"item_purchase_floors":[],"current_hp_per_floor":[80,80,78,77,77,49,46,41,41,42,42,42,42,37,37,32,80,71,71,71,73,48,10,0],"items_purged":[],"gold":194,"score":239,"play_id":"d68fd24c-3e5a-452d-9418-103a6d37b7fd","local_time":"20180607030424","is_prod":false,"is_daily":false,"chose_seed":false,"is_ascension_mode":true,"campfire_upgraded":3,"win_rate":0,"timestamp":1528365864,"campfire_choices":[{"data":"Limit Break","floor":11,"key":"SMITH"},{"data":"Demon Form","floor":13,"key":"SMITH"},{"data":"Armaments","floor":15,"key":"SMITH"}],"path_taken":["M","?","M","?","$","M","M","E","T","E","R","$","R","M","R","BOSS","M","?","?","M","M","E","M"],"build_version":"2018-05-31","seed_source_timestamp":349510697715856,"purchased_purges":0,"victory":false,"master_deck":["Strike_R","Strike_R","Strike_R","Strike_R","Strike_R","Defend_R","Defend_R","Defend_R","Defend_R","Bash","Demon Form+1","Inflame","Shockwave","Flex","Armaments+1","Havoc","Rupture","Limit Break+1","Twin Strike","Offering","Anger+1","J.A.X.","Evolve+1","Thunderclap+1","Headbutt+1"],"max_hp_per_floor":[80,80,80,80,80,80,80,80,80,80,80,80,80,80,80,80,80,80,80,80,80,80,80,80],"relics":["Burning Blood","Magic Flower","Omamori","Dream Catcher","Ectoplasm","Potion Belt"],"card_choices":[{"not_picked":["Dark Embrace","Juggernaut"],"picked":"Demon Form","floor":0},{"not_picked":["Sword Boomerang","Clash"],"picked":"Inflame","floor":1},{"not_picked":["Warcry","Sever Soul"],"picked":"Shockwave","floor":3},{"not_picked":["True Grit","Dropkick"],"picked":"Flex","floor":4},{"not_picked":["Evolve","Dropkick"],"picked":"Armaments","floor":6},{"not_picked":["Bludgeon","Sword Boomerang"],"picked":"Havoc","floor":7},{"not_picked":["Clash","Heavy Blade"],"picked":"Rupture","floor":8},{"not_picked":["Sword Boomerang","Body Slam"],"picked":"Limit Break","floor":10},{"not_picked":["Body Slam","Feel No Pain"],"picked":"Twin Strike","floor":14},{"not_picked":["Double Tap","Juggernaut"],"picked":"Offering","floor":16},{"not_picked":["Power Through+1","Havoc"],"picked":"Anger+1","floor":18},{"not_picked":["Body Slam","Ghostly Armor"],"picked":"Evolve+1","floor":21},{"not_picked":["Headbutt+1","Armaments"],"picked":"Thunderclap+1","floor":22},{"not_picked":["Entrench+1","Combust"],"picked":"Headbutt+1","floor":23}],"player_experience":45111,"potions_floor_usage":[6,8,16,23,23],"damage_taken":[{"damage":2,"enemies":"Small Slimes","floor":1,"turns":5},{"damage":8,"enemies":"2 Louse","floor":3,"turns":4},{"damage":7,"enemies":"Cultist","floor":4,"turns":4},{"damage":34,"enemies":"Gremlin Gang","floor":6,"turns":5},{"damage":9,"enemies":"Looter","floor":7,"turns":3},{"damage":23,"enemies":"Gremlin Nob","floor":8,"turns":4},{"damage":8,"enemies":"Lagavulin","floor":10,"turns":7},{"damage":14,"enemies":"Large Slime","floor":14,"turns":6},{"damage":38,"enemies":"Hexaghost","floor":16,"turns":9},{"damage":18,"enemies":"Shell Parasite","floor":18,"turns":4},{"damage":7,"enemies":"Chosen","floor":21,"turns":4},{"damage":34,"enemies":"Snake Plant","floor":22,"turns":4},{"damage":47,"enemies":"Slavers","floor":23,"turns":4},{"damage":11,"enemies":"3 Cultists","floor":24,"turns":2}],"relics_obtained":[{"floor":8,"key":"Magic Flower"},{"floor":9,"key":"Omamori"},{"floor":10,"key":"Dream Catcher"},{"floor":23,"key":"Potion Belt"}],"event_choices":[{"event_name":"The Cleric","player_choice":"Leave","floor":2,"damage_taken":0},{"event_name":"Vampires","player_choice":"Ignored","floor":19,"damage_taken":0},{"event_name":"Drug Dealer","player_choice":"Got JAXXED","floor":20,"damage_taken":0}],"boss_relics":[{"not_picked":["Mark of Pain","Snecko Eye"],"picked":"Ectoplasm"}],"items_purged_floors":[],"potions_floor_spawned":[4,6,14,16,18],"seed_played":"6022571562201083136","killed_by":"3 Cultists","ascension_level":1,"potions_obtained":[{"floor":4,"key":"Swift Potion"},{"floor":6,"key":"Regen Potion"},{"floor":14,"key":"Regen Potion"},{"floor":16,"key":"PowerPotion"},{"floor":18,"key":"PowerPotion"}],"is_trial":false}