{"gold_per_floor":[111,0,0,0,0,0,24,24,24,24,45,61,20,43,43,136,136,154,170,170,170],"floor_reached":21,"playtime":573,"items_purged":[],"score":338,"play_id":"38a2671e-957a-4e21-a2bb-a987bb54a4ef","local_time":"20190213025015","is_ascension_mode":true,"campfire_choices":[{"data":"Doom and Gloom","floor":6,"key":"SMITH"},{"data":"Dualcast","floor":8,"key":"SMITH"},{"data":"Ball Lightning","floor":10,"key":"SMITH"},{"data":"Static Discharge","floor":15,"key":"SMITH"}],"neow_cost":"NONE","seed_source_timestamp":579201870194200,"circlet_count":0,"master_deck":["AscendersBane","Strike_B","Strike_B","Strike_B","Strike_B","Defend_B","Defend_B","Defend_B","Defend_B","Zap+1","Dualcast+1","Doom and Gloom+1","Gash","Rebound","Ball Lightning+1","Go for the Eyes","Static Discharge+1","Heatsinks","All For One","Static Discharge+1","Storm"],"relics":["Cracked Core","Golden Idol","Meat on the Bone","Inserter","CultistMask"],"potions_floor_usage":[],"damage_taken":[{"damage":4,"enemies":"Jaw Worm","floor":1,"turns":4},{"damage":6,"enemies":"2 Louse","floor":7,"turns":2},{"damage":0,"enemies":"Small Slimes","floor":11,"turns":2},{"damage":19,"enemies":"Exordium Wildlife","floor":12,"turns":2},{"damage":12,"enemies":"Exordium Thugs","floor":14,"turns":3},{"damage":29,"enemies":"Hexaghost","floor":16,"turns":5},{"damage":18,"enemies":"Chosen","floor":18,"turns":4},{"damage":34,"enemies":"2 Thieves","floor":19,"turns":3},{"damage":21,"enemies":"Sentry and Sphere","floor":21,"turns":2}],"seed_played":"-421934764992715783","potions_obtained":[{"floor":1,"key":"SteroidPotion"},{"floor":11,"key":"Strength Potion"},{"floor":19,"key":"FocusPotion"}],"is_trial":false,"path_per_floor":["M","$","?","?","?","R","M","R","T","R","M","M","$","M","R","B",null,"M","M","?","M"],"character_chosen":"DEFECT","items_purchased":["Gash","Rebound","Static Discharge"],"campfire_rested":0,"item_purchase_floors":[2,2,13],"current_hp_per_floor":[67,67,67,67,67,67,61,61,61,61,61,42,42,42,42,25,60,42,20,20,0],"gold":170,"neow_bonus":"TEN_PERCENT_HP_BONUS","is_prod":false,"is_daily":false,"chose_seed":false,"campfire_upgraded":4,"win_rate":0,"timestamp":1550055015,"path_taken":["M","$","?","?","?","R","M","R","T","R","?","M","?","M","R","BOSS","M","M","?","M"],"build_version":"2019-01-23","purchased_purges":0,"victory":false,"max_hp_per_floor":[78,78,78,78,71,71,71,71,71,71,71,71,71,71,71,71,71,71,71,71,71],"card_choices":[{"not_picked":["Steam","Beam Cell"],"picked":"Doom and Gloom","floor":1},{"not_picked":["Reprogram","Sweeping Beam"],"picked":"Ball Lightning","floor":7},{"not_picked":["Hello World","Turbo","Streamline"],"picked":"SKIP","floor":11},{"not_picked":["Turbo","Force Field"],"picked":"Go for the Eyes","floor":12},{"not_picked":["Leap","Auto Shields"],"picked":"Heatsinks","floor":14},{"not_picked":["Multi-Cast","Hyperbeam"],"picked":"All For One","floor":16},{"not_picked":["Genetic Algorithm+1","Sunder"],"picked":"Static Discharge+1","floor":18},{"not_picked":["Coolheaded","Go for the Eyes"],"picked":"Storm","floor":19}],"player_experience":683135,"relics_obtained":[{"floor":9,"key":"Meat on the Bone"}],"event_choices":[{"damage_healed":0,"gold_gain":0,"player_choice":"Ignored","damage_taken":0,"max_hp_gain":0,"max_hp_loss":0,"event_name":"Liars Game","floor":3,"gold_loss":0},{"damage_healed":0,"gold_gain":0,"player_choice":"Grow","damage_taken":0,"max_hp_gain":0,"max_hp_loss":0,"event_name":"Living Wall","floor":4,"gold_loss":0,"cards_upgraded":["Zap"]},{"damage_healed":0,"gold_gain":0,"player_choice":"Lose Max HP","damage_taken":0,"relics_obtained":["Golden Idol"],"max_hp_gain":0,"max_hp_loss":7,"event_name":"Golden Idol","floor":5,"gold_loss":0},{"damage_healed":0,"gold_gain":0,"player_choice":"Trade","damage_taken":0,"relics_obtained":["CultistMask"],"max_hp_gain":0,"max_hp_loss":0,"event_name":"FaceTrader","floor":20,"gold_loss":0}],"is_beta":false,"boss_relics":[{"not_picked":["White Beast Statue","Empty Cage"],"picked":"Inserter"}],"items_purged_floors":[],"is_endless":false,"potions_floor_spawned":[1,11,19],"killed_by":"Sentry and Sphere","ascension_level":20}