{"gold_per_floor":[216,30,41,41,55,55,80,80,135,148,182,182,192,8,8,8],"floor_reached":16,"playtime":607,"items_purged":["Strike_B"],"score":220,"play_id":"f0a76bcb-a23b-43e7-b8e1-070e61beda5f","local_time":"20181110113338","is_ascension_mode":true,"campfire_choices":[{"data":"Zap","floor":6,"key":"SMITH"},{"floor":8,"key":"REST"},{"floor":12,"key":"REST"},{"data":"Dualcast","floor":15,"key":"SMITH"}],"neow_cost":"NONE","seed_source_timestamp":749665629050654,"circlet_count":0,"master_deck":["AscendersBane","Strike_B","Strike_B","Strike_B","Defend_B","Defend_B","Defend_B","Defend_B","Zap+1","Dualcast+1","Auto Shields","Machine Learning","Self Repair"],"relics":["Cracked Core","Mercury Hourglass","The Courier","Vajra","Gremlin Horn","Membership Card"],"potions_floor_usage":[2,7,7,11],"damage_taken":[{"damage":1,"enemies":"Cultist","floor":1,"turns":3},{"damage":3,"enemies":"Small Slimes","floor":3,"turns":3},{"damage":0,"enemies":"2 Louse","floor":5,"turns":2},{"damage":20,"enemies":"3 Sentries","floor":7,"turns":6},{"damage":15,"enemies":"Exordium Thugs","floor":10,"turns":4},{"damage":17,"enemies":"Lagavulin","floor":11,"turns":5},{"damage":1,"enemies":"Looter","floor":13,"turns":3},{"damage":67,"enemies":"Hexaghost","floor":16,"turns":9}],"seed_played":"2257298936128418924","potions_obtained":[{"floor":3,"key":"SteroidPotion"},{"floor":5,"key":"Strength Potion"},{"floor":7,"key":"EssenceOfSteel"}],"is_trial":false,"path_per_floor":["M","$","M","T","M","R","E","R","T","M","E","R","M","$","R","B"],"character_chosen":"DEFECT","items_purchased":["Fruit Juice","Membership Card"],"campfire_rested":2,"item_purchase_floors":[2,14],"current_hp_per_floor":[63,68,65,65,65,65,45,67,67,52,35,57,63,63,63,0],"gold":8,"neow_bonus":"HUNDRED_GOLD","is_prod":false,"is_daily":false,"chose_seed":false,"campfire_upgraded":2,"win_rate":0,"timestamp":1541878418,"path_taken":["M","$","M","?","M","R","E","R","T","M","E","R","M","$","R","BOSS"],"build_version":"2018-11-08","purchased_purges":1,"victory":false,"max_hp_per_floor":[71,76,76,76,76,76,76,76,76,76,76,76,76,76,76,76],"card_choices":[{"not_picked":["Stack","Compile Driver","Fusion"],"picked":"SKIP","floor":1},{"not_picked":["Double Energy","Barrage"],"picked":"Auto Shields","floor":3},{"not_picked":["Sweeping Beam","Compile Driver","Streamline"],"picked":"SKIP","floor":5},{"not_picked":["Sweeping Beam","Auto Shields","Rebound"],"picked":"SKIP","floor":7},{"not_picked":["Steam","Ball Lightning"],"picked":"Machine Learning","floor":10},{"not_picked":["Streamline","Genetic Algorithm"],"picked":"Self Repair","floor":11},{"not_picked":["Steam","Streamline","Beam Cell"],"picked":"SKIP","floor":13}],"player_experience":630004,"relics_obtained":[{"floor":4,"key":"Mercury Hourglass"},{"floor":7,"key":"The Courier"},{"floor":9,"key":"Vajra"},{"floor":11,"key":"Gremlin Horn"}],"event_choices":[],"is_beta":false,"boss_relics":[],"items_purged_floors":[2],"is_endless":false,"potions_floor_spawned":[3,5,7],"killed_by":"Hexaghost","ascension_level":20}