{"gold_per_floor":[112,112,124,137,10,42,42,52,52,67,79,90,123,140,140,236,236,252,252,252,263,263],"floor_reached":22,"playtime":2371,"items_purged":[],"score":235,"play_id":"520c5c83-f8e5-4368-aa80-35d453a62d2c","local_time":"20190124181350","is_ascension_mode":true,"campfire_choices":[{"data":"Defragment","floor":7,"key":"SMITH"},{"floor":15,"key":"RECALL"}],"neow_cost":"NONE","seed_source_timestamp":48528369445577,"circlet_count":0,"master_deck":["Zap","Dualcast","Leap","Defragment+1","Cold Snap","Glacier","Deep Breath","Conserve Battery","Compile Driver","Beam Cell","Lockon","Steam","Melter","Multi-Cast","Streamline","Reboot","Stack","Scrape","Reinforced Body","Fusion","Capacitor","Beam Cell","Rainbow","Doom and Gloom+1","Ghostly","Ghostly","Ghostly","Ghostly","Ghostly","Glacier+1"],"relics":["Cracked Core","Blood Vial","Blue Candle","Nloth\u0027s Gift"],"potions_floor_usage":[6,6,13],"damage_taken":[{"damage":0,"enemies":"Small Slimes","floor":1,"turns":3},{"damage":0,"enemies":"Cultist","floor":3,"turns":3},{"damage":0,"enemies":"2 Louse","floor":4,"turns":2},{"damage":40,"enemies":"Gremlin Nob","floor":6,"turns":5},{"damage":4,"enemies":"Gremlin Gang","floor":8,"turns":6},{"damage":0,"enemies":"Large Slime","floor":10,"turns":3},{"damage":0,"enemies":"Lots of Slimes","floor":11,"turns":5},{"damage":0,"enemies":"2 Fungi Beasts","floor":12,"turns":3},{"damage":9,"enemies":"3 Sentries","floor":13,"turns":8},{"damage":0,"enemies":"Exordium Wildlife","floor":14,"turns":6},{"damage":6,"enemies":"The Guardian","floor":16,"turns":12},{"damage":10,"enemies":"3 Byrds","floor":18,"turns":5},{"damage":12,"enemies":"2 Thieves","floor":21,"turns":4},{"damage":38,"enemies":"3 Cultists","floor":22,"turns":8}],"seed_played":"2779443476434394610","potions_obtained":[{"floor":1,"key":"Fire Potion"},{"floor":3,"key":"SteroidPotion"},{"floor":6,"key":"GamblersBrew"},{"floor":12,"key":"Energy Potion"},{"floor":13,"key":"FocusPotion"}],"is_trial":false,"path_per_floor":["M","?","M","M","$","E","R","M","T","M","M","M","E","M","R","B",null,"M","?","?","M","M"],"character_chosen":"DEFECT","items_purchased":["Deep Breath","Conserve Battery"],"campfire_rested":0,"item_purchase_floors":[5,5],"current_hp_per_floor":[75,75,75,75,75,35,35,33,33,35,37,39,32,34,34,30,75,65,37,37,25,0],"gold":263,"neow_bonus":"TRANSFORM_CARD","is_prod":false,"is_daily":false,"chose_seed":false,"campfire_upgraded":1,"win_rate":0,"timestamp":1548371630,"path_taken":["M","?","M","M","$","E","R","M","T","M","M","M","E","M","R","BOSS","M","?","?","M","?"],"build_version":"2019-01-23","purchased_purges":0,"victory":false,"max_hp_per_floor":[75,75,75,75,75,75,75,75,75,75,75,75,75,75,75,75,75,75,37,37,37,37],"card_choices":[{"not_picked":["Go for the Eyes","Compile Driver"],"picked":"Defragment","floor":1},{"not_picked":["Rebound","Tempest"],"picked":"Cold Snap","floor":3},{"not_picked":["Tempest","Hologram"],"picked":"Glacier","floor":4},{"not_picked":["Leap","Double Energy"],"picked":"Compile Driver","floor":6},{"not_picked":["Lockon","Coolheaded"],"picked":"Beam Cell","floor":8},{"not_picked":["Capacitor","Conserve Battery"],"picked":"Lockon","floor":10},{"not_picked":["Capacitor","Undo"],"picked":"Steam","floor":11},{"not_picked":["Sweeping Beam","Skim"],"picked":"Melter","floor":12},{"not_picked":["Steam","Consume"],"picked":"Multi-Cast","floor":13},{"not_picked":["Fusion","Leap"],"picked":"Streamline","floor":14},{"not_picked":["Core Surge","Hyperbeam"],"picked":"Reboot","floor":16},{"not_picked":["Gash","Turbo+1"],"picked":"Doom and Gloom+1","floor":18},{"not_picked":["Reprogram","Darkness"],"picked":"Glacier+1","floor":21}],"player_experience":89627,"relics_obtained":[{"floor":6,"key":"Blood Vial"},{"floor":13,"key":"Blue Candle"}],"event_choices":[{"damage_healed":0,"gold_gain":0,"player_choice":"Bought 0 Potions","damage_taken":0,"max_hp_gain":0,"max_hp_loss":0,"event_name":"The Woman in Blue","floor":2,"gold_loss":0},{"damage_healed":0,"gold_gain":0,"player_choice":"Became a Ghost","damage_taken":0,"max_hp_gain":0,"max_hp_loss":38,"event_name":"Ghosts","floor":19,"gold_loss":0,"cards_obtained":["Ghostly","Ghostly","Ghostly","Ghostly","Ghostly"]},{"damage_healed":0,"gold_gain":0,"player_choice":"Traded Relic","damage_taken":0,"relics_obtained":["Nloth\u0027s Gift"],"max_hp_gain":0,"max_hp_loss":0,"event_name":"N\u0027loth","floor":20,"relics_lost":["Pandora\u0027s Box"],"gold_loss":0}],"is_beta":false,"boss_relics":[{"not_picked":["Ectoplasm","Snecko Eye"],"picked":"Pandora\u0027s Box"}],"items_purged_floors":[],"is_endless":false,"potions_floor_spawned":[1,3,6,12,13],"killed_by":"3 Cultists","ascension_level":1}