{"gold_per_floor":[118,129,145,156,156,156,64,102,102,102,115,129,129,144,144,268,268,281,302,227,227,142,142,242,267,291,340,340],"floor_reached":28,"playtime":1116,"items_purged":[],"score":253,"play_id":"823d1052-fb3d-498e-952f-3328e4c496c9","local_time":"20180907155403","is_ascension_mode":true,"campfire_choices":[{"data":"Zap","floor":6,"key":"SMITH"},{"floor":10,"key":"REST"},{"data":"Steam Power","floor":13,"key":"SMITH"},{"data":"Hologram","floor":15,"key":"SMITH"},{"data":"Double Energy","floor":23,"key":"SMITH"}],"neow_cost":"","seed_source_timestamp":70447025103938,"circlet_count":0,"master_deck":["Strike_B","Strike_B","Defend_B","Defend_B","Defend_B","Zap+1","Dualcast","Melter","Hologram+1","Conserve Battery","Lockon","Gash","Scrape","Gash","Steam Power+1","Double Energy+1","Reboot","Hologram"],"relics":["Cracked Core","Golden Idol","Torii","Empty Cage","Nloth\u0027s Gift","Dead Branch","Smiling Mask","Art of War"],"potions_floor_usage":[16,18,28,28],"damage_taken":[{"damage":1,"enemies":"Cultist","floor":1,"turns":3},{"damage":7,"enemies":"Jaw Worm","floor":2,"turns":3},{"damage":0,"enemies":"Small Slimes","floor":3,"turns":2},{"damage":1,"enemies":"Blue Slaver","floor":4,"turns":3},{"damage":22,"enemies":"Lagavulin","floor":8,"turns":6},{"damage":0,"enemies":"Exordium Wildlife","floor":11,"turns":3},{"damage":1,"enemies":"Gremlin Gang","floor":12,"turns":4},{"damage":0,"enemies":"Large Slime","floor":14,"turns":3},{"damage":43,"enemies":"The Guardian","floor":16,"turns":9},{"damage":8,"enemies":"Shell Parasite","floor":18,"turns":4},{"damage":24,"enemies":"2 Thieves","floor":19,"turns":4},{"damage":15,"enemies":"Snecko","floor":25,"turns":4},{"damage":46,"enemies":"Slavers","floor":28,"turns":4}],"seed_played":"2053764256309292645","potions_obtained":[{"floor":1,"key":"GamblersBrew"},{"floor":2,"key":"Regen Potion"},{"floor":14,"key":"SkillPotion"},{"floor":18,"key":"GamblersBrew"}],"is_trial":false,"path_per_floor":["M","M","M","M","?","R","$","E","T","R","M","M","R","M","R","B",null,"M","M","?","?","?","R","?","M","T","T"],"character_chosen":"DEFECT","items_purchased":["Gash","Scrape"],"campfire_rested":1,"item_purchase_floors":[7,7],"current_hp_per_floor":[74,67,67,66,48,48,48,26,26,48,48,47,47,47,47,4,75,67,43,43,43,43,43,43,28,28,28,0],"gold":340,"neow_bonus":"","is_prod":false,"is_daily":false,"chose_seed":false,"campfire_upgraded":4,"win_rate":0,"timestamp":1536350043,"path_taken":["M","M","M","?","?","R","?","E","T","R","M","?","R","?","R","BOSS","M","M","?","?","?","R","?","?","T","?","E"],"build_version":"2018-09-06","purchased_purges":0,"victory":false,"max_hp_per_floor":[75,75,75,75,75,75,75,75,75,75,75,75,75,75,75,75,75,75,75,75,75,75,75,75,75,75,75,75],"card_choices":[{"not_picked":["Conserve Battery","Redo"],"picked":"Melter","floor":1},{"not_picked":["Rebound","Consume"],"picked":"Hologram","floor":2},{"not_picked":["Stack","Sweeping Beam"],"picked":"Conserve Battery","floor":3},{"not_picked":["Compile Driver","Gash"],"picked":"Lockon","floor":4},{"not_picked":["Melter","Cold Snap"],"picked":"Gash","floor":8},{"not_picked":["Compile Driver","Ball Lightning","Stack"],"picked":"SKIP","floor":11},{"not_picked":["Cold Snap","Lockon"],"picked":"Steam Power","floor":12},{"not_picked":["Doom and Gloom","Buffer"],"picked":"Double Energy","floor":14},{"not_picked":["Fission","Thunder Strike"],"picked":"Reboot","floor":16},{"not_picked":["Sunder","Redo","Leap"],"picked":"SKIP","floor":18},{"not_picked":["Compile Driver+1","Leap","Sweeping Beam"],"picked":"SKIP","floor":19},{"not_picked":["Leap","Force Field"],"picked":"Hologram","floor":25}],"player_experience":166236,"relics_obtained":[{"floor":8,"key":"Torii"},{"floor":9,"key":"Gambling Chip"},{"floor":26,"key":"Smiling Mask"},{"floor":27,"key":"Art of War"}],"event_choices":[{"event_name":"Golden Idol","player_choice":"Take Damage","floor":5,"damage_taken":0},{"event_name":"Beggar","player_choice":"Gave Gold","floor":20,"damage_taken":0},{"event_name":"N\u0027loth","player_choice":"Traded a Gambling Chip","floor":21,"damage_taken":0},{"event_name":"Addict","player_choice":"Obtained Relic","floor":22,"damage_taken":0},{"event_name":"Golden Shrine","player_choice":"Pray","floor":24,"damage_taken":0}],"is_beta":false,"boss_relics":[{"not_picked":["Velvet Choker","Busted Crown"],"picked":"Empty Cage"}],"items_purged_floors":[],"is_endless":false,"potions_floor_spawned":[1,2,14,18],"killed_by":"Slavers","ascension_level":3}