{"gold_per_floor":[12,12,25,25,100,100,119,154,178,178,199,199,41,57,57,57],"floor_reached":16,"playtime":529,"items_purged":[],"score":165,"play_id":"5fbc1873-2274-4dd2-bf76-06c658873d58","local_time":"20181116173950","is_ascension_mode":true,"campfire_choices":[{"data":"Bash","floor":6,"key":"SMITH"},{"data":"Shrug It Off","floor":10,"key":"SMITH"},{"data":"True Grit","floor":15,"key":"SMITH"}],"neow_cost":"NO_GOLD","seed_source_timestamp":114685926692072,"circlet_count":0,"master_deck":["AscendersBane","Strike_R","Strike_R","Strike_R","Defend_R","Defend_R","Defend_R","Defend_R","Bash+1","Shrug It Off+1","Hemokinesis","Metallicize","Uppercut","Barricade","True Grit+1"],"relics":["Burning Blood","Golden Idol","Orichalcum","Happy Flower","Shuriken"],"potions_floor_usage":[8,14],"damage_taken":[{"damage":11,"enemies":"Jaw Worm","floor":1,"turns":6},{"damage":5,"enemies":"Small Slimes","floor":3,"turns":4},{"damage":0,"enemies":"2 Louse","floor":7,"turns":4},{"damage":55,"enemies":"3 Sentries","floor":8,"turns":12},{"damage":3,"enemies":"2 Fungi Beasts","floor":11,"turns":4},{"damage":10,"enemies":"Exordium Wildlife","floor":14,"turns":5},{"damage":10,"enemies":"Slime Boss","floor":16,"turns":6}],"seed_played":"25262596802820458","potions_obtained":[{"floor":7,"key":"BloodPotion"},{"floor":11,"key":"Weak Potion"},{"floor":14,"key":"Regen Potion"}],"is_trial":false,"path_per_floor":["M","?","M","?","?","R","M","E","T","R","M","?","$","M","R","B"],"character_chosen":"IRONCLAD","items_purchased":["Barricade"],"campfire_rested":0,"item_purchase_floors":[13],"current_hp_per_floor":[67,47,48,74,63,63,69,28,28,28,31,13,13,9,9,0],"gold":57,"neow_bonus":"REMOVE_TWO","is_prod":false,"is_daily":false,"chose_seed":false,"campfire_upgraded":3,"win_rate":0,"timestamp":1542407990,"path_taken":["M","?","M","?","?","R","M","E","T","R","M","?","$","M","R","BOSS"],"build_version":"2018-11-15","purchased_purges":0,"victory":false,"max_hp_per_floor":[80,80,80,80,80,80,80,80,80,80,80,80,80,80,80,80],"card_choices":[{"not_picked":["Spot Weakness","Warcry"],"picked":"Shrug It Off","floor":1},{"not_picked":["Sword Boomerang","Sentinel","Warcry"],"picked":"SKIP","floor":3},{"not_picked":["Heavy Blade","Pommel Strike"],"picked":"Hemokinesis","floor":7},{"not_picked":["Dark Embrace","Searing Blow"],"picked":"Metallicize","floor":8},{"not_picked":["Metallicize","Perfected Strike"],"picked":"Uppercut","floor":11},{"not_picked":["Seeing Red","Armaments"],"picked":"True Grit","floor":14}],"player_experience":384792,"relics_obtained":[{"floor":8,"key":"Orichalcum"},{"floor":9,"key":"Happy Flower"}],"event_choices":[{"damage_healed":0,"gold_gain":0,"player_choice":"Take Damage","damage_taken":20,"relics_obtained":["Golden Idol"],"max_hp_gain":0,"max_hp_loss":0,"event_name":"Golden Idol","floor":2,"gold_loss":0},{"damage_healed":26,"gold_gain":0,"player_choice":"Banana","damage_taken":0,"max_hp_gain":0,"max_hp_loss":0,"event_name":"Big Fish","floor":4,"gold_loss":0},{"damage_healed":0,"gold_gain":75,"player_choice":"Gather Gold","damage_taken":11,"max_hp_gain":0,"max_hp_loss":0,"event_name":"World of Goop","floor":5,"gold_loss":0},{"damage_healed":0,"gold_gain":0,"player_choice":"Success","damage_taken":18,"relics_obtained":["Shuriken"],"max_hp_gain":0,"max_hp_loss":0,"event_name":"Scrap Ooze","floor":12,"gold_loss":0}],"is_beta":true,"boss_relics":[],"items_purged_floors":[],"is_endless":false,"potions_floor_spawned":[7,11,14],"killed_by":"Slime Boss","ascension_level":13}