{"gold_per_floor":[110,124,49,49,49,49,77,89,89,89,103,103,103,113,113,187,187,204,216,216,216],"floor_reached":21,"playtime":1615,"items_purged":["Strike_B"],"score":295,"play_id":"b2c6b9c1-be88-486e-811e-3020377d1ae2","local_time":"20180922220223","is_ascension_mode":true,"campfire_choices":[{"floor":6,"key":"REST"},{"floor":13,"key":"REST"},{"data":"Storm","floor":15,"key":"SMITH"}],"neow_cost":"PERCENT_DAMAGE","seed_source_timestamp":703962624786871,"circlet_count":0,"master_deck":["Strike_B","Strike_B","Strike_B","Defend_B+1","Defend_B","Defend_B+1","Zap+1","Dualcast","AscendersBane","Barrage","Capacitor","Aggregate","Storm+1","Loop","Self Repair","Amplify","Steam Power","Turbo"],"relics":["Cracked Core","Shovel","Darkstone Periapt","Bottled Lightning","Lantern","Inserter"],"potions_floor_usage":[14,16,18],"damage_taken":[{"damage":6,"enemies":"Cultist","floor":1,"turns":3},{"damage":0,"enemies":"2 Louse","floor":2,"turns":2},{"damage":22,"enemies":"Lagavulin","floor":7,"turns":7},{"damage":2,"enemies":"Jaw Worm","floor":8,"turns":3},{"damage":14,"enemies":"3 Louse","floor":11,"turns":5},{"damage":0,"enemies":"Lots of Slimes","floor":14,"turns":1},{"damage":13,"enemies":"Slime Boss","floor":16,"turns":9},{"damage":30,"enemies":"Chosen","floor":18,"turns":5},{"damage":14,"enemies":"3 Byrds","floor":19,"turns":5},{"damage":40,"enemies":"Snake Plant","floor":21,"turns":4}],"seed_played":"-2362938689882116","potions_obtained":[{"floor":7,"key":"FearPotion"},{"floor":8,"key":"PowerPotion"},{"floor":14,"key":"Fire Potion"},{"floor":16,"key":"SneckoOil"}],"is_trial":false,"path_per_floor":["M","M","$","?","?","R","E","M","T","T","M","?","R","M","R","B",null,"M","M","?"],"character_chosen":"DEFECT","items_purchased":[],"campfire_rested":2,"item_purchase_floors":[],"current_hp_per_floor":[44,44,44,44,29,51,29,27,27,27,13,6,28,28,28,22,62,39,39,39,0],"gold":216,"neow_bonus":"ONE_RARE_RELIC","is_prod":false,"is_daily":false,"chose_seed":false,"campfire_upgraded":1,"win_rate":0,"timestamp":1537668143,"path_taken":["M","M","$","?","?","R","E","?","T","?","M","?","R","M","R","BOSS","M","M","?","?"],"build_version":"2018-09-20","purchased_purges":1,"victory":false,"max_hp_per_floor":[75,75,75,75,75,75,75,75,75,75,75,75,75,75,75,75,75,75,75,75,75],"card_choices":[{"not_picked":["Hologram","Rebound"],"picked":"Barrage","floor":1},{"not_picked":["Skim","Gash"],"picked":"Capacitor","floor":2},{"not_picked":["Compile Driver","Beam Cell"],"picked":"Aggregate","floor":7},{"not_picked":["Steam","Streamline"],"picked":"Storm","floor":8},{"not_picked":["Undo","Sweeping Beam"],"picked":"Loop","floor":11},{"not_picked":["Redo","Leap"],"picked":"Self Repair","floor":14},{"not_picked":["Core Surge","Machine Learning"],"picked":"Amplify","floor":16},{"not_picked":["Hologram","Sweeping Beam"],"picked":"Steam Power","floor":18},{"not_picked":["Scrape","Darkness"],"picked":"Turbo","floor":19}],"player_experience":240757,"relics_obtained":[{"floor":7,"key":"Darkstone Periapt"},{"floor":9,"key":"Bottled Lightning"},{"floor":10,"key":"Lantern"}],"event_choices":[{"event_name":"Living Wall","player_choice":"Grow","floor":4,"damage_taken":0},{"event_name":"Shining Light","player_choice":"Entered Light","floor":5,"damage_taken":0},{"event_name":"Golden Wing","player_choice":"Card Removal","floor":12,"damage_taken":0},{"event_name":"Cursed Tome","player_choice":"Ignored","floor":20,"damage_taken":0}],"is_beta":false,"boss_relics":[{"not_picked":["Calling Bell","Busted Crown"],"picked":"Inserter"}],"items_purged_floors":[3],"is_endless":false,"potions_floor_spawned":[7,8,14,16],"killed_by":"Snake Plant","ascension_level":13}