{"gold_per_floor":[113,126,138,12,12,39,39,68,68,68,81,93,124,135,135,210,210,222,41,61,77,77,77,2,2,27,27,27,27],"floor_reached":29,"playtime":1178,"items_purged":[],"score":384,"play_id":"d45b5c36-ef8c-4a31-895f-683e967e04a1","local_time":"20181117023651","is_ascension_mode":true,"campfire_choices":[{"floor":7,"key":"REST"},{"data":"Hyperbeam","floor":10,"key":"SMITH"},{"floor":15,"key":"REST"},{"data":"Creative AI","floor":23,"key":"SMITH"},{"data":"Self Repair","floor":25,"key":"SMITH"},{"data":"Fission","floor":27,"key":"SMITH"}],"neow_cost":"PERCENT_DAMAGE","seed_source_timestamp":45129620706385,"circlet_count":0,"master_deck":["AscendersBane","Strike_B","Strike_B","Strike_B","Defend_B","Defend_B","Defend_B","Defend_B","Zap","Dualcast","Hyperbeam+1","Beam Cell","Go for the Eyes","Sweeping Beam","Skim","Impatience","Rebound","Leap","Conserve Battery","FTL","Hologram","Self Repair+1","Creative AI+1","Leap","Hologram+1","Fission+1"],"relics":["Cracked Core","Dodecahedron","Cables","Odd Mushroom","Symbiotic Virus","DataDisk","Nuclear Battery","Oddly Smooth Stone","Meat on the Bone","Vajra","NlothsMask"],"potions_floor_usage":[16,18,29],"damage_taken":[{"damage":0,"enemies":"Cultist","floor":1,"turns":2},{"damage":2,"enemies":"Jaw Worm","floor":2,"turns":3},{"damage":0,"enemies":"Small Slimes","floor":3,"turns":2},{"damage":21,"enemies":"Gremlin Nob","floor":6,"turns":4},{"damage":0,"enemies":"The Mushroom Lair","floor":8,"turns":1},{"damage":4,"enemies":"Exordium Wildlife","floor":11,"turns":2},{"damage":2,"enemies":"Looter","floor":12,"turns":2},{"damage":10,"enemies":"3 Sentries","floor":13,"turns":4},{"damage":0,"enemies":"Exordium Thugs","floor":14,"turns":1},{"damage":18,"enemies":"The Guardian","floor":16,"turns":7},{"damage":8,"enemies":"3 Byrds","floor":18,"turns":4},{"damage":30,"enemies":"2 Thieves","floor":20,"turns":4},{"damage":24,"enemies":"Sentry and Sphere","floor":21,"turns":6},{"damage":18,"enemies":"Snake Plant","floor":29,"turns":2}],"seed_played":"2093382815332750133","potions_obtained":[{"floor":3,"key":"EssenceOfSteel"},{"floor":6,"key":"Explosive Potion"},{"floor":14,"key":"Energy Potion"},{"floor":18,"key":"SkillPotion"},{"floor":21,"key":"Dexterity Potion"}],"is_trial":false,"path_per_floor":["M","M","M","$","?","E","R","?","T","R","M","M","E","M","R","B",null,"M","$","M","M","?","R","?","R","T","R","?","M"],"character_chosen":"DEFECT","items_purchased":["Skim","Impatience","Oddly Smooth Stone","Leap"],"campfire_rested":2,"item_purchase_floors":[4,4,19,19],"current_hp_per_floor":[50,48,48,48,23,2,24,24,24,24,20,18,8,8,30,19,61,60,60,30,13,13,13,13,13,13,13,13,0],"gold":27,"neow_bonus":"THREE_RARE_CARDS","is_prod":false,"is_daily":false,"chose_seed":false,"campfire_upgraded":4,"win_rate":0,"timestamp":1542451011,"path_taken":["M","?","M","$","?","E","R","?","T","R","M","M","E","M","R","BOSS","M","$","M","M","?","R","?","R","T","R","?","?"],"build_version":"2018-11-15","purchased_purges":0,"victory":false,"max_hp_per_floor":[75,75,75,75,75,75,75,75,75,75,75,75,75,75,75,75,75,75,75,75,75,75,75,75,75,75,75,75,75],"card_choices":[{"not_picked":["Buffer","Amplify"],"picked":"Hyperbeam","floor":0},{"not_picked":["Reinforced Body","Sweeping Beam"],"picked":"Beam Cell","floor":1},{"not_picked":["Turbo","Multi-Cast"],"picked":"Go for the Eyes","floor":2},{"not_picked":["Tempest","Defragment"],"picked":"Sweeping Beam","floor":3},{"not_picked":["Double Energy","Undo"],"picked":"Rebound","floor":6},{"not_picked":["Heatsinks","Streamline"],"picked":"Leap","floor":8},{"not_picked":["Beam Cell","Amplify"],"picked":"Conserve Battery","floor":11},{"not_picked":["Blizzard","Cold Snap"],"picked":"FTL","floor":12},{"not_picked":["Coolheaded","Darkness"],"picked":"Hologram","floor":13},{"not_picked":["Aggregate","Genetic Algorithm"],"picked":"Self Repair","floor":14},{"not_picked":["Biased Cognition","Multi-Cast"],"picked":"Creative AI","floor":16},{"not_picked":["Loop+1","Coolheaded","Go for the Eyes"],"picked":"SKIP","floor":18},{"not_picked":["Stack","Conserve Battery"],"picked":"Hologram+1","floor":20},{"not_picked":["Storm","Go for the Eyes"],"picked":"Fission","floor":21}],"player_experience":416753,"relics_obtained":[{"floor":6,"key":"Cables"},{"floor":8,"key":"Odd Mushroom"},{"floor":9,"key":"Symbiotic Virus"},{"floor":13,"key":"DataDisk"},{"floor":26,"key":"Vajra"}],"event_choices":[{"damage_healed":0,"gold_gain":0,"player_choice":"Success","damage_taken":25,"relics_obtained":["Dodecahedron"],"max_hp_gain":0,"max_hp_loss":0,"event_name":"Scrap Ooze","floor":5,"gold_loss":0},{"damage_healed":0,"gold_gain":0,"player_choice":"Fought Mushrooms","damage_taken":0,"max_hp_gain":0,"max_hp_loss":0,"event_name":"Mushrooms","floor":8,"gold_loss":0},{"damage_healed":0,"gold_gain":0,"player_choice":"Opened","damage_taken":0,"relics_obtained":["Meat on the Bone"],"max_hp_gain":0,"max_hp_loss":0,"event_name":"The Mausoleum","floor":22,"gold_loss":0},{"cards_removed":["Strike_B"],"damage_healed":0,"gold_gain":0,"player_choice":"Gave Gold","damage_taken":0,"max_hp_gain":0,"max_hp_loss":0,"event_name":"Beggar","floor":24,"gold_loss":75},{"damage_healed":0,"gold_gain":0,"player_choice":"Trade","damage_taken":0,"relics_obtained":["NlothsMask"],"max_hp_gain":0,"max_hp_loss":0,"event_name":"FaceTrader","floor":28,"gold_loss":0}],"is_beta":false,"boss_relics":[{"not_picked":["Eternal Feather","Inserter"],"picked":"Nuclear Battery"}],"items_purged_floors":[],"is_endless":false,"potions_floor_spawned":[3,6,12,14,18,21],"killed_by":"Snake Plant","ascension_level":13}