{"gold_per_floor":[112,127,144,162,162,162,181,181,235,245,272,272,237,249,249,323,323,339,370,382,382,39,39,39,39,39,39],"floor_reached":27,"playtime":873,"items_purged":["Strike_B"],"score":426,"play_id":"c62b9425-a9dd-4c4f-86b9-8680968e85de","local_time":"20190210031240","is_ascension_mode":true,"campfire_choices":[{"data":"Defragment","floor":6,"key":"SMITH"},{"data":"Zap","floor":8,"key":"SMITH"},{"floor":15,"key":"REST"},{"floor":23,"key":"REST"},{"data":"Biased Cognition","floor":25,"key":"SMITH"}],"neow_cost":"NONE","seed_source_timestamp":321043873788000,"circlet_count":0,"master_deck":["AscendersBane","Strike_B","Strike_B","Strike_B","Defend_B","Defend_B","Defend_B","Defend_B","Zap+1","Dualcast","Genetic Algorithm","Conserve Battery","Defragment+1","Ball Lightning","Stack","Ball Lightning","Coolheaded","Stack","Biased Cognition+1","White Noise","Cold Snap+1"],"relics":["Cracked Core","Ancient Tea Set","Molten Egg 2","Runic Pyramid","Red Mask","MutagenicStrength","Frozen Egg 2","Bottled Flame"],"potions_floor_usage":[7,11,19],"damage_taken":[{"damage":9,"enemies":"Jaw Worm","floor":1,"turns":4},{"damage":9,"enemies":"Small Slimes","floor":2,"turns":3},{"damage":3,"enemies":"2 Louse","floor":3,"turns":5},{"damage":2,"enemies":"2 Fungi Beasts","floor":4,"turns":4},{"damage":9,"enemies":"Red Slaver","floor":7,"turns":3},{"damage":14,"enemies":"Exordium Thugs","floor":10,"turns":5},{"damage":27,"enemies":"Gremlin Nob","floor":11,"turns":4},{"damage":6,"enemies":"3 Louse","floor":14,"turns":4},{"damage":36,"enemies":"The Guardian","floor":16,"turns":10},{"damage":0,"enemies":"Chosen","floor":18,"turns":4},{"damage":47,"enemies":"Masked Bandits","floor":19,"turns":4},{"damage":2,"enemies":"3 Byrds","floor":20,"turns":6},{"damage":54,"enemies":"Gremlin Leader","floor":27,"turns":7}],"seed_played":"-1880773207287828713","potions_obtained":[{"floor":1,"key":"PowerPotion"},{"floor":7,"key":"Ancient Potion"},{"floor":11,"key":"Ancient Potion"},{"floor":20,"key":"Strength Potion"}],"is_trial":false,"path_per_floor":["M","M","M","M","?","R","M","R","T","M","E","?","?","M","R","B",null,"M","?","M","?","$","R","?","R","T","E"],"character_chosen":"DEFECT","items_purchased":["Frozen Egg 2"],"campfire_rested":2,"item_purchase_floors":[22],"current_hp_per_floor":[62,53,50,48,53,53,44,44,44,30,3,3,23,17,41,5,64,64,17,15,15,15,39,39,39,39,0],"gold":39,"neow_bonus":"TEN_PERCENT_HP_BONUS","is_prod":false,"is_daily":false,"chose_seed":false,"campfire_upgraded":3,"win_rate":0,"timestamp":1549797160,"path_taken":["M","M","M","M","?","R","M","R","T","M","E","?","?","?","R","BOSS","M","?","M","?","$","R","?","R","T","E"],"build_version":"2019-01-23","purchased_purges":1,"victory":false,"max_hp_per_floor":[78,78,78,78,83,83,83,83,83,83,83,83,83,83,83,83,83,83,83,83,83,83,83,83,83,83,83],"card_choices":[{"not_picked":["Rip and Tear","Conserve Battery"],"picked":"Genetic Algorithm","floor":1},{"not_picked":["Hologram","Reprogram"],"picked":"Conserve Battery","floor":2},{"not_picked":["Ball Lightning","Sweeping Beam"],"picked":"Defragment","floor":3},{"not_picked":["Sweeping Beam","Aggregate"],"picked":"Ball Lightning","floor":4},{"not_picked":["Melter","Amplify"],"picked":"Stack","floor":7},{"not_picked":["Streamline","Gash"],"picked":"Ball Lightning","floor":10},{"not_picked":["Steam Power","BootSequence"],"picked":"Coolheaded","floor":11},{"not_picked":["Turbo","Force Field"],"picked":"Stack","floor":14},{"not_picked":["Amplify","Creative AI"],"picked":"Biased Cognition","floor":16},{"not_picked":["Doom and Gloom+1","Skim"],"picked":"White Noise","floor":18},{"not_picked":["Skim","Melter+1"],"picked":"Cold Snap+1","floor":19},{"not_picked":["Chaos","Genetic Algorithm","Hello World"],"picked":"SKIP","floor":20}],"player_experience":674143,"relics_obtained":[{"floor":9,"key":"Ancient Tea Set"},{"floor":11,"key":"Molten Egg 2"},{"floor":19,"key":"Red Mask"},{"floor":26,"key":"Bottled Flame"}],"event_choices":[{"damage_healed":0,"gold_gain":0,"player_choice":"Donut","damage_taken":0,"max_hp_gain":5,"max_hp_loss":0,"event_name":"Big Fish","floor":5,"gold_loss":0},{"damage_healed":0,"gold_gain":0,"player_choice":"Ignored","damage_taken":0,"max_hp_gain":0,"max_hp_loss":0,"event_name":"Golden Wing","floor":12,"gold_loss":0},{"damage_healed":20,"gold_gain":0,"player_choice":"Healed","damage_taken":0,"max_hp_gain":0,"max_hp_loss":0,"event_name":"The Cleric","floor":13,"gold_loss":35},{"damage_healed":0,"gold_gain":0,"player_choice":"Fought Bandits","damage_taken":0,"max_hp_gain":0,"max_hp_loss":0,"event_name":"Masked Bandits","floor":19,"gold_loss":0},{"damage_healed":0,"gold_gain":0,"player_choice":"Inject Mutagens","damage_taken":0,"relics_obtained":["MutagenicStrength"],"max_hp_gain":0,"max_hp_loss":0,"event_name":"Drug Dealer","floor":21,"gold_loss":0}],"is_beta":false,"boss_relics":[{"not_picked":["Inserter","Pandora\u0027s Box"],"picked":"Runic Pyramid"}],"items_purged_floors":[22],"is_endless":false,"potions_floor_spawned":[1,7,11,20],"killed_by":"Gremlin Leader","ascension_level":20}