{"gold_per_floor":[118,136,211,211,231,231,53,67,91,119,133,164,164,182,182,305,305,330,300,47,60,73,109,109,24,24,59,10,28,28,53,53,183,246,259,282,282,615,615,615],"floor_reached":40,"playtime":2533,"items_purged":[],"score":519,"play_id":"dbda4233-9e74-4f0e-bff5-99f2aa18155d","local_time":"20190303133202","is_ascension_mode":true,"campfire_choices":[{"floor":6.0,"key":"RECALL"},{"floor":13.0,"key":"REST"},{"data":"Cleave","floor":15.0,"key":"SMITH"},{"data":"Thunderclap","floor":24.0,"key":"SMITH"},{"floor":30.0,"key":"REST"},{"floor":32.0,"key":"REST"}],"neow_cost":"NONE","seed_source_timestamp":0,"circlet_count":0,"master_deck":["Strike_R","Strike_R","Strike_R","Strike_R","Strike_R","Defend_R","Defend_R","Defend_R","Bash","Twin Strike","Rampage","Twin Strike","Cleave+1","Trip","Dropkick","Flex","Perfected Strike","Pommel Strike","Rage","Thunderclap+1","Feed","Armaments+1","Metallicize","Thunderclap","Cleave","Iron Wave+1","Blood for Blood+1","Juggernaut","Thunderclap+1"],"special_seed":0,"relics":["Burning Blood","Odd Mushroom","Art of War","Philosopher\u0027s Stone","Lantern","Ice Cream","Bag of Marbles","Orichalcum","Molten Egg 2","Tiny House"],"potions_floor_usage":[35,40],"damage_taken":[{"damage":0.0,"enemies":"Small Slimes","floor":1.0,"turns":3.0},{"damage":2.0,"enemies":"Jaw Worm","floor":2.0,"turns":3.0},{"damage":6.0,"enemies":"Cultist","floor":5.0,"turns":3.0},{"damage":9.0,"enemies":"Exordium Wildlife","floor":8.0,"turns":3.0},{"damage":13.0,"enemies":"The Mushroom Lair","floor":10.0,"turns":3.0},{"damage":8.0,"enemies":"Blue Slaver","floor":11.0,"turns":3.0},{"damage":18.0,"enemies":"Lagavulin","floor":12.0,"turns":3.0},{"damage":0.0,"enemies":"Large Slime","floor":14.0,"turns":4.0},{"damage":16.0,"enemies":"Slime Boss","floor":16.0,"turns":7.0},{"damage":5.0,"enemies":"3 Byrds","floor":18.0,"turns":4.0},{"damage":2.0,"enemies":"Chosen","floor":21.0,"turns":3.0},{"damage":18.0,"enemies":"Snecko","floor":22.0,"turns":4.0},{"damage":24.0,"enemies":"Gremlin Leader","floor":23.0,"turns":7.0},{"damage":34.0,"enemies":"Slavers","floor":27.0,"turns":4.0},{"damage":12.0,"enemies":"Cultist and Chosen","floor":29.0,"turns":5.0},{"damage":27.0,"enemies":"Snake Plant","floor":31.0,"turns":4.0},{"damage":67.0,"enemies":"Collector","floor":33.0,"turns":10.0},{"damage":33,"enemies":"3 Darklings","floor":35,"turns":4},{"damage":0,"enemies":"Orb Walker","floor":36,"turns":2},{"damage":105,"enemies":"Nemesis","floor":40,"turns":5}],"seed_played":"-4120786540891971116","potions_obtained":[{"floor":5.0,"key":"Dexterity Potion"},{"floor":10.0,"key":"Fire Potion"},{"floor":14.0,"key":"Energy Potion"},{"floor":16.0,"key":"Swift Potion"},{"floor":19.0,"key":"Swift Potion"},{"floor":19.0,"key":"Block Potion"},{"floor":27.0,"key":"Poison Potion"},{"floor":31.0,"key":"Regen Potion"},{"floor":33.0,"key":"FearPotion"},{"floor":34.0,"key":"Swift Potion"},{"floor":36,"key":"LiquidBronze"}],"is_trial":false,"path_per_floor":["M","M","?","?","M","R","$","M","T","?","M","E","R","M","R","B",null,"M","?","$","M","M","E","R","?","T","E","$","M","R","M","R","B",null,"M","M","?","?","?","E"],"character_chosen":"IRONCLAD","items_purchased":["Cleave","Trip","Dropkick","Lantern","Metallicize","Thunderclap","PowerPotion"],"campfire_rested":3,"item_purchase_floors":[7,7,7,20,20,20,28],"current_hp_per_floor":[88,88,77,55,55,55,55,52,52,45,43,31,57,63,63,53,88,91,91,91,91,79,61,61,61,61,33,33,30,58,37,65,18,99,72,78,78,78,78,0],"gold":615,"neow_bonus":"TEN_PERCENT_HP_BONUS","is_prod":false,"is_daily":false,"chose_seed":false,"campfire_upgraded":2,"win_rate":0,"timestamp":1551630722,"path_taken":["M","M","?","?","M","R","$","M","T","?","M","E","R","M","R","BOSS","M","?","$","?","M","E","R","?","T","E","$","M","R","M","R","BOSS","M","M","?","?","?","E"],"build_version":"2019-01-23","purchased_purges":0,"victory":false,"max_hp_per_floor":[88,88,88,88,88,88,88,88,88,88,88,88,88,88,88,88,88,91,91,91,91,91,91,91,91,91,91,91,94,94,94,94,94,99,99,99,99,99,99,99],"card_choices":[{"not_picked":["Pummel","Feel No Pain"],"picked":"Twin Strike","floor":1.0},{"not_picked":["Shockwave","Flex"],"picked":"Rampage","floor":2.0},{"not_picked":["Clash","Rampage"],"picked":"Twin Strike","floor":5.0},{"not_picked":["Sword Boomerang","Twin Strike"],"picked":"Flex","floor":8.0},{"not_picked":["Sword Boomerang","Havoc"],"picked":"Perfected Strike","floor":10.0},{"not_picked":["Anger","Wild Strike"],"picked":"Pommel Strike","floor":11.0},{"not_picked":["Havoc","Exhume"],"picked":"Rage","floor":12.0},{"not_picked":["Body Slam","Flex"],"picked":"Thunderclap","floor":14.0},{"not_picked":["Double Tap","Limit Break"],"picked":"Feed","floor":16.0},{"not_picked":["Body Slam","Perfected Strike+1"],"picked":"Armaments+1","floor":18.0},{"not_picked":["Iron Wave","Wild Strike"],"picked":"Cleave","floor":21.0},{"not_picked":["Body Slam+1","Spot Weakness"],"picked":"Iron Wave","floor":22.0},{"not_picked":["Body Slam","Uppercut+1","Thunderclap"],"picked":"SKIP","floor":23.0},{"not_picked":["Pummel","Offering"],"picked":"Blood for Blood+1","floor":27.0},{"not_picked":["True Grit+1","Burning Pact","Wild Strike+1"],"picked":"SKIP","floor":29.0},{"not_picked":["Dropkick+1","Clothesline+1","Armaments"],"picked":"SKIP","floor":31.0},{"not_picked":["Brutality","Fiend Fire+1"],"picked":"Juggernaut","floor":33.0},{"not_picked":["Spot Weakness+1","Evolve"],"picked":"Thunderclap+1","floor":34.0},{"not_picked":["Rupture+1","Flex","Heavy Blade+1"],"picked":"SKIP","floor":35},{"not_picked":["Corruption","Metallicize","Anger+1"],"picked":"SKIP","floor":36}],"player_experience":154443,"relics_obtained":[{"floor":10.0,"key":"Odd Mushroom"},{"floor":12.0,"key":"Art of War"},{"floor":23.0,"key":"Ice Cream"},{"floor":26.0,"key":"Orichalcum"},{"floor":27.0,"key":"Molten Egg 2"}],"event_choices":[{"damage_healed":0.0,"max_hp_gain":0.0,"max_hp_loss":0.0,"gold_gain":75.0,"event_name":"World of Goop","player_choice":"Gather Gold","floor":3.0,"gold_loss":0.0,"damage_taken":11.0},{"damage_healed":0.0,"max_hp_gain":0.0,"max_hp_loss":0.0,"gold_gain":0.0,"event_name":"Golden Idol","player_choice":"Take Damage","floor":4.0,"gold_loss":0.0,"damage_taken":22.0,"relics_obtained":["Golden Idol"]},{"damage_healed":0.0,"max_hp_gain":0.0,"max_hp_loss":0.0,"gold_gain":0.0,"event_name":"Mushrooms","player_choice":"Fought Mushrooms","floor":10.0,"gold_loss":0.0,"damage_taken":0.0},{"damage_healed":0.0,"max_hp_gain":0.0,"max_hp_loss":0.0,"gold_gain":0.0,"event_name":"The Woman in Blue","player_choice":"Bought 2 Potions","floor":19.0,"gold_loss":0.0,"damage_taken":0.0},{"damage_healed":0.0,"max_hp_gain":0.0,"max_hp_loss":0.0,"gold_gain":0.0,"event_name":"Addict","player_choice":"Obtained Relic","floor":25.0,"gold_loss":85.0,"damage_taken":0.0,"relics_obtained":["Bag of Marbles"]},{"cards_removed":["Defend_R"],"damage_healed":0,"gold_gain":0,"player_choice":"Removed Skill","damage_taken":0,"max_hp_gain":0,"max_hp_loss":0,"event_name":"Falling","floor":37,"gold_loss":0},{"damage_healed":0,"gold_gain":333,"player_choice":"Gave Idol","damage_taken":0,"max_hp_gain":0,"max_hp_loss":0,"event_name":"The Moai Head","floor":38,"relics_lost":["Golden Idol"],"gold_loss":0},{"damage_healed":0,"gold_gain":0,"player_choice":"Ignored","damage_taken":0,"max_hp_gain":0,"max_hp_loss":0,"event_name":"Tomb of Lord Red Mask","floor":39,"gold_loss":0}],"is_beta":false,"boss_relics":[{"not_picked":["Runic Pyramid","Runic Dome"],"picked":"Philosopher\u0027s Stone"},{"not_picked":["Coffee Dripper","Snecko Eye"],"picked":"Tiny House"}],"items_purged_floors":[],"is_endless":false,"potions_floor_spawned":[5,10,14,16,27,31,33,36],"killed_by":"Nemesis","ascension_level":2}