{"gold_per_floor":[115,115,138,138,159,159,177,213,282,282,303,303,339,359,359,449,449,465,488,105,126,26,26,41,72,72,72,88,88,103,116,116,116],"floor_reached":33,"playtime":1470,"items_purged":["Strike_R","Strike_R"],"score":562,"play_id":"4592eca7-4ffe-4225-b97c-b7df6a58103f","local_time":"20190203105235","is_ascension_mode":true,"campfire_choices":[{"data":"Rampage","floor":6.0,"key":"SMITH"},{"floor":10.0,"key":"REST"},{"floor":12,"key":"REST"},{"floor":15,"key":"REST"},{"floor":23,"key":"REST"},{"floor":27,"key":"REST"},{"floor":29,"key":"REST"},{"floor":32,"key":"REST"}],"neow_cost":"TEN_PERCENT_HP_LOSS","seed_source_timestamp":81322939371808,"circlet_count":0,"master_deck":["AscendersBane","Strike_R","Strike_R","Defend_R","Defend_R","Defend_R","Defend_R","Bash","Inflame","Rampage+1","Disarm","Shrug It Off","True Grit","True Grit+1","Limit Break+1","Disarm+1","Pommel Strike+1","Inflame","Armaments+1","Battle Trance+1","Ghostly Armor+1","Feel No Pain+1"],"special_seed":0,"relics":["Burning Blood","Champion Belt","Golden Idol","Incense Burner","Toxic Egg 2","Bronze Scales","Fusion Hammer","Sling","Strawberry"],"potions_floor_usage":[11,13,14,25,28,31],"damage_taken":[{"damage":7.0,"enemies":"2 Louse","floor":1.0,"turns":3.0},{"damage":0.0,"enemies":"Small Slimes","floor":3.0,"turns":5.0},{"damage":1.0,"enemies":"Cultist","floor":5.0,"turns":3.0},{"damage":11.0,"enemies":"Large Slime","floor":7.0,"turns":7.0},{"damage":31.0,"enemies":"Lagavulin","floor":8.0,"turns":8.0},{"damage":32,"enemies":"Gremlin Gang","floor":11,"turns":5},{"damage":22,"enemies":"3 Sentries","floor":13,"turns":10},{"damage":13,"enemies":"Lots of Slimes","floor":14,"turns":6},{"damage":24,"enemies":"The Guardian","floor":16,"turns":12},{"damage":20,"enemies":"2 Thieves","floor":18,"turns":5},{"damage":24,"enemies":"Shell Parasite","floor":19,"turns":5},{"damage":2,"enemies":"Chosen and Byrds","floor":21,"turns":8},{"damage":12,"enemies":"Snake Plant","floor":24,"turns":4},{"damage":20,"enemies":"Book of Stabbing","floor":25,"turns":5},{"damage":39,"enemies":"Snecko","floor":28,"turns":6},{"damage":28,"enemies":"Chosen and Byrds","floor":30,"turns":6},{"damage":14,"enemies":"Shelled Parasite and Fungi","floor":31,"turns":5},{"damage":50,"enemies":"Automaton","floor":33,"turns":8}],"seed_played":"-6655162088011371177","potions_obtained":[{"floor":5.0,"key":"FearPotion"},{"floor":8.0,"key":"PowerPotion"},{"floor":11,"key":"LiquidBronze"},{"floor":13,"key":"Weak Potion"},{"floor":24,"key":"AttackPotion"},{"floor":25,"key":"SkillPotion"},{"floor":28,"key":"Dexterity Potion"}],"is_trial":false,"path_per_floor":["M","?","M","?","M","R","M","E","T","R","M","R","E","M","R","B",null,"M","M","$","M","$","R","M","E","T","R","M","R","M","M","R","B"],"character_chosen":"IRONCLAD","items_purchased":["Sling","Disarm+1"],"campfire_rested":7,"item_purchase_floors":[20,20],"current_hp_per_floor":[67,44,50,50,55,55,50,25,25,45,19,39,23,16,36,18,56,42,24,24,28,28,48,42,35,35,57,24,46,24,16,38,0],"gold":116,"neow_bonus":"ONE_RARE_RELIC","is_prod":false,"is_daily":false,"chose_seed":false,"campfire_upgraded":1,"win_rate":0,"timestamp":1549219955,"path_taken":["M","?","M","?","M","R","M","E","T","R","M","R","E","M","R","BOSS","M","M","$","M","$","R","M","E","T","R","M","R","M","M","R","BOSS"],"build_version":"2019-01-23","purchased_purges":2,"victory":false,"max_hp_per_floor":[68,68,68,68,68,68,68,68,68,68,68,68,68,68,68,68,68,68,68,68,68,68,68,68,75,75,75,75,75,75,75,75,75],"card_choices":[{"not_picked":["Body Slam","Carnage"],"picked":"Inflame","floor":1.0},{"not_picked":["Sentinel","Headbutt"],"picked":"Rampage","floor":3.0},{"not_picked":["Iron Wave","Blood for Blood"],"picked":"Disarm","floor":5.0},{"not_picked":["Burning Pact","True Grit"],"picked":"Shrug It Off","floor":7.0},{"not_picked":["Seeing Red","Wild Strike"],"picked":"True Grit","floor":8.0},{"not_picked":["Twin Strike","Barricade"],"picked":"True Grit+1","floor":11},{"not_picked":["Second Wind+1","Rampage","Cleave"],"picked":"SKIP","floor":13},{"not_picked":["Headbutt","Anger","Flex+1"],"picked":"SKIP","floor":14},{"not_picked":["Feed","Barricade"],"picked":"Limit Break+1","floor":16},{"not_picked":["Carnage","Clash+1","Headbutt"],"picked":"SKIP","floor":18},{"not_picked":["Hemokinesis","Headbutt","Sword Boomerang"],"picked":"SKIP","floor":19},{"not_picked":["Warcry+1","Heavy Blade"],"picked":"Pommel Strike+1","floor":21},{"not_picked":["Blood for Blood","Pommel Strike"],"picked":"Inflame","floor":24},{"not_picked":["Bludgeon","Rampage"],"picked":"Armaments+1","floor":25},{"not_picked":["Clothesline","Headbutt"],"picked":"Battle Trance+1","floor":28},{"not_picked":["Rampage","Flex+1"],"picked":"Ghostly Armor+1","floor":30},{"not_picked":["Headbutt+1","Iron Wave"],"picked":"Feel No Pain+1","floor":31}],"player_experience":699607,"relics_obtained":[{"floor":8.0,"key":"Incense Burner"},{"floor":9.0,"key":"Toxic Egg 2"},{"floor":13,"key":"Bronze Scales"},{"floor":25,"key":"Strawberry"}],"event_choices":[{"damage_healed":0.0,"max_hp_gain":0.0,"max_hp_loss":0.0,"gold_gain":0.0,"event_name":"Golden Idol","player_choice":"Take Damage","floor":2.0,"gold_loss":0.0,"damage_taken":23.0,"relics_obtained":["Golden Idol"]},{"cards_removed":["Strike_R"],"damage_healed":0.0,"max_hp_gain":0.0,"max_hp_loss":0.0,"gold_gain":0.0,"event_name":"Living Wall","player_choice":"Forget","floor":4.0,"gold_loss":0.0,"damage_taken":0.0}],"is_beta":false,"boss_relics":[{"not_picked":["Velvet Choker","Coffee Dripper"],"picked":"Fusion Hammer"}],"items_purged_floors":[20,22],"is_endless":false,"potions_floor_spawned":[5,8,11,13,24,25,28],"killed_by":"Automaton","ascension_level":20}