{"path_per_floor":["M","M","M","?","M","R","T","R","T","?","M","?","M","?","R","B",null,"M","$","?","M","?","E","T","R","T","R","M"],"character_chosen":"THE_SILENT","items_purchased":["Noxious Fumes","Toxic Egg 2","Master of Strategy","Blade Dance"],"gold_per_floor":[118,129,142,242,262,262,343,343,343,343,354,354,373,548,548,652,652,672,36,36,48,48,77,77,77,103,103,118],"floor_reached":29,"campfire_rested":1,"playtime":1564,"current_hp_per_floor":[70,64,57,57,27,33,33,39,39,70,69,62,58,58,64,36,70,61,61,48,35,35,2,2,12,12,42,21],"items_purged":["Doubt"],"gold":118,"score":268,"play_id":"a2d7b31b-c8e9-456f-8bbd-af3085a1ce0c","is_prod":false,"is_daily":false,"is_ascension_mode":true,"campfire_upgraded":3,"path_taken":["M","M","M","?","?","R","?","R","T","?","M","?","M","?","R","BOSS","M","$","?","M","?","E","?","R","T","R","M","?"],"build_version":"2018-02-08-PROD1","purchased_purges":1,"victory":false,"master_deck":["Defend_G","Defend_G","Defend_G","Defend_G","Defend_G","Strike_G","Strike_G","Strike_G","Strike_G","Survivor","Neutralize+1","Terror","Deadly Poison+1","Quick Slash","Leg Sweep","PiercingWail","Cloak And Dagger+1","Die Die Die","Heel Hook+1","Noxious Fumes","Master of Strategy+1","Blade Dance+1","Cloak And Dagger+1","Acrobatics+1","Well Laid Plans"],"max_hp_per_floor":[70,70,70,70,70,70,70,70,70,70,70,70,70,70,70,70,70,70,70,75,75,75,75,75,75,75,75,75],"relics":["Eternal Feather","Ornamental Fan","Vajra","Question Card","Toxic Egg 2","Calipers","Art of War","Peace Pipe","Blood Vial"],"card_choices":[{"not_picked":["Prepared","Concentrate"],"picked":"Terror"},{"not_picked":["Masterful Stab","Blur"],"picked":"Deadly Poison"},{"not_picked":["Dodge and Roll","Prepared"],"picked":"Quick Slash"},{"not_picked":["Accuracy","Backstab"],"picked":"Leg Sweep"},{"not_picked":["Leg Sweep","Bane"],"picked":"PiercingWail"},{"not_picked":["Deflect","Glass Knife"],"picked":"Cloak And Dagger"},{"not_picked":["Unload","Tactician"],"picked":"Die Die Die"},{"not_picked":["Flechettes","Underhanded Strike","Slice"],"picked":"Heel Hook"},{"not_picked":["Leg Sweep","Sucker Punch","Underhanded Strike"],"picked":"Cloak And Dagger"},{"not_picked":["Outmaneuver","Dodge and Roll","All Out Attack"],"picked":"Acrobatics"},{"not_picked":["Dagger Throw","Reflex","Dagger Spray"],"picked":"Well Laid Plans"}],"player_experience":160474,"potions_floor_usage":[18,21,23,29],"damage_taken":[{"damage":0,"enemies":"2 Louse","floor":1,"turns":5},{"damage":6,"enemies":"Cultist","floor":2,"turns":3},{"damage":7,"enemies":"Jaw Worm","floor":3,"turns":5},{"damage":30,"enemies":"Lots of Slimes","floor":5,"turns":7},{"damage":1,"enemies":"Red Slaver","floor":11,"turns":3},{"damage":4,"enemies":"Large Slime","floor":13,"turns":7},{"damage":28,"enemies":"The Guardian","floor":16,"turns":12},{"damage":9,"enemies":"3 Byrds","floor":18,"turns":4},{"damage":22,"enemies":"2 Thieves","floor":21,"turns":4},{"damage":33,"enemies":"Gremlin Leader","floor":23,"turns":9},{"damage":23,"enemies":"Chosen and Byrds","floor":28,"turns":7},{"damage":23,"enemies":"Slaver and Parasite","floor":29,"turns":4}],"event_choices":[{"event_name":"Golden Shrine","player_choice":"Pray","floor":4,"damage_taken":0},{"event_name":"Wheel of Change","player_choice":"Full Heal","floor":10,"damage_taken":0},{"event_name":"Golden Wing","player_choice":"Card Removal","floor":12,"damage_taken":0},{"event_name":"Liars Game","player_choice":"agreed","floor":14,"damage_taken":0},{"event_name":"Forgotten Altar","player_choice":"Shed Blood","floor":20,"damage_taken":0},{"event_name":"The Mausoleum","player_choice":"Yes","floor":22,"damage_taken":0}],"boss_relics":[{"not_picked":["Astrolabe","Runic Dome"],"picked":"Question Card"}],"potions_floor_spawned":[2,5,13,16,23],"seed_played":"1647759264268201680","killed_by":"Slaver and Parasite","ascension_level":3,"is_trial":false}