{"gold_per_floor":[110,110,135,96,111,111,132,132,211,136,155,178,203,226,226,352,352,345,345,245,245,263,263,282,282,351,351,351,351,226,239,239,239],"floor_reached":33,"playtime":1488,"items_purged":["Defend_R","Strike_R","Strike_R"],"score":239,"play_id":"c1a0b4c3-3be6-46ca-810f-3b5d0dee36ed","local_time":"20190109193253","is_ascension_mode":false,"campfire_choices":[{"data":"Anger","floor":6.0,"key":"SMITH"},{"data":"Rage","floor":8.0,"key":"SMITH"},{"data":"Armaments","floor":15.0,"key":"SMITH"},{"data":"Dual Wield","floor":23.0,"key":"SMITH"},{"floor":25.0,"key":"REST"},{"data":"Demon Form","floor":29.0,"key":"SMITH"},{"floor":32.0,"key":"REST"}],"neow_cost":"NONE","seed_source_timestamp":2094242893335773,"circlet_count":0,"master_deck":["Strike_R","Strike_R","Strike_R","Defend_R","Defend_R","Defend_R","Bash","Anger+1","Rage+1","Cleave","Demon Form+1","Armaments+1","Demon Form","Dual Wield+1","Burning Pact+1"],"special_seed":0,"relics":["Burning Blood","Bloody Idol","Bottled Lightning","Runic Cube","Letter Opener"],"potions_floor_usage":[33],"damage_taken":[{"damage":9.0,"enemies":"2 Louse","floor":1.0,"turns":3.0},{"damage":15.0,"enemies":"Small Slimes","floor":3.0,"turns":4.0},{"damage":1.0,"enemies":"Jaw Worm","floor":5.0,"turns":4.0},{"damage":0.0,"enemies":"Exordium Wildlife","floor":7.0,"turns":6.0},{"damage":0.0,"enemies":"Large Slime","floor":11.0,"turns":7.0},{"damage":3.0,"enemies":"2 Fungi Beasts","floor":12.0,"turns":4.0},{"damage":5.0,"enemies":"3 Louse","floor":13.0,"turns":2.0},{"damage":14.0,"enemies":"Blue Slaver","floor":14.0,"turns":5.0},{"damage":38.0,"enemies":"The Guardian","floor":16.0,"turns":9.0},{"damage":15.0,"enemies":"2 Thieves","floor":18.0,"turns":4.0},{"damage":17.0,"enemies":"Colosseum Slavers","floor":21.0,"turns":5.0},{"damage":17.0,"enemies":"Shell Parasite","floor":22.0,"turns":5.0},{"damage":19.0,"enemies":"Snecko","floor":24.0,"turns":6.0},{"damage":32.0,"enemies":"Centurion and Healer","floor":31.0,"turns":5.0},{"damage":95,"enemies":"Collector","floor":33,"turns":6}],"seed_played":"-3148608575615942331","potions_obtained":[{"floor":3.0,"key":"Fire Potion"},{"floor":7.0,"key":"AttackPotion"},{"floor":14.0,"key":"SteroidPotion"},{"floor":18.0,"key":"SkillPotion"}],"is_trial":false,"path_per_floor":["M","?","M","?","M","R","M","R","T","$","M","M","M","M","R","B",null,"M","?","$","?","M","R","M","R","T","?","?","R","$","M","R","B"],"character_chosen":"IRONCLAD","items_purchased":[],"campfire_rested":2,"item_purchase_floors":[],"current_hp_per_floor":[85,63,54,54,59,59,65,65,65,65,71,74,75,67,67,35,88,79,79,79,68,57,57,44,70,70,70,70,70,70,49,75,0],"gold":239,"neow_bonus":"TEN_PERCENT_HP_BONUS","is_prod":false,"is_daily":false,"chose_seed":false,"campfire_upgraded":5,"win_rate":0.0,"timestamp":1547080373,"path_taken":["M","?","M","?","M","R","M","R","T","$","?","M","M","M","R","BOSS","M","?","$","?","M","R","M","R","T","?","?","R","$","?","R","BOSS"],"build_version":"2019-01-03v4","purchased_purges":3,"victory":false,"max_hp_per_floor":[88,88,88,88,88,88,88,88,88,88,88,88,88,88,88,88,88,88,88,88,88,88,88,88,88,88,88,88,88,88,88,88,88],"card_choices":[{"not_picked":["Thunderclap","Corruption"],"picked":"Anger","floor":1.0},{"not_picked":["Hemokinesis","Perfected Strike"],"picked":"Rage","floor":3.0},{"not_picked":["Headbutt","Warcry","Anger"],"picked":"SKIP","floor":5.0},{"not_picked":["Pommel Strike","Sword Boomerang"],"picked":"Cleave","floor":7.0},{"not_picked":["Ghostly Armor","Perfected Strike"],"picked":"Demon Form","floor":11.0},{"not_picked":["Clash","Anger","True Grit"],"picked":"SKIP","floor":12.0},{"not_picked":["Second Wind","Battle Trance"],"picked":"Armaments","floor":13.0},{"not_picked":["Warcry","Whirlwind","True Grit"],"picked":"SKIP","floor":14.0},{"not_picked":["Feed","Reaper"],"picked":"Demon Form","floor":16.0},{"not_picked":["Perfected Strike","Shockwave","Blood for Blood"],"picked":"SKIP","floor":18.0},{"not_picked":["Power Through","Iron Wave+1","Shrug It Off"],"picked":"SKIP","floor":22.0},{"not_picked":["Corruption+1","Pommel Strike+1","Disarm+1"],"picked":"SKIP","floor":24.0},{"not_picked":["Flex","Shrug It Off"],"picked":"Burning Pact+1","floor":31.0}],"player_experience":28767,"relics_obtained":[{"floor":9.0,"key":"Bottled Lightning"},{"floor":26.0,"key":"Letter Opener"}],"event_choices":[{"damage_healed":0.0,"max_hp_gain":0.0,"max_hp_loss":0.0,"gold_gain":0.0,"event_name":"Golden Idol","player_choice":"Take Damage","floor":2.0,"gold_loss":0.0,"damage_taken":22.0,"relics_obtained":["Golden Idol"]},{"damage_healed":0.0,"max_hp_gain":0.0,"max_hp_loss":0.0,"gold_gain":0.0,"event_name":"World of Goop","player_choice":"Left Gold","floor":4.0,"gold_loss":39.0,"damage_taken":0.0},{"damage_healed":0.0,"max_hp_gain":0.0,"max_hp_loss":0.0,"gold_gain":0.0,"event_name":"The Library","player_choice":"Read","floor":19.0,"gold_loss":0.0,"damage_taken":0.0,"cards_obtained":["Dual Wield"]},{"damage_healed":0.0,"max_hp_gain":0.0,"max_hp_loss":0.0,"gold_gain":0.0,"event_name":"Colosseum","player_choice":"Fight","floor":21.0,"gold_loss":0.0,"damage_taken":0.0},{"damage_healed":0.0,"max_hp_gain":0.0,"max_hp_loss":0.0,"gold_gain":0.0,"event_name":"Colosseum","player_choice":"Fled From Nobs","floor":21.0,"gold_loss":0.0,"damage_taken":0.0},{"damage_healed":0.0,"max_hp_gain":0.0,"max_hp_loss":0.0,"gold_gain":0.0,"event_name":"Forgotten Altar","player_choice":"Gave Idol","floor":27.0,"relics_lost":["Golden Idol"],"gold_loss":0.0,"damage_taken":0.0,"relics_obtained":["Bloody Idol"]},{"damage_healed":0.0,"max_hp_gain":0.0,"max_hp_loss":0.0,"gold_gain":0.0,"event_name":"The Mausoleum","player_choice":"Ignored","floor":28.0,"gold_loss":0.0,"damage_taken":0.0}],"is_beta":false,"boss_relics":[{"not_picked":["Calling Bell","Astrolabe"],"picked":"Runic Cube"}],"items_purged_floors":[10,20,30],"is_endless":false,"potions_floor_spawned":[3,7,14,18],"killed_by":"Collector","ascension_level":0}