{"gold_per_floor":[114,114,289,56,56,86,86,86],"floor_reached":8,"playtime":483,"items_purged":[],"score":52,"play_id":"ecc141af-d9db-4b82-a6f9-fff84ff9c165","local_time":"20190307005240","daily_mods":["Heirloom","ControlledChaos","Elite Swarm"],"is_ascension_mode":false,"campfire_choices":[{"floor":7,"key":"REST"}],"neow_cost":"","seed_source_timestamp":18321622120732,"circlet_count":0,"master_deck":["Defend_G","Defend_G","Defend_G","Defend_G","Defend_G+1","Strike_G","Strike_G","Strike_G","Strike_G","Survivor","Neutralize","Well Laid Plans","Doubt","Chrysalis+1","Concentrate+1","Burst"],"special_seed":17961,"relics":["Ring of the Snake","Frozen Eye","Tingsha","War Paint"],"potions_floor_usage":[6],"damage_taken":[{"damage":0,"enemies":"2 Louse","floor":1,"turns":3},{"damage":35,"enemies":"3 Sentries","floor":6,"turns":8},{"damage":66,"enemies":"Gremlin Nob","floor":8,"turns":4}],"seed_played":"-6581969108065281065","potions_obtained":[{"floor":1,"key":"Regen Potion"}],"is_trial":false,"path_per_floor":["M","?","?","$","?","E","R","E"],"character_chosen":"THE_SILENT","items_purchased":["Chrysalis","Concentrate"],"campfire_rested":1,"item_purchase_floors":[4,4],"current_hp_per_floor":[70,63,63,63,63,43,64,0],"gold":86,"neow_bonus":"","is_prod":false,"is_daily":true,"chose_seed":false,"campfire_upgraded":0,"win_rate":0,"timestamp":1551887560,"path_taken":["M","?","?","$","?","E","R","E"],"build_version":"2019-01-23","purchased_purges":0,"victory":false,"max_hp_per_floor":[70,70,70,70,70,70,70,70],"card_choices":[{"not_picked":["Expertise","Acrobatics"],"picked":"Well Laid Plans","floor":1},{"not_picked":["Night Terror","Doppelganger"],"picked":"Burst","floor":6}],"player_experience":144328,"relics_obtained":[{"floor":6,"key":"War Paint"}],"event_choices":[{"cards_removed":["Strike_G"],"damage_healed":0,"gold_gain":0,"player_choice":"Card Removal","damage_taken":7,"max_hp_gain":0,"max_hp_loss":0,"event_name":"Golden Wing","floor":2,"gold_loss":0},{"damage_healed":0,"gold_gain":175,"player_choice":"AGREE","damage_taken":0,"max_hp_gain":0,"max_hp_loss":0,"event_name":"Liars Game","floor":3,"gold_loss":0,"cards_obtained":["Doubt"]},{"damage_healed":0,"gold_gain":0,"player_choice":"Upgraded","damage_taken":0,"max_hp_gain":0,"max_hp_loss":0,"event_name":"Upgrade Shrine","floor":5,"gold_loss":0,"cards_upgraded":["Chrysalis"]}],"is_beta":false,"boss_relics":[],"items_purged_floors":[],"is_endless":false,"potions_floor_spawned":[1],"killed_by":"Gremlin Nob","ascension_level":0}