{"gold_per_floor":[216,291,170,180,196,196,207,223,223,233,213,240,240,254,254,254],"floor_reached":16,"playtime":551,"items_purged":["Strike_B"],"score":165,"play_id":"ca93fbde-e84e-4a87-a839-35089845e7ca","local_time":"20180728162255","is_ascension_mode":true,"campfire_choices":[{"data":"Hologram","floor":6,"key":"SMITH"},{"floor":13,"key":"REST"},{"data":"FTL","floor":15,"key":"SMITH"}],"neow_cost":"NONE","seed_source_timestamp":358574235356625,"circlet_count":0,"master_deck":["Strike_B","Strike_B","Strike_B","Defend_B","Defend_B","Defend_B","Defend_B","Zap","Dualcast","AscendersBane","Hologram+1","Conserve Battery","Cold Snap","FTL+1","Glacier","Compile Driver","Ball Lightning","Ball Lightning"],"relics":["Cracked Core","Question Card","Happy Flower"],"potions_floor_usage":[16,16],"damage_taken":[{"damage":7,"enemies":"Small Slimes","floor":1,"turns":3},{"damage":4,"enemies":"Jaw Worm","floor":4,"turns":3},{"damage":0,"enemies":"Cultist","floor":5,"turns":4},{"damage":10,"enemies":"Lots of Slimes","floor":7,"turns":5},{"damage":8,"enemies":"3 Louse","floor":8,"turns":4},{"damage":8,"enemies":"Gremlin Gang","floor":10,"turns":5},{"damage":0,"enemies":"2 Fungi Beasts","floor":14,"turns":3},{"damage":34,"enemies":"Slime Boss","floor":16,"turns":9}],"seed_played":"8961537567033010259","potions_obtained":[{"floor":4,"key":"PowerPotion"},{"floor":7,"key":"FocusPotion"}],"is_trial":false,"path_per_floor":["M","?","$","M","M","R","M","M","T","M","?","T","R","M","R"],"character_chosen":"DEFECT","items_purchased":["Conserve Battery"],"campfire_rested":1,"item_purchase_floors":[3],"current_hp_per_floor":[57,46,46,42,42,42,32,24,24,16,16,16,37,37,37,3],"gold":254,"neow_bonus":"HUNDRED_GOLD","is_prod":false,"is_daily":false,"chose_seed":false,"campfire_upgraded":2,"win_rate":0,"timestamp":1532762575,"path_taken":["M","?","$","M","M","R","M","?","T","M","?","?","R","M","R","BOSS"],"build_version":"2018-07-26","purchased_purges":1,"victory":false,"max_hp_per_floor":[71,71,71,71,71,71,71,71,71,71,71,71,71,71,71,71],"card_choices":[{"not_picked":["Redo","Stack"],"picked":"Hologram","floor":1},{"not_picked":["Force Field","Leap"],"picked":"Cold Snap","floor":4},{"not_picked":["Double Energy","Conserve Battery"],"picked":"FTL","floor":5},{"not_picked":["Darkness","Compile Driver"],"picked":"Glacier","floor":7},{"not_picked":["Chill","Reinforced Body"],"picked":"Compile Driver","floor":8},{"not_picked":["Stack","Redo","Coolheaded"],"picked":"Ball Lightning","floor":10},{"not_picked":["Turbo","Beam Cell","Compile Driver"],"picked":"Ball Lightning","floor":14}],"player_experience":560564,"relics_obtained":[{"floor":9,"key":"Question Card"},{"floor":12,"key":"Happy Flower"}],"event_choices":[{"event_name":"World of Goop","player_choice":"Gather Gold","floor":2,"damage_taken":0},{"event_name":"The Woman in Blue","player_choice":"Bought 1 Potion","floor":11,"damage_taken":0}],"is_beta":false,"boss_relics":[],"items_purged_floors":[3],"is_endless":false,"potions_floor_spawned":[4,7,8,14],"killed_by":"Slime Boss","ascension_level":15}