{"gold_per_floor":[118,118,193,343,22,50,60,87,142,142],"floor_reached":10,"playtime":625,"items_purged":["Doubt"],"score":198,"play_id":"81afc98d-8a5c-4a6a-a726-15812b5c9088","local_time":"20190218141821","is_ascension_mode":true,"campfire_choices":[],"neow_cost":"NONE","seed_source_timestamp":1131623239757,"circlet_count":0,"master_deck":["AscendersBane","Strike_B","Strike_B","Strike_B","Strike_B","Defend_B","Defend_B","Defend_B","Defend_B","Zap","Dualcast","Sweeping Beam","Gash","Rebound","Conserve Battery","Hyperbeam+1"],"relics":["Cracked Core","NeowsBlessing","OrangePellets","Smiling Mask","Molten Egg 2","Tiny Chest"],"potions_floor_usage":[8,10],"damage_taken":[{"damage":0,"enemies":"2 Louse","floor":1,"turns":1},{"damage":0,"enemies":"Lagavulin","floor":6,"turns":1},{"damage":0,"enemies":"Small Slimes","floor":7,"turns":1},{"damage":33,"enemies":"3 Sentries","floor":8,"turns":7},{"damage":20,"enemies":"Gremlin Nob","floor":10,"turns":3}],"seed_played":"-5653362956660737532","potions_obtained":[{"floor":1,"key":"AttackPotion"},{"floor":7,"key":"Weak Potion"}],"is_trial":false,"path_per_floor":["M","?","?","?","$","E","M","E","T","E"],"character_chosen":"DEFECT","items_purchased":["OrangePellets","Gash"],"campfire_rested":0,"item_purchase_floors":[5,5],"current_hp_per_floor":[64,64,53,53,53,53,53,20,20,0],"gold":142,"neow_bonus":"THREE_ENEMY_KILL","is_prod":false,"is_daily":false,"chose_seed":false,"campfire_upgraded":0,"win_rate":0,"timestamp":1550495901,"path_taken":["M","?","?","?","$","E","M","E","T","E"],"build_version":"2019-02-06","purchased_purges":1,"victory":false,"max_hp_per_floor":[71,71,71,71,71,71,71,71,71,71],"card_choices":[{"not_picked":["Aggregate","Leap"],"picked":"Sweeping Beam","floor":1},{"not_picked":["Conserve Battery","Stack"],"picked":"Rebound","floor":6},{"not_picked":["Streamline","Static Discharge"],"picked":"Conserve Battery","floor":7},{"not_picked":["Ball Lightning","Steam"],"picked":"Hyperbeam","floor":8}],"player_experience":1221670,"relics_obtained":[{"floor":6,"key":"Smiling Mask"},{"floor":8,"key":"Molten Egg 2"},{"floor":9,"key":"Tiny Chest"}],"event_choices":[{"damage_healed":0,"gold_gain":0,"player_choice":"Leave","damage_taken":0,"max_hp_gain":0,"max_hp_loss":0,"event_name":"The Cleric","floor":2,"gold_loss":0},{"damage_healed":0,"gold_gain":75,"player_choice":"Gather Gold","damage_taken":11,"max_hp_gain":0,"max_hp_loss":0,"event_name":"World of Goop","floor":3,"gold_loss":0},{"damage_healed":0,"gold_gain":150,"player_choice":"AGREE","damage_taken":0,"max_hp_gain":0,"max_hp_loss":0,"event_name":"Liars Game","floor":4,"gold_loss":0,"cards_obtained":["Doubt"]}],"is_beta":true,"boss_relics":[],"items_purged_floors":[5],"is_endless":false,"potions_floor_spawned":[1,7],"killed_by":"Gremlin Nob","ascension_level":20}