{"gold_per_floor":[114,114,133,147,162,162,192,220,220,85,8,8,8,23,23,118,118,135,155,174,190,190,190,201,201,501,521,540,540,540,560,560,560],"floor_reached":33,"playtime":1599,"items_purged":[],"score":326,"play_id":"62b883c8-97d2-4d7e-ae40-f40a664b2802","local_time":"20181214155733","daily_mods":["SealedDeck"],"is_ascension_mode":false,"campfire_choices":[{"data":"Gash","floor":6,"key":"SMITH"},{"data":"Gash","floor":12,"key":"SMITH"},{"floor":15,"key":"REST"},{"floor":23,"key":"REST"},{"floor":25,"key":"REST"},{"floor":29,"key":"REST"},{"floor":32,"key":"REST"}],"neow_cost":"","seed_source_timestamp":0,"circlet_count":0,"master_deck":["Gash+1","Gash+1","Go for the Eyes","Go for the Eyes","Go for the Eyes","Beam Cell","Beam Cell","Ball Lightning","Defragment","Ball Lightning","Conserve Battery","Gash","Buffer","Reprogram","Echo Form","Gash","Gash","Reprogram"],"relics":["Cracked Core","Question Card","Cables","Nuclear Battery","Old Coin"],"potions_floor_usage":[5,19,21,33],"damage_taken":[{"damage":5,"enemies":"2 Louse","floor":1,"turns":2},{"damage":11,"enemies":"Jaw Worm","floor":3,"turns":2},{"damage":0,"enemies":"Cultist","floor":4,"turns":2},{"damage":7,"enemies":"Looter","floor":5,"turns":2},{"damage":26,"enemies":"3 Sentries","floor":8,"turns":5},{"damage":2,"enemies":"Blue Slaver","floor":14,"turns":2},{"damage":0,"enemies":"Slime Boss","floor":16,"turns":5},{"damage":9,"enemies":"Shell Parasite","floor":18,"turns":4},{"damage":20,"enemies":"2 Thieves","floor":19,"turns":4},{"damage":11,"enemies":"Chosen and Byrds","floor":20,"turns":4},{"damage":18,"enemies":"Snake Plant","floor":21,"turns":5},{"damage":20,"enemies":"Sentry and Sphere","floor":24,"turns":4},{"damage":17,"enemies":"Centurion and Healer","floor":27,"turns":5},{"damage":29,"enemies":"Snake Plant","floor":28,"turns":3},{"damage":33,"enemies":"3 Cultists","floor":31,"turns":5},{"damage":45,"enemies":"Collector","floor":33,"turns":6}],"seed_played":"1273909680214479192","potions_obtained":[{"floor":3,"key":"PowerPotion"},{"floor":8,"key":"Regen Potion"},{"floor":19,"key":"Block Potion"},{"floor":21,"key":"Ancient Potion"},{"floor":24,"key":"Dexterity Potion"},{"floor":28,"key":"SneckoOil"}],"is_trial":true,"path_per_floor":["M","?","M","M","M","R","?","E","T","$","$","R","$","M","R","B",null,"M","M","M","M","?","R","M","R","T","M","M","R","?","M","R","B"],"character_chosen":"DEFECT","items_purchased":["Buffer","Reprogram"],"campfire_rested":5,"item_purchase_floors":[10,11],"current_hp_per_floor":[70,75,64,64,57,57,57,31,31,31,31,31,31,29,53,53,80,71,60,49,31,31,55,35,59,59,42,13,37,37,4,28,0],"gold":560,"neow_bonus":"","is_prod":false,"is_daily":false,"chose_seed":false,"campfire_upgraded":2,"win_rate":0,"timestamp":1544821053,"path_taken":["M","?","M","M","M","R","?","E","T","?","$","R","?","M","R","BOSS","M","?","M","M","?","R","M","R","T","M","M","R","?","M","R","BOSS"],"build_version":"2018-12-13","purchased_purges":0,"victory":false,"max_hp_per_floor":[75,80,80,80,80,80,80,80,80,80,80,80,80,80,80,80,80,80,80,80,80,80,80,80,80,80,80,80,80,80,80,80,80],"card_choices":[{"not_picked":["Reinforced Body","Streamline","Stack"],"picked":"SKIP","floor":1},{"not_picked":["Turbo","Reinforced Body","Sweeping Beam"],"picked":"SKIP","floor":3},{"not_picked":["Stack","Darkness","Rebound"],"picked":"SKIP","floor":4},{"not_picked":["Aggregate","Stack"],"picked":"Conserve Battery","floor":5},{"not_picked":["Darkness","Chaos"],"picked":"Gash","floor":8},{"not_picked":["Sweeping Beam","Steam","Leap","Loop"],"picked":"SKIP","floor":14},{"not_picked":["Fission","Core Surge","Electrodynamics"],"picked":"Echo Form","floor":16},{"not_picked":["Leap","Skim","Turbo","Compile Driver+1"],"picked":"SKIP","floor":18},{"not_picked":["Cold Snap+1","Sweeping Beam+1","Stack","Static Discharge+1"],"picked":"SKIP","floor":19},{"not_picked":["Redo","Hologram","Coolheaded","Streamline+1"],"picked":"SKIP","floor":20},{"not_picked":["Turbo","Lockon+1","Melter"],"picked":"Gash","floor":21},{"not_picked":["Go for the Eyes","BootSequence","Streamline","Chaos+1"],"picked":"SKIP","floor":24},{"not_picked":["Melter","Darkness","Aggregate"],"picked":"Gash","floor":27},{"not_picked":["Lockon","Coolheaded+1","Heatsinks","Fission"],"picked":"SKIP","floor":28},{"not_picked":["Steam","Hologram+1","Capacitor"],"picked":"Reprogram","floor":31}],"player_experience":289110,"relics_obtained":[{"floor":8,"key":"Question Card"},{"floor":9,"key":"Cables"},{"floor":26,"key":"Old Coin"}],"event_choices":[{"damage_healed":0,"gold_gain":0,"player_choice":"Donut","damage_taken":0,"max_hp_gain":5,"max_hp_loss":0,"event_name":"Big Fish","floor":2,"gold_loss":0},{"damage_healed":0,"gold_gain":30,"player_choice":"Searched \u00271\u0027 times","damage_taken":0,"max_hp_gain":0,"max_hp_loss":0,"event_name":"Dead Adventurer","floor":7,"gold_loss":0},{"damage_healed":0,"gold_gain":0,"player_choice":"Ignored","damage_taken":0,"max_hp_gain":0,"max_hp_loss":0,"event_name":"Ghosts","floor":22,"gold_loss":0},{"damage_healed":0,"gold_gain":0,"player_choice":"Leave","damage_taken":0,"max_hp_gain":0,"max_hp_loss":0,"event_name":"FaceTrader","floor":30,"gold_loss":0}],"is_beta":false,"boss_relics":[{"not_picked":["Lizard Tail","Empty Cage"],"picked":"Nuclear Battery"}],"items_purged_floors":[],"is_endless":false,"potions_floor_spawned":[3,8,19,21,24,28,31],"killed_by":"Collector","ascension_level":0}