{"path_per_floor":["M","?","M","M","$","R","E","M","T","?","M","M","E","M","R","B",null,"M","$","M","M","?","R","E","?","T","M","R","?","M","E","R","B",null,"M","M","?","M","M","E","R","E","T","?","R","M","E","M","R","B"],"character_chosen":"IRONCLAD","items_purchased":["Singing Bowl","Apotheosis"],"gold_per_floor":[114,114,133,150,0,0,30,49,49,49,61,71,96,115,115,211,211,225,32,49,66,66,66,99,14,14,25,25,25,35,67,67,170,170,180,191,240,253,270,296,296,323,347,347,347,360,387,407,407,407],"floor_reached":51,"campfire_rested":0,"playtime":4271,"current_hp_per_floor":[66,66,68,66,66,66,53,49,49,49,51,57,47,54,54,29,67,69,69,68,55,55,55,57,57,57,64,64,64,65,69,69,65,78,84,84,87,89,93,95,95,102,102,102,102,102,88,92,92,83],"items_purged":[],"gold":407,"score":1258,"play_id":"10607694-c19a-412d-a0cd-3536d0293ea5","local_time":"20180412234303","is_prod":false,"is_daily":false,"is_ascension_mode":true,"campfire_upgraded":8,"timestamp":1523569383,"path_taken":["M","?","M","?","$","R","E","M","T","?","M","M","E","M","R","BOSS","M","$","M","M","?","R","E","?","T","M","R","?","M","E","R","BOSS","M","M","?","M","M","E","R","E","T","?","R","M","E","M","R","BOSS"],"build_version":"2018-04-05v2","purchased_purges":0,"victory":true,"master_deck":["Strike_R+1","Strike_R","Strike_R+1","Defend_R","Defend_R","Defend_R","Defend_R","Bash","Barricade+1","Uppercut+1","Shrug It Off","Warcry","Demon Form","Pommel Strike","True Grit+1","Ghostly Armor","Bludgeon","Havoc+1","Offering+1","Shrug It Off","Apotheosis+1","Intimidate","Impervious","Headbutt+1","Parasite","Corruption","Impervious","Offering","Sentinel+1","Havoc","Regret","True Grit+1","Warcry+1","Seeing Red+1","Impervious+1"],"max_hp_per_floor":[80,80,80,80,80,80,80,80,80,80,80,80,80,80,80,80,80,80,80,80,80,80,80,80,80,80,82,82,82,82,82,82,82,82,84,84,89,91,93,95,95,102,102,102,102,102,102,102,102,102],"relics":["Burning Blood","Singing Bowl","Whetstone","Dead Branch","Vajra","Cursed Key","Kunai","Blood Vial","Gambling Chip","The Courier","Philosopher\u0027s Stone","Du-Vu Doll","Question Card","Strawberry","Pen Nib","Toxic Egg 2"],"card_choices":[{"not_picked":["Clash","Anger"],"picked":"Uppercut","floor":1},{"not_picked":["Hemokinesis","Bloodletting"],"picked":"Shrug It Off","floor":3},{"not_picked":["Twin Strike","Reckless Charge"],"picked":"Warcry","floor":4},{"not_picked":["Searing Blow","Sword Boomerang"],"picked":"Demon Form","floor":7},{"not_picked":["Iron Wave","Anger"],"picked":"Pommel Strike","floor":8},{"not_picked":["Twin Strike","Clothesline"],"picked":"True Grit","floor":11},{"not_picked":["Thunderclap","Rage"],"picked":"Ghostly Armor","floor":12},{"not_picked":["Twin Strike","Juggernaut"],"picked":"Bludgeon","floor":13},{"not_picked":["Whirlwind","Wild Strike"],"picked":"Havoc","floor":14},{"not_picked":["Barricade","Fiend Fire"],"picked":"Offering","floor":16},{"not_picked":["Second Wind","Clash"],"picked":"Shrug It Off","floor":18},{"not_picked":["Armaments","Clothesline"],"picked":"Intimidate","floor":20},{"not_picked":["Body Slam","Clash"],"picked":"Impervious","floor":21},{"not_picked":["Reaper","Twin Strike"],"picked":"Headbutt","floor":24},{"not_picked":["Inflame","Uppercut"],"picked":"Corruption","floor":30},{"not_picked":["Second Wind","Anger"],"picked":"Impervious","floor":31},{"not_picked":["Berserk","Impervious"],"picked":"Offering","floor":33},{"not_picked":["Sword Boomerang","Anger"],"picked":"Sentinel","floor":36},{"not_picked":["Iron Wave","Flex","Thunderclap"],"picked":"Havoc","floor":42},{"not_picked":["Iron Wave","Body Slam","Intimidate"],"picked":"Warcry","floor":46},{"not_picked":["Havoc","Armaments","Body Slam"],"picked":"Seeing Red","floor":47},{"not_picked":["Carnage","Spot Weakness","Perfected Strike"],"picked":"Impervious","floor":48}],"player_experience":227578,"potions_floor_usage":[13,13,16,30,50,50],"damage_taken":[{"damage":20,"enemies":"Cultist","floor":1,"turns":5},{"damage":4,"enemies":"Jaw Worm","floor":3,"turns":4},{"damage":8,"enemies":"2 Louse","floor":4,"turns":3},{"damage":19,"enemies":"Lagavulin","floor":7,"turns":8},{"damage":10,"enemies":"Gremlin Gang","floor":8,"turns":7},{"damage":4,"enemies":"Blue Slaver","floor":11,"turns":4},{"damage":0,"enemies":"Looter","floor":12,"turns":3},{"damage":16,"enemies":"Gremlin Nob","floor":13,"turns":5},{"damage":4,"enemies":"Exordium Thugs","floor":14,"turns":4},{"damage":31,"enemies":"Hexaghost","floor":16,"turns":9},{"damage":4,"enemies":"Chosen","floor":18,"turns":3},{"damage":7,"enemies":"3 Byrds","floor":20,"turns":5},{"damage":19,"enemies":"Snake Plant","floor":21,"turns":4},{"damage":4,"enemies":"Book of Stabbing","floor":24,"turns":5},{"damage":3,"enemies":"Snecko","floor":27,"turns":3},{"damage":7,"enemies":"3 Cultists","floor":30,"turns":4},{"damage":4,"enemies":"Slavers","floor":31,"turns":4},{"damage":12,"enemies":"Champ","floor":33,"turns":4},{"damage":1,"enemies":"3 Darklings","floor":35,"turns":3},{"damage":4,"enemies":"3 Shapes","floor":36,"turns":3},{"damage":8,"enemies":"Mysterious Sphere","floor":37,"turns":5},{"damage":8,"enemies":"Sphere and 2 Shapes","floor":38,"turns":2},{"damage":5,"enemies":"3 Darklings","floor":39,"turns":2},{"damage":4,"enemies":"Giant Head","floor":40,"turns":3},{"damage":7,"enemies":"2 Orb Walkers","floor":42,"turns":6},{"damage":4,"enemies":"4 Shapes","floor":46,"turns":2},{"damage":20,"enemies":"Giant Head","floor":47,"turns":4},{"damage":4,"enemies":"Maw","floor":48,"turns":4},{"damage":17,"enemies":"Donu and Deca","floor":50,"turns":5}],"event_choices":[{"event_name":"Liars Game","player_choice":"disagreed","floor":2,"damage_taken":0},{"event_name":"Purifier","player_choice":"One Purge","floor":10,"damage_taken":0},{"event_name":"The Mausoleum","player_choice":"No","floor":22,"damage_taken":0},{"event_name":"Addict","player_choice":"Obtained Relic","floor":25,"damage_taken":0},{"event_name":"Vampires","player_choice":"Ignored","floor":29,"damage_taken":0},{"event_name":"Mysterious Sphere","player_choice":"Fight","floor":37,"damage_taken":0},{"event_name":"Transmorgrifier","player_choice":"Transform","floor":44,"damage_taken":0}],"boss_relics":[{"not_picked":["Lizard Tail","Runic Dome"],"picked":"Cursed Key"},{"not_picked":["Runic Pyramid","White Beast Statue"],"picked":"Philosopher\u0027s Stone"}],"potions_floor_spawned":[7,8,12,13,16,20,33,36,37,39,40,47,48],"seed_played":"2534527667621239435","ascension_level":5,"is_trial":false}