{"gold_per_floor":[109,121,46,46,66,66,100,100,179,193,213,242,258,276,276,374,374,385,385,345,361,374,374],"floor_reached":23,"playtime":1757,"items_purged":["Defend_B"],"score":226,"play_id":"1c9fb74d-93ea-4dbe-b691-76c20fd39733","local_time":"20190226103831","is_ascension_mode":true,"campfire_choices":[{"floor":6,"key":"RECALL"},{"data":"Blizzard","floor":8,"key":"SMITH"},{"data":"Echo Form","floor":15,"key":"SMITH"}],"neow_cost":"NONE","seed_source_timestamp":38737666254601,"circlet_count":0,"master_deck":["Strike_B","Strike_B","Strike_B","Defend_B","Defend_B","Zap","Dualcast","Glacier","Ball Lightning","FTL","Blizzard+1","Coolheaded","Gash","Echo Form+1","Streamline","Creative AI+1","Gash","Core Surge","Barrage","Blizzard+1","Chill"],"relics":["Cracked Core","NeowsBlessing","PreservedInsect","Bag of Preparation","Anchor","Black Star"],"potions_floor_usage":[11,14,16,16,23,23],"damage_taken":[{"damage":0,"enemies":"2 Louse","floor":1,"turns":1},{"damage":0,"enemies":"Cultist","floor":2,"turns":1},{"damage":0,"enemies":"Jaw Worm","floor":5,"turns":1},{"damage":9,"enemies":"3 Sentries","floor":7,"turns":6},{"damage":5,"enemies":"Blue Slaver","floor":10,"turns":3},{"damage":4,"enemies":"Gremlin Gang","floor":11,"turns":4},{"damage":9,"enemies":"Lagavulin","floor":12,"turns":5},{"damage":0,"enemies":"2 Fungi Beasts","floor":13,"turns":3},{"damage":9,"enemies":"Large Slime","floor":14,"turns":4},{"damage":35,"enemies":"Hexaghost","floor":16,"turns":10},{"damage":18,"enemies":"Spheric Guardian","floor":18,"turns":6},{"damage":34,"enemies":"2 Thieves","floor":21,"turns":4},{"damage":18,"enemies":"Centurion and Healer","floor":22,"turns":11},{"damage":8,"enemies":"Gremlin Leader","floor":23,"turns":4}],"seed_played":"8470627985858835540","potions_obtained":[{"floor":1,"key":"FocusPotion"},{"floor":5,"key":"FearPotion"},{"floor":7,"key":"SneckoOil"},{"floor":13,"key":"Ancient Potion"},{"floor":14,"key":"Poison Potion"},{"floor":21,"key":"SteroidPotion"},{"floor":22,"key":"FearPotion"}],"is_trial":false,"path_per_floor":["M","M","$","?","M","R","E","R","T","M","M","E","M","M","R","B",null,"M","?","?","M","M","E"],"character_chosen":"DEFECT","items_purchased":[],"campfire_rested":0,"item_purchase_floors":[],"current_hp_per_floor":[75,75,75,75,75,75,66,66,66,61,57,48,48,39,39,4,75,57,57,57,23,5,0],"gold":374,"neow_bonus":"THREE_ENEMY_KILL","is_prod":false,"is_daily":false,"chose_seed":false,"campfire_upgraded":2,"win_rate":0,"timestamp":1551188311,"path_taken":["M","M","$","?","M","R","E","R","T","?","M","E","M","M","R","BOSS","M","?","?","M","?","E"],"build_version":"2019-01-23","purchased_purges":1,"victory":false,"max_hp_per_floor":[75,75,75,75,75,75,75,75,75,75,75,75,75,75,75,75,75,75,75,75,75,75,75],"card_choices":[{"not_picked":["Self Repair","Go for the Eyes"],"picked":"Glacier","floor":1},{"not_picked":["Steam","Scrape"],"picked":"Ball Lightning","floor":2},{"not_picked":["Turbo","Hologram"],"picked":"FTL","floor":5},{"not_picked":["Leap","Auto Shields"],"picked":"Blizzard","floor":7},{"not_picked":["Go for the Eyes","Leap"],"picked":"Coolheaded","floor":10},{"not_picked":["Stack","Leap"],"picked":"Gash","floor":11},{"not_picked":["BootSequence","Double Energy","Barrage"],"picked":"SKIP","floor":12},{"not_picked":["Compile Driver","Double Energy"],"picked":"Echo Form","floor":13},{"not_picked":["Coolheaded","Rip and Tear"],"picked":"Streamline","floor":14},{"not_picked":["All For One","Fission"],"picked":"Creative AI","floor":16},{"not_picked":["Leap","Heatsinks"],"picked":"Gash","floor":18},{"not_picked":["Stack","Rip and Tear+1"],"picked":"Blizzard+1","floor":21},{"not_picked":["Fusion","Doom and Gloom"],"picked":"Chill","floor":22}],"player_experience":128495,"relics_obtained":[{"floor":7,"key":"Bag of Preparation"},{"floor":12,"key":"Anchor"}],"event_choices":[{"damage_healed":0,"gold_gain":0,"player_choice":"Gave Potion","damage_taken":0,"relics_obtained":["PreservedInsect"],"max_hp_gain":0,"max_hp_loss":0,"event_name":"WeMeetAgain","floor":4,"gold_loss":0},{"damage_healed":0,"gold_gain":0,"cards_transformed":["Strike_B","Defend_B"],"player_choice":"Became Test Subject","damage_taken":0,"max_hp_gain":0,"max_hp_loss":0,"event_name":"Drug Dealer","floor":19,"gold_loss":0,"cards_obtained":["Core Surge","Barrage"]},{"damage_healed":0,"gold_gain":0,"player_choice":"Upgrade","damage_taken":0,"max_hp_gain":0,"max_hp_loss":0,"event_name":"Designer","floor":20,"gold_loss":40,"cards_upgraded":["Creative AI"]}],"is_beta":false,"boss_relics":[{"not_picked":["Busted Crown","Runic Dome"],"picked":"Black Star"}],"items_purged_floors":[3],"is_endless":false,"potions_floor_spawned":[1,5,7,13,14,21,22],"killed_by":"Gremlin Leader","ascension_level":2}