{"path_per_floor":["M","?","M","$","M","R","E","M","T","?","T","E","R","?","R","B",null,"M","$","M","M","M","R","M","R","T","M","$","E","M","?","R","B",null,"M","?","M","$","M","E","R","M","T","R","M","M","?","?","R","B"],"character_chosen":"DEFECT","items_purchased":["Defragment","Hologram","FairyPotion","Happy Flower","Defragment"],"gold_per_floor":[119,119,136,30,49,49,80,98,98,98,122,155,155,255,255,356,356,371,42,42,62,80,80,91,91,91,106,6,41,58,58,58,163,163,176,176,189,115,125,151,151,163,163,163,180,190,0,0,0,0],"floor_reached":51,"campfire_rested":0,"playtime":3661,"item_purchase_floors":[4,4,19,19,38],"current_hp_per_floor":[75,73,73,73,72,72,56,50,50,33,33,22,22,22,22,47,85,85,85,85,65,63,63,70,70,76,75,75,67,74,74,74,91,91,91,80,79,79,51,26,26,30,36,36,16,25,25,25,25,48],"items_purged":["Strike_B","Doubt"],"gold":0,"score":769,"play_id":"aaf4d3cf-61f3-4ccf-9276-fd6d3b2f3db7","local_time":"20180602202954","is_prod":false,"is_daily":false,"chose_seed":false,"is_ascension_mode":true,"campfire_upgraded":7,"win_rate":0.0,"timestamp":1527938994,"campfire_choices":[{"data":"Hologram","floor":6,"key":"SMITH"},{"data":"Gash","floor":13,"key":"SMITH"},{"data":"Gash","floor":15,"key":"SMITH"},{"data":"Defragment","floor":23,"key":"SMITH"},{"data":"Glacier","floor":25,"key":"SMITH"},{"data":"Go for the Eyes","floor":32,"key":"SMITH"},{"data":"Defragment","floor":41,"key":"SMITH"},{"data":"1","floor":44,"key":"LIFT"},{"data":"2","floor":49,"key":"LIFT"}],"path_taken":["M","?","M","$","M","R","E","M","T","?","?","E","R","?","R","BOSS","M","$","M","?","M","R","M","R","T","M","$","E","M","?","R","BOSS","M","?","?","$","M","E","R","M","T","R","M","?","?","?","R","BOSS"],"build_version":"2018-05-31","seed_source_timestamp":837937553617064,"purchased_purges":2,"victory":true,"master_deck":["Strike_B","Strike_B","Defend_B","Defend_B+1","Defend_B+1","Defend_B+1","Zap+1","Dualcast","Cold Snap","Gash+1","Ball Lightning","Defragment+1","Hologram+1","Gash+1","Reinforced Body","Self Repair","Glacier+1","Seek","Glacier+1","Seek","Go for the Eyes+1","All For One","Gash","Hologram+1","Madness","Madness","Defragment+1","Defragment+1","Reprogram+1","Seek","Pain"],"max_hp_per_floor":[75,85,85,85,85,85,85,85,85,85,85,85,85,85,85,85,85,85,85,85,85,85,85,85,85,91,91,91,91,91,91,91,91,91,91,91,91,91,91,91,91,91,97,97,97,97,97,97,97,97],"relics":["Cracked Core","Pear","Pantograph","Darkstone Periapt","War Paint","Ancient Tea Set","Cursed Key","Happy Flower","Gremlin Horn","Oddly Smooth Stone","Orrery","Blood Vial","Girya","Red Mask"],"card_choices":[{"not_picked":["Coolheaded","Stack"],"picked":"Cold Snap","floor":0},{"not_picked":["Hologram","Tempest"],"picked":"Gash","floor":1},{"not_picked":["Capacitor","Stack"],"picked":"Ball Lightning","floor":3},{"not_picked":["Beam Cell","Scrape"],"picked":"Gash","floor":5},{"not_picked":["Steam","Barrage"],"picked":"Reinforced Body","floor":7},{"not_picked":["Steam","Cold Snap"],"picked":"Self Repair","floor":8},{"not_picked":["Defragment","Blizzard"],"picked":"Glacier","floor":12},{"not_picked":["Amplify","Multi-Cast"],"picked":"Seek","floor":16},{"not_picked":["Hologram","Coolheaded","Conserve Battery"],"picked":"SKIP","floor":18},{"not_picked":["Go for the Eyes+1","Hologram"],"picked":"Glacier+1","floor":20},{"not_picked":["Stack","Steam","Barrage"],"picked":"SKIP","floor":21},{"not_picked":["Reinforced Body+1","Streamline"],"picked":"Seek","floor":22},{"not_picked":["Streamline","Scrape","Steam"],"picked":"SKIP","floor":24},{"not_picked":["Sweeping Beam","Tempest","Cold Snap"],"picked":"SKIP","floor":27},{"not_picked":["Heatsinks","Tempest"],"picked":"Go for the Eyes","floor":29},{"not_picked":["Static Discharge","Compile Driver","Go for the Eyes"],"picked":"SKIP","floor":30},{"not_picked":["Reboot","Rainbow"],"picked":"All For One","floor":33},{"not_picked":["Steam","Conserve Battery"],"picked":"Gash","floor":34},{"not_picked":["Redo","Ball Lightning"],"picked":"Hologram+1","floor":34},{"not_picked":["Conserve Battery+1","Chill+1","Cold Snap+1"],"picked":"SKIP","floor":35},{"not_picked":["Coolheaded","Reboot"],"picked":"Defragment+1","floor":37},{"not_picked":["Conserve Battery","Scrape+1","Streamline"],"picked":"SKIP","floor":39},{"not_picked":["Barrage","Go for the Eyes"],"picked":"Reprogram+1","floor":40},{"not_picked":["Genetic Algorithm","Compile Driver"],"picked":"Seek","floor":42},{"not_picked":["Self Repair+1","Steam+1","Hologram"],"picked":"SKIP","floor":45},{"not_picked":["Ball Lightning+1","Coolheaded","Melter+1"],"picked":"SKIP","floor":46}],"player_experience":475315,"potions_floor_usage":[16,40,40,50],"damage_taken":[{"damage":0,"enemies":"Small Slimes","floor":1,"turns":3},{"damage":0,"enemies":"2 Louse","floor":3,"turns":2},{"damage":1,"enemies":"Jaw Worm","floor":5,"turns":3},{"damage":16,"enemies":"3 Sentries","floor":7,"turns":7},{"damage":6,"enemies":"2 Fungi Beasts","floor":8,"turns":4},{"damage":18,"enemies":"Lagavulin","floor":12,"turns":6},{"damage":22,"enemies":"Slime Boss","floor":16,"turns":11},{"damage":0,"enemies":"Spheric Guardian","floor":18,"turns":5},{"damage":5,"enemies":"2 Thieves","floor":20,"turns":5},{"damage":27,"enemies":"Cultist and Chosen","floor":21,"turns":9},{"damage":2,"enemies":"Snecko","floor":22,"turns":6},{"damage":0,"enemies":"Snake Plant","floor":24,"turns":5},{"damage":8,"enemies":"Centurion and Healer","floor":27,"turns":10},{"damage":15,"enemies":"Gremlin Leader","floor":29,"turns":10},{"damage":0,"enemies":"Cultist and Chosen","floor":30,"turns":6},{"damage":0,"enemies":"Collector","floor":33,"turns":14},{"damage":5,"enemies":"3 Shapes","floor":35,"turns":3},{"damage":8,"enemies":"3 Darklings","floor":37,"turns":7},{"damage":35,"enemies":"4 Shapes","floor":39,"turns":5},{"damage":32,"enemies":"Nemesis","floor":40,"turns":9},{"damage":5,"enemies":"Maw","floor":42,"turns":6},{"damage":40,"enemies":"3 Darklings","floor":45,"turns":6},{"damage":0,"enemies":"Sphere and 2 Shapes","floor":46,"turns":6},{"damage":11,"enemies":"Time Eater","floor":50,"turns":18}],"relics_obtained":[{"floor":7,"key":"Pantograph"},{"floor":9,"key":"Darkstone Periapt"},{"floor":11,"key":"War Paint"},{"floor":12,"key":"Ancient Tea Set"},{"floor":26,"key":"Gremlin Horn"},{"floor":29,"key":"Oddly Smooth Stone"},{"floor":40,"key":"Blood Vial"},{"floor":43,"key":"Girya"}],"event_choices":[{"event_name":"Scrap Ooze","player_choice":"success","floor":2,"damage_taken":12},{"event_name":"Shining Light","player_choice":"Entered Light","floor":10,"damage_taken":0},{"event_name":"Golden Shrine","player_choice":"Pray","floor":14,"damage_taken":0},{"event_name":"Bonfire Elementals","player_choice":"BASIC","floor":31,"damage_taken":0},{"event_name":"Winding Halls","player_choice":"Embrace Madness","floor":36,"damage_taken":0},{"event_name":"Tomb of Lord Red Mask","player_choice":"Paid","floor":47,"damage_taken":0},{"event_name":"Mysterious Sphere","player_choice":"Ignore","floor":48,"damage_taken":0}],"boss_relics":[{"not_picked":["Runic Pyramid","Astrolabe"],"picked":"Cursed Key"},{"not_picked":["White Beast Statue","Pandora\u0027s Box"],"picked":"Orrery"}],"items_purged_floors":[19,28],"potions_floor_spawned":[5,7,21,24,30,35,39,40,42],"seed_played":"-6309833304717471089","ascension_level":1,"potions_obtained":[{"floor":5,"key":"Regen Potion"},{"floor":7,"key":"EssenceOfSteel"},{"floor":21,"key":"AttackPotion"},{"floor":24,"key":"EssenceOfSteel"},{"floor":40,"key":"Dexterity Potion"},{"floor":42,"key":"Explosive Potion"}],"is_trial":false}