{"path_per_floor":["M","?","?","M","M","R","E","R","T","R","?","M","E","M","R","B",null,"M","?","M","?","M","R","E","R","T","E","M","R","E","M","R","B",null,"M","?","M","M","?","R","E","$","T","R","?","E","$","?","R","B"],"character_chosen":"THE_SILENT","items_purchased":["Shuriken","Weak Potion","Du-Vu Doll","Torii"],"gold_per_floor":[111,61,61,80,96,96,130,130,130,130,130,151,191,204,204,303,303,321,321,341,256,280,280,324,324,351,395,415,415,455,474,474,573,573,592,592,616,632,632,632,668,294,317,317,650,679,56,56,56,56],"floor_reached":51,"campfire_rested":2,"playtime":2917,"current_hp_per_floor":[59,59,64,60,60,60,46,46,46,46,46,46,26,26,26,26,56,51,35,35,35,24,24,18,52,52,32,26,60,64,56,56,8,52,52,52,56,45,45,45,61,61,61,61,61,70,70,70,70,37],"items_purged":["Deadly Poison"],"gold":56,"score":1446,"play_id":"6543d2f0-9446-4244-bac5-f67dbf8b061c","local_time":"20180402223907","is_prod":false,"is_daily":false,"is_ascension_mode":true,"campfire_upgraded":9,"timestamp":1522676347,"path_taken":["M","?","?","M","M","R","E","R","T","R","?","?","E","M","R","BOSS","M","?","M","?","M","R","E","R","T","E","?","R","E","M","R","BOSS","M","?","M","?","?","R","E","$","T","R","?","E","$","?","R","BOSS"],"build_version":"2018-03-29v2","purchased_purges":1,"victory":true,"master_deck":["Survivor","Neutralize+1","AscendersBane","After Image+1","Heel Hook","Dagger Spray+1","Dagger Throw","Slice","Well Laid Plans+1","Dash","Escape Plan","Tools of the Trade+1","Infinite Blades+1","Terror+1","Die Die Die+1","Expertise","Blur+1","Footwork+1","Acrobatics","Finisher+1","Escape Plan","Bullet Time+1","Sucker Punch+1","Leg Sweep","Cloak And Dagger+1","Accuracy+1","Panache+1"],"max_hp_per_floor":[66,66,71,71,71,71,71,71,71,71,66,66,66,66,66,66,66,66,66,66,66,66,66,66,66,66,66,66,66,66,66,66,66,66,66,66,66,66,66,66,68,68,68,68,68,70,70,70,70,70],"relics":["Ring of the Snake","Regal Pillow","Calipers","Ninja Scroll","Astrolabe","Enchiridion","Pen Nib","Darkstone Periapt","Ancient Tea Set","Bird Faced Urn","Molten Egg 2","Pandora\u0027s Box","Singing Bowl","Shuriken","Anchor","Snake Skull","Du-Vu Doll","Torii"],"card_choices":[{"not_picked":["Acrobatics","Setup"],"picked":"Heel Hook","floor":1},{"not_picked":["Finisher","Outmaneuver"],"picked":"Dagger Spray","floor":4},{"not_picked":["Sucker Punch","Expertise"],"picked":"Dagger Throw","floor":5},{"not_picked":["Finisher","Masterful Stab"],"picked":"Slice","floor":7},{"not_picked":["Prepared","Escape Plan"],"picked":"Well Laid Plans","floor":12},{"not_picked":["Quick Slash","Tactician"],"picked":"Dash","floor":13},{"not_picked":["Poisoned Stab","Outmaneuver"],"picked":"Escape Plan","floor":14},{"not_picked":["Grand Finale","Corpse Explosion"],"picked":"Tools of the Trade","floor":16},{"not_picked":["Deflect","Bane"],"picked":"Expertise","floor":18},{"not_picked":["Prepared","Expertise"],"picked":"Blur","floor":20},{"not_picked":["Infinite Blades","Slice"],"picked":"Footwork","floor":22},{"not_picked":["Cloak And Dagger","Calculated Gamble"],"picked":"Acrobatics","floor":28},{"not_picked":["Accuracy","Flying Knee"],"picked":"Finisher","floor":30},{"not_picked":["Poisoned Stab","Dagger Spray"],"picked":"Escape Plan","floor":31},{"not_picked":["Die Die Die","Corpse Explosion"],"picked":"Bullet Time","floor":33},{"not_picked":["Backflip","Caltrops"],"picked":"Accuracy","floor":37},{"not_picked":["Master of Strategy","Panacea"],"picked":"Panache","floor":48}],"player_experience":397026,"potions_floor_usage":[16,20,27,27,27,30,46,50,50],"damage_taken":[{"damage":0,"enemies":"2 Louse","floor":1,"turns":5},{"damage":4,"enemies":"Cultist","floor":4,"turns":6},{"damage":0,"enemies":"Small Slimes","floor":5,"turns":3},{"damage":14,"enemies":"3 Sentries","floor":7,"turns":10},{"damage":0,"enemies":"2 Fungi Beasts","floor":12,"turns":3},{"damage":20,"enemies":"Gremlin Nob","floor":13,"turns":5},{"damage":0,"enemies":"3 Louse","floor":14,"turns":1},{"damage":0,"enemies":"The Guardian","floor":16,"turns":13},{"damage":5,"enemies":"Spheric Guardian","floor":18,"turns":4},{"damage":0,"enemies":"Chosen","floor":20,"turns":4},{"damage":11,"enemies":"Sentry and Sphere","floor":22,"turns":6},{"damage":6,"enemies":"Book of Stabbing","floor":24,"turns":6},{"damage":20,"enemies":"Slavers","floor":27,"turns":5},{"damage":18,"enemies":"Centurion and Healer","floor":28,"turns":6},{"damage":6,"enemies":"Gremlin Leader","floor":30,"turns":7},{"damage":10,"enemies":"Cultist and Chosen","floor":31,"turns":6},{"damage":60,"enemies":"Automaton","floor":33,"turns":13},{"damage":10,"enemies":"3 Shapes","floor":35,"turns":4},{"damage":0,"enemies":"Orb Walker","floor":37,"turns":2},{"damage":23,"enemies":"3 Darklings","floor":38,"turns":6},{"damage":0,"enemies":"Giant Head","floor":41,"turns":6},{"damage":0,"enemies":"2 Orb Walkers","floor":46,"turns":4},{"damage":42,"enemies":"Donu and Deca","floor":50,"turns":6}],"event_choices":[{"event_name":"The Cleric","player_choice":"Card Removal","floor":2,"damage_taken":0},{"event_name":"Big Fish","player_choice":"Donut","floor":3,"damage_taken":0},{"event_name":"Golden Idol","player_choice":"Lose Max HP","floor":11,"damage_taken":0},{"event_name":"Cursed Tome","player_choice":"Obtained Book","floor":19,"damage_taken":0},{"event_name":"Addict","player_choice":"Obtained Relic","floor":21,"damage_taken":0},{"event_name":"SecretPortal","player_choice":"Rejected Portal.","floor":39,"damage_taken":0},{"event_name":"The Moai Head","player_choice":"Gave Idol","floor":45,"damage_taken":0},{"event_name":"SensoryStone","player_choice":"Memory 1","floor":48,"damage_taken":0}],"boss_relics":[{"not_picked":["Lizard Tail","Black Star"],"picked":"Astrolabe"},{"not_picked":["Runic Pyramid","Velvet Choker"],"picked":"Pandora\u0027s Box"}],"potions_floor_spawned":[5,7,13,18,22,24,28,35,37,46],"seed_played":"-6928906536132995646","ascension_level":14,"is_trial":false}