{"gold_per_floor":[114,128,128,2,77,103,121,156,229,239,299,313,344,368,368,469,469,479,505,505,186,205,238,238,238],"floor_reached":25,"playtime":1817,"items_purged":["Strike_R"],"score":315,"play_id":"b764f521-7c66-445e-a05e-0772d1a2d741","local_time":"20181107234833","is_ascension_mode":true,"campfire_choices":[{"data":"Fiend Fire","floor":15,"key":"SMITH"},{"data":"Flame Barrier","floor":24,"key":"SMITH"}],"neow_cost":"NONE","seed_source_timestamp":275663845586639,"circlet_count":0,"master_deck":["Strike_R","Strike_R","Strike_R","Strike_R","Defend_R","Defend_R","Defend_R","Defend_R","Bash","Evolve","Feel No Pain","Shrug It Off","Fiend Fire+1","Reckless Charge","Feel No Pain","Clash","Flame Barrier+1","Power Through","Double Tap","Limit Break","Corruption","Feel No Pain+1","Body Slam"],"relics":["Burning Blood","NeowsBlessing","Bird Faced Urn","Oddly Smooth Stone","Smiling Mask","Blue Candle","Tiny Chest","Orichalcum","Dream Catcher","Busted Crown","Red Mask","Bottled Tornado","Bottled Lightning","Nunchaku"],"potions_floor_usage":[8,19,19,23],"damage_taken":[{"damage":0,"enemies":"2 Louse","floor":1,"turns":1},{"damage":0,"enemies":"Jaw Worm","floor":2,"turns":1},{"damage":0,"enemies":"Gremlin Nob","floor":6,"turns":1},{"damage":2,"enemies":"Small Slimes","floor":7,"turns":6},{"damage":2,"enemies":"Lagavulin","floor":8,"turns":7},{"damage":4,"enemies":"Blue Slaver","floor":10,"turns":4},{"damage":21,"enemies":"Gremlin Nob","floor":11,"turns":5},{"damage":10,"enemies":"3 Louse","floor":12,"turns":7},{"damage":14,"enemies":"3 Sentries","floor":13,"turns":9},{"damage":55,"enemies":"Slime Boss","floor":16,"turns":25},{"damage":0,"enemies":"3 Byrds","floor":18,"turns":3},{"damage":47,"enemies":"Masked Bandits","floor":19,"turns":5},{"damage":12,"enemies":"Spheric Guardian","floor":22,"turns":4},{"damage":31,"enemies":"Book of Stabbing","floor":23,"turns":7},{"damage":36,"enemies":"Slavers","floor":25,"turns":3}],"seed_played":"6598116680318302937","potions_obtained":[{"floor":1,"key":"Explosive Potion"},{"floor":2,"key":"Poison Potion"},{"floor":7,"key":"SpeedPotion"},{"floor":12,"key":"Weak Potion"},{"floor":16,"key":"Weak Potion"},{"floor":23,"key":"Block Potion"}],"is_trial":false,"path_per_floor":["M","M","?","$","?","E","M","E","T","M","E","M","E","T","R","B",null,"M","?","T","$","M","E","R","E"],"character_chosen":"IRONCLAD","items_purchased":["Shrug It Off","Corruption","Bottled Lightning"],"campfire_rested":0,"item_purchase_floors":[4,21,21],"current_hp_per_floor":[80,80,77,77,66,72,80,80,80,80,65,67,65,65,65,22,80,80,41,41,41,43,28,28,0],"gold":238,"neow_bonus":"THREE_ENEMY_KILL","is_prod":false,"is_daily":false,"chose_seed":false,"campfire_upgraded":2,"win_rate":0,"timestamp":1541663313,"path_taken":["M","M","?","$","?","E","M","E","T","M","E","M","E","?","R","BOSS","M","?","?","$","M","E","R","E"],"build_version":"2018-11-01","purchased_purges":1,"victory":false,"max_hp_per_floor":[80,80,80,80,80,80,80,80,80,80,80,80,80,80,80,80,80,80,80,80,80,80,80,80,80],"card_choices":[{"not_picked":["Wild Strike","Pummel"],"picked":"Evolve","floor":1},{"not_picked":["Rampage","Perfected Strike"],"picked":"Feel No Pain","floor":2},{"not_picked":["Heavy Blade","Searing Blow"],"picked":"Fiend Fire","floor":6},{"not_picked":["Clothesline","Rupture"],"picked":"Reckless Charge","floor":7},{"not_picked":["Cleave","Armaments"],"picked":"Feel No Pain","floor":8},{"not_picked":["Twin Strike","Havoc"],"picked":"Clash","floor":10},{"not_picked":["Iron Wave","Fire Breathing"],"picked":"Flame Barrier","floor":11},{"not_picked":["Pommel Strike","Flex"],"picked":"Power Through","floor":12},{"not_picked":["Headbutt","Fire Breathing"],"picked":"Double Tap","floor":13},{"not_picked":["Reaper","Bludgeon"],"picked":"Limit Break","floor":16},{"not_picked":["Searing Blow"],"picked":"SKIP","floor":18},{"not_picked":[],"picked":"Feel No Pain+1","floor":22},{"not_picked":[],"picked":"Body Slam","floor":23}],"player_experience":365125,"relics_obtained":[{"floor":6,"key":"Oddly Smooth Stone"},{"floor":8,"key":"Smiling Mask"},{"floor":9,"key":"Blue Candle"},{"floor":11,"key":"Tiny Chest"},{"floor":13,"key":"Orichalcum"},{"floor":14,"key":"Dream Catcher"},{"floor":19,"key":"Red Mask"},{"floor":20,"key":"Bottled Tornado"},{"floor":23,"key":"Nunchaku"}],"event_choices":[{"damage_healed":0,"gold_gain":0,"player_choice":"Success","damage_taken":3,"relics_obtained":["Bird Faced Urn"],"max_hp_gain":0,"max_hp_loss":0,"event_name":"Scrap Ooze","floor":3,"gold_loss":0},{"damage_healed":0,"gold_gain":75,"player_choice":"Gather Gold","damage_taken":11,"max_hp_gain":0,"max_hp_loss":0,"event_name":"World of Goop","floor":5,"gold_loss":0},{"damage_healed":0,"gold_gain":0,"player_choice":"Fought Bandits","damage_taken":0,"max_hp_gain":0,"max_hp_loss":0,"event_name":"Masked Bandits","floor":19,"gold_loss":0}],"is_beta":false,"boss_relics":[{"not_picked":["Cursed Key","Runic Dome"],"picked":"Busted Crown"}],"items_purged_floors":[4],"is_endless":false,"potions_floor_spawned":[1,2,7,12,16,23],"killed_by":"Slavers","ascension_level":3}