{"gold_per_floor":[368,379,393,183,183,218,218,218,295,307,341,355,98,112,112,217,217,236,236,254,654,669,669,680,680,706,732,732,169,188,206,206,302,302,317,327,61,79,79,79,111,124,178,178,197,222,222,47,47,47,47,47,47,76,76],"floor_reached":56,"playtime":3512,"items_purged":["Strike_R","Strike_R","Strike_R","Defend_R","Writhe"],"score":1845,"play_id":"65da3db4-e590-41c9-b614-c9f8d2c67cca","local_time":"20190203054853","is_ascension_mode":true,"campfire_choices":[{"data":"True Grit","floor":7.0,"key":"SMITH"},{"data":"Bludgeon","floor":15.0,"key":"SMITH"},{"data":"Havoc","floor":23.0,"key":"SMITH"},{"data":"Seeing Red","floor":25.0,"key":"SMITH"},{"data":"Pommel Strike","floor":28.0,"key":"SMITH"},{"data":"Pommel Strike","floor":32.0,"key":"SMITH"},{"floor":40.0,"key":"RECALL"},{"data":"Pommel Strike","floor":44.0,"key":"SMITH"},{"data":"Offering","floor":49.0,"key":"SMITH"},{"data":"Corruption","floor":52.0,"key":"SMITH"}],"neow_cost":"PERCENT_DAMAGE","seed_source_timestamp":24163257836740,"circlet_count":0,"master_deck":["Defend_R","Defend_R","True Grit+1","Inflame","Pommel Strike+1","Bludgeon+1","Immolate","Pommel Strike+1","Pommel Strike+1","Seeing Red+1","Feed","Thunderclap","True Grit+1","Havoc+1","Warcry+1","Seeing Red","Madness","Pommel Strike+1","Offering+1","Havoc+1","Havoc+1","Power Through","Corruption+1","Bloodletting+1","Warcry+1","Headbutt+1","Anger+1","Flame Barrier+1","Evolve"],"special_seed":0,"relics":["Burning Blood","Art of War","Potion Belt","Bronze Scales","Coffee Dripper","Nilry\u0027s Codex","Old Coin","Self Forming Clay","Centennial Puzzle","Pear","Lee\u0027s Waffle","Bag of Marbles","Empty Cage","Oddly Smooth Stone","Red Skull","Lantern","Anchor"],"potions_floor_usage":[55,55,55,55],"damage_taken":[{"damage":1.0,"enemies":"Cultist","floor":1.0,"turns":3.0},{"damage":7.0,"enemies":"Jaw Worm","floor":2.0,"turns":4.0},{"damage":2.0,"enemies":"2 Louse","floor":3.0,"turns":4.0},{"damage":18.0,"enemies":"Lagavulin","floor":6.0,"turns":7.0},{"damage":0.0,"enemies":"Gremlin Gang","floor":10.0,"turns":1.0},{"damage":21.0,"enemies":"3 Sentries","floor":11.0,"turns":5.0},{"damage":8.0,"enemies":"Looter","floor":12.0,"turns":3.0},{"damage":2.0,"enemies":"3 Louse","floor":14.0,"turns":2.0},{"damage":30.0,"enemies":"The Guardian","floor":16.0,"turns":9.0},{"damage":16.0,"enemies":"Shell Parasite","floor":18.0,"turns":3.0},{"damage":3.0,"enemies":"3 Byrds","floor":20.0,"turns":2.0},{"damage":8.0,"enemies":"Colosseum Slavers","floor":21.0,"turns":3.0},{"damage":11.0,"enemies":"Colosseum Nobs","floor":21.0,"turns":6.0},{"damage":14.0,"enemies":"Snake Plant","floor":22.0,"turns":4.0},{"damage":21.0,"enemies":"Cultist and Chosen","floor":24.0,"turns":6.0},{"damage":23.0,"enemies":"Slavers","floor":27.0,"turns":6.0},{"damage":6.0,"enemies":"Shelled Parasite and Fungi","floor":30.0,"turns":2.0},{"damage":0.0,"enemies":"Snake Plant","floor":31.0,"turns":2.0},{"damage":78.0,"enemies":"Collector","floor":33.0,"turns":7.0},{"damage":0.0,"enemies":"Orb Walker","floor":35.0,"turns":1.0},{"damage":0.0,"enemies":"3 Shapes","floor":36.0,"turns":2.0},{"damage":22.0,"enemies":"Sphere and 2 Shapes","floor":38.0,"turns":4.0},{"damage":9.0,"enemies":"Giant Head","floor":41.0,"turns":4.0},{"damage":9.0,"enemies":"4 Shapes","floor":42.0,"turns":2.0},{"damage":13.0,"enemies":"Maw","floor":45.0,"turns":3.0},{"damage":37.0,"enemies":"Reptomancer","floor":46.0,"turns":4.0},{"damage":59.0,"enemies":"Donu and Deca","floor":50.0,"turns":7.0},{"damage":6.0,"enemies":"Shield and Spear","floor":54.0,"turns":3.0},{"damage":72,"enemies":"The Heart","floor":55,"turns":7}],"seed_played":"-6952931161402835291","potions_obtained":[{"floor":1.0,"key":"AttackPotion"},{"floor":2.0,"key":"Dexterity Potion"},{"floor":11.0,"key":"FearPotion"},{"floor":12.0,"key":"AttackPotion"},{"floor":14.0,"key":"Explosive Potion"},{"floor":16.0,"key":"Explosive Potion"},{"floor":20.0,"key":"Weak Potion"},{"floor":24.0,"key":"Strength Potion"},{"floor":30.0,"key":"GamblersBrew"},{"floor":35.0,"key":"Strength Potion"},{"floor":38.0,"key":"Weak Potion"},{"floor":42.0,"key":"Dexterity Potion"},{"floor":54.0,"key":"Weak Potion"}],"is_trial":false,"path_per_floor":["M","M","M","$","?","E","R","?","T","M","E","M","$","M","R","B",null,"M","?","M","?","M","R","M","R","T","E","R","$","M","M","R","B",null,"M","M","$","M","?","R","E","M","T","R","M","E","?","$","R","B",null,"R","$","E","B",null],"character_chosen":"IRONCLAD","items_purchased":["Bludgeon","Bronze Scales","Lee\u0027s Waffle","Bag of Marbles","Madness","Power Through","Corruption"],"campfire_rested":0,"item_purchase_floors":[4,13,29,29,29,37,37],"current_hp_per_floor":[56,55,59,59,59,47,47,47,47,53,38,36,36,40,40,16,64,57,41,47,46,41,41,26,26,26,22,22,115,118,118,118,46,100,106,115,115,99,99,99,96,93,93,93,89,61,93,93,93,43,108,108,108,108,42],"gold":76,"neow_bonus":"TWO_FIFTY_GOLD","is_prod":false,"is_daily":false,"chose_seed":false,"campfire_upgraded":9,"win_rate":0,"timestamp":1549190933,"path_taken":["M","M","?","$","?","E","R","?","T","M","E","M","$","?","R","BOSS","M","?","M","?","M","R","M","R","T","E","R","$","M","M","R","BOSS","M","M","$","M","?","R","E","M","T","R","M","E","?","$","R","BOSS","R","$","E","BOSS"],"build_version":"2019-01-23","purchased_purges":5,"victory":true,"max_hp_per_floor":[80,80,80,80,80,80,80,80,80,80,80,80,80,80,80,80,80,83,83,86,92,95,95,95,95,95,108,108,115,118,118,118,118,118,118,121,121,121,121,121,121,121,121,121,124,127,127,127,127,130,130,130,130,130,130],"card_choices":[{"not_picked":["Seeing Red","Wild Strike"],"picked":"True Grit","floor":1.0},{"not_picked":["Flex","Armaments"],"picked":"Inflame","floor":2.0},{"not_picked":["Body Slam","Headbutt"],"picked":"Pommel Strike","floor":3.0},{"not_picked":["Battle Trance","Clash"],"picked":"Immolate","floor":6.0},{"not_picked":["Twin Strike","Heavy Blade"],"picked":"Pommel Strike","floor":10.0},{"not_picked":["Reckless Charge","Burning Pact"],"picked":"Pommel Strike","floor":11.0},{"not_picked":["Pummel","Warcry"],"picked":"Seeing Red","floor":12.0},{"not_picked":["Rage","Perfected Strike","Hemokinesis"],"picked":"SKIP","floor":14.0},{"not_picked":["Juggernaut","Immolate"],"picked":"Feed","floor":16.0},{"not_picked":["Searing Blow","Havoc","Spot Weakness"],"picked":"SKIP","floor":18.0},{"not_picked":["Clothesline","Spot Weakness"],"picked":"Thunderclap","floor":20.0},{"not_picked":["Pummel","Thunderclap"],"picked":"True Grit+1","floor":21.0},{"not_picked":["True Grit","Warcry"],"picked":"Havoc","floor":22.0},{"not_picked":["Anger","Flex"],"picked":"Warcry+1","floor":24.0},{"not_picked":["Cleave+1","Anger+1"],"picked":"Seeing Red","floor":27.0},{"not_picked":["Clothesline","Iron Wave"],"picked":"Pommel Strike+1","floor":30.0},{"not_picked":["Clothesline","Wild Strike+1","Juggernaut"],"picked":"SKIP","floor":31.0},{"not_picked":["Fiend Fire","Feed"],"picked":"Offering","floor":33.0},{"not_picked":["Combust+1","Armaments"],"picked":"Havoc+1","floor":35.0},{"not_picked":["Wild Strike+1","Cleave+1"],"picked":"Havoc+1","floor":36.0},{"not_picked":["Disarm","Anger"],"picked":"Bloodletting+1","floor":38.0},{"not_picked":["Thunderclap","Perfected Strike"],"picked":"Warcry+1","floor":41.0},{"not_picked":["Cleave+1","Sever Soul+1"],"picked":"Headbutt+1","floor":42.0},{"not_picked":["Thunderclap+1","Wild Strike+1"],"picked":"Anger+1","floor":45.0},{"not_picked":["Offering","Thunderclap+1"],"picked":"Flame Barrier+1","floor":46.0},{"not_picked":["Entrench+1","Headbutt"],"picked":"Evolve","floor":54.0}],"player_experience":317608,"relics_obtained":[{"floor":6.0,"key":"Art of War"},{"floor":11.0,"key":"Potion Belt"},{"floor":19.0,"key":"Nilry\u0027s Codex"},{"floor":21.0,"key":"Old Coin"},{"floor":21.0,"key":"Self Forming Clay"},{"floor":26.0,"key":"Centennial Puzzle"},{"floor":27.0,"key":"Pear"},{"floor":41.0,"key":"Oddly Smooth Stone"},{"floor":43.0,"key":"Red Skull"},{"floor":46.0,"key":"Lantern"},{"floor":54.0,"key":"Anchor"}],"event_choices":[{"cards_removed":["Strike_R"],"damage_healed":0.0,"max_hp_gain":0.0,"max_hp_loss":0.0,"gold_gain":0.0,"event_name":"Living Wall","player_choice":"Forget","floor":5.0,"gold_loss":0.0,"damage_taken":0.0},{"damage_healed":0.0,"max_hp_gain":0.0,"max_hp_loss":0.0,"gold_gain":0.0,"cards_transformed":["Strike_R"],"event_name":"Transmorgrifier","player_choice":"Transformed","floor":8.0,"gold_loss":0.0,"damage_taken":0.0,"cards_obtained":["Carnage"]},{"damage_healed":0.0,"max_hp_gain":0.0,"max_hp_loss":0.0,"gold_gain":0.0,"event_name":"Cursed Tome","player_choice":"Obtained Book","floor":19.0,"gold_loss":0.0,"damage_taken":16.0},{"damage_healed":0.0,"max_hp_gain":0.0,"max_hp_loss":0.0,"gold_gain":0.0,"event_name":"Colosseum","player_choice":"Fight","floor":21.0,"gold_loss":0.0,"damage_taken":0.0},{"damage_healed":0.0,"max_hp_gain":0.0,"max_hp_loss":0.0,"gold_gain":0.0,"event_name":"Colosseum","player_choice":"Fought Nobs","floor":21.0,"gold_loss":0.0,"damage_taken":0.0},{"cards_removed":["Carnage"],"damage_healed":0.0,"max_hp_gain":0.0,"max_hp_loss":0.0,"gold_gain":0.0,"event_name":"Falling","player_choice":"Removed Attack","floor":39.0,"gold_loss":0.0,"damage_taken":0.0},{"damage_healed":32.0,"max_hp_gain":0.0,"max_hp_loss":0.0,"gold_gain":0.0,"event_name":"Winding Halls","player_choice":"Writhe","floor":47.0,"gold_loss":0.0,"damage_taken":0.0,"cards_obtained":["Writhe"]}],"is_beta":false,"boss_relics":[{"not_picked":["Snecko Eye","Fusion Hammer"],"picked":"Coffee Dripper"},{"not_picked":["Lizard Tail","White Beast Statue"],"picked":"Empty Cage"}],"items_purged_floors":[4,13,29,37,48],"is_endless":false,"potions_floor_spawned":[1,2,11,12,14,16,20,21,24,30,35,38,42,54],"ascension_level":9}