{"gold_per_floor":[19,36,36,36,54,82,95,122,122,148,148,165,44,44,44,146,146,157,171,171,88,101,127,127,143,213,245,89,39,39,68,68,171,171,188,188,188,288,288],"floor_reached":39,"playtime":1939,"items_purged":["Strike_R"],"score":625,"play_id":"6feae40f-b140-4205-8531-8ff0852094e6","local_time":"20181112212245","is_ascension_mode":true,"campfire_choices":[{"data":"Demon Form","floor":11,"key":"SMITH"},{"floor":15,"key":"REST"},{"data":"Armaments","floor":24,"key":"SMITH"},{"data":"Limit Break","floor":30,"key":"SMITH"},{"floor":32,"key":"REST"}],"neow_cost":"NO_GOLD","seed_source_timestamp":181954243246252,"circlet_count":0,"master_deck":["Strike_R","Strike_R","Defend_R","Defend_R","Defend_R+1","Defend_R","Bash","Inflame","Sword Boomerang","Whirlwind","Feel No Pain","Warcry","Demon Form+1","Pommel Strike","Metallicize+1","True Grit+1","Limit Break+1","Disarm","Seeing Red+1","Feel No Pain+1","Armaments+1","Iron Wave+1","Flex","Metallicize+1","Dark Embrace+1","Heavy Blade","Heavy Blade+1","Juggernaut+1","Inflame+1","Transmutation"],"relics":["Burning Blood","Gambling Chip","PreservedInsect","Strawberry","Gremlin Horn","Frozen Egg 2","Pear","Runic Pyramid","Dream Catcher","Mercury Hourglass","War Paint","Orichalcum","Juzu Bracelet","Cursed Key","Shovel"],"potions_floor_usage":[8,8,27,27,31,31,39,39],"damage_taken":[{"damage":6,"enemies":"Cultist","floor":1,"turns":3},{"damage":15,"enemies":"2 Louse","floor":2,"turns":3},{"damage":3,"enemies":"Small Slimes","floor":5,"turns":3},{"damage":24,"enemies":"Gremlin Nob","floor":6,"turns":4},{"damage":16,"enemies":"Gremlin Gang","floor":7,"turns":3},{"damage":17,"enemies":"Lagavulin","floor":8,"turns":5},{"damage":32,"enemies":"Gremlin Nob","floor":10,"turns":4},{"damage":17,"enemies":"Red Slaver","floor":12,"turns":4},{"damage":19,"enemies":"Hexaghost","floor":16,"turns":7},{"damage":9,"enemies":"3 Byrds","floor":18,"turns":5},{"damage":24,"enemies":"Spheric Guardian","floor":19,"turns":5},{"damage":31,"enemies":"Cultist and Chosen","floor":22,"turns":4},{"damage":12,"enemies":"Gremlin Leader","floor":23,"turns":4},{"damage":6,"enemies":"Chosen and Byrds","floor":25,"turns":4},{"damage":20,"enemies":"Book of Stabbing","floor":27,"turns":4},{"damage":2,"enemies":"Slavers","floor":31,"turns":3},{"damage":34,"enemies":"Collector","floor":33,"turns":7},{"damage":10,"enemies":"Orb Walker","floor":35,"turns":5},{"damage":24,"enemies":"Mind Bloom Boss Battle","floor":38,"turns":6},{"damage":69,"enemies":"2 Orb Walkers","floor":39,"turns":3}],"seed_played":"-5536769569643434816","potions_obtained":[{"floor":1,"key":"Ancient Potion"},{"floor":5,"key":"Energy Potion"},{"floor":7,"key":"SpeedPotion"},{"floor":10,"key":"SmokeBomb"},{"floor":22,"key":"FearPotion"},{"floor":23,"key":"Regen Potion"},{"floor":25,"key":"Explosive Potion"},{"floor":27,"key":"Block Potion"},{"floor":35,"key":"Ancient Potion"},{"floor":38,"key":"Explosive Potion"}],"is_trial":false,"path_per_floor":["M","M","?","?","M","E","M","E","T","E","R","M","$","T","R","B",null,"M","M","?","$","M","E","R","M","T","E","$","$","R","E","R","B",null,"M","?","?","?","?"],"character_chosen":"IRONCLAD","items_purchased":["True Grit","Feel No Pain+1","Armaments","Orichalcum","Heavy Blade"],"campfire_rested":2,"item_purchase_floors":[13,21,21,28,29],"current_hp_per_floor":[80,71,76,76,79,61,51,47,47,21,21,10,10,20,50,37,86,83,65,65,65,40,34,34,34,34,32,32,32,32,36,66,38,86,82,82,82,64,0],"gold":288,"neow_bonus":"ONE_RARE_RELIC","is_prod":false,"is_daily":false,"chose_seed":false,"campfire_upgraded":3,"win_rate":0,"timestamp":1542086565,"path_taken":["M","M","?","?","M","E","?","E","T","E","R","M","$","?","R","BOSS","M","M","?","$","?","E","R","M","T","E","?","$","R","E","R","BOSS","M","?","?","?","?"],"build_version":"2018-11-08","purchased_purges":1,"victory":false,"max_hp_per_floor":[80,80,85,85,85,85,85,92,92,92,92,92,92,102,102,102,102,102,102,102,102,102,102,102,102,102,102,102,102,102,102,102,102,102,102,102,97,97,97],"card_choices":[{"not_picked":["Carnage","Body Slam"],"picked":"Inflame","floor":1},{"not_picked":["Heavy Blade","Carnage"],"picked":"Sword Boomerang","floor":2},{"not_picked":["Iron Wave","Twin Strike"],"picked":"Whirlwind","floor":5},{"not_picked":["Power Through","Wild Strike"],"picked":"Feel No Pain","floor":6},{"not_picked":["Clash","Rage"],"picked":"Warcry","floor":7},{"not_picked":["True Grit","Whirlwind"],"picked":"Demon Form","floor":8},{"not_picked":["Clash","Entrench"],"picked":"Pommel Strike","floor":10},{"not_picked":["Armaments","Pommel Strike"],"picked":"Metallicize+1","floor":12},{"not_picked":["Double Tap","Offering"],"picked":"Limit Break","floor":16},{"not_picked":["Clash","Thunderclap"],"picked":"Disarm","floor":18},{"not_picked":["Flame Barrier","Spot Weakness"],"picked":"Seeing Red+1","floor":19},{"not_picked":["Headbutt","Wild Strike"],"picked":"Iron Wave+1","floor":22},{"not_picked":["Entrench+1","Reckless Charge"],"picked":"Flex","floor":23},{"not_picked":["Wild Strike+1","Warcry"],"picked":"Metallicize+1","floor":25},{"not_picked":["Battle Trance","Reckless Charge"],"picked":"Dark Embrace+1","floor":27},{"not_picked":["Clothesline","True Grit","Flex"],"picked":"SKIP","floor":31},{"not_picked":["Iron Wave+1","Ghostly Armor+1"],"picked":"Heavy Blade+1","floor":32},{"not_picked":["Impervious","Bludgeon"],"picked":"Juggernaut+1","floor":33},{"not_picked":["Twin Strike","True Grit"],"picked":"Inflame+1","floor":35},{"not_picked":["The Bomb","HandOfGreed"],"picked":"Transmutation","floor":36}],"player_experience":402650,"relics_obtained":[{"floor":6,"key":"PreservedInsect"},{"floor":8,"key":"Strawberry"},{"floor":9,"key":"Gremlin Horn"},{"floor":10,"key":"Frozen Egg 2"},{"floor":14,"key":"Pear"},{"floor":23,"key":"Dream Catcher"},{"floor":26,"key":"Mercury Hourglass"},{"floor":27,"key":"War Paint"},{"floor":31,"key":"Juzu Bracelet"},{"floor":38,"key":"Shovel"}],"event_choices":[{"damage_healed":0,"gold_gain":0,"player_choice":"Donut","damage_taken":0,"max_hp_gain":5,"max_hp_loss":0,"event_name":"Big Fish","floor":3,"gold_loss":0},{"cards_removed":["Strike_R"],"damage_healed":0,"gold_gain":0,"player_choice":"Purged","damage_taken":0,"max_hp_gain":0,"max_hp_loss":0,"event_name":"Purifier","floor":4,"gold_loss":0},{"cards_removed":["Strike_R"],"damage_healed":0,"gold_gain":0,"player_choice":"Offered Basic","damage_taken":0,"max_hp_gain":0,"max_hp_loss":0,"event_name":"Bonfire Elementals","floor":20,"gold_loss":0},{"damage_healed":0,"gold_gain":0,"player_choice":"Memory 1","damage_taken":0,"max_hp_gain":0,"max_hp_loss":0,"event_name":"SensoryStone","floor":36,"gold_loss":0},{"damage_healed":0,"gold_gain":0,"player_choice":"Max HP","damage_taken":0,"max_hp_gain":0,"max_hp_loss":5,"event_name":"Winding Halls","floor":37,"gold_loss":0},{"damage_healed":0,"gold_gain":0,"player_choice":"Fight","damage_taken":0,"max_hp_gain":0,"max_hp_loss":0,"event_name":"MindBloom","floor":38,"gold_loss":0},{"damage_healed":0,"gold_gain":0,"player_choice":"Fight","damage_taken":0,"max_hp_gain":0,"max_hp_loss":0,"event_name":"Mysterious Sphere","floor":39,"gold_loss":0}],"is_beta":false,"boss_relics":[{"not_picked":["Calling Bell","Fusion Hammer"],"picked":"Runic Pyramid"},{"not_picked":["Black Star","Empty Cage"],"picked":"Cursed Key"}],"items_purged_floors":[13],"is_endless":false,"potions_floor_spawned":[1,5,7,10,22,23,25,27,35,38],"killed_by":"2 Orb Walkers","ascension_level":5}