{"gold_per_floor":[17,17,17,33,47,87,87,130,130,108,108,158,181,219,219,310,310,328,328,328,243,44,44],"floor_reached":23,"playtime":897,"items_purged":[],"score":359,"play_id":"0a46da0f-f6ad-4043-a39e-40d3657836d8","local_time":"20180807223748","is_ascension_mode":true,"campfire_choices":[{"floor":7,"key":"REST"},{"floor":15,"key":"REST"}],"neow_cost":"NO_GOLD","seed_source_timestamp":2348190153655991,"circlet_count":0,"master_deck":["Strike_B+1","Strike_B+1","Strike_B+1","Defend_B+1","Defend_B+1","Defend_B+1","Defend_B+1","Zap","Dualcast","AscendersBane","Gash","Compile Driver","Rebound","Cold Snap","Conserve Battery","Compile Driver","Hologram","Biased Cognition","Core Surge","Loop","Hologram"],"relics":["Cracked Core","Golden Idol","NlothsMask","Shuriken","The Courier","Juzu Bracelet","Nuclear Battery","Smiling Mask","Runic Capacitor"],"potions_floor_usage":[6,14,16],"damage_taken":[{"damage":0,"enemies":"Small Slimes","floor":1,"turns":3},{"damage":4,"enemies":"Jaw Worm","floor":4,"turns":4},{"damage":0,"enemies":"Cultist","floor":5,"turns":3},{"damage":25,"enemies":"3 Sentries","floor":6,"turns":6},{"damage":20,"enemies":"Gremlin Nob","floor":8,"turns":4},{"damage":0,"enemies":"3 Louse","floor":13,"turns":4},{"damage":8,"enemies":"Lagavulin","floor":14,"turns":7},{"damage":34,"enemies":"Slime Boss","floor":16,"turns":10},{"damage":4,"enemies":"Spheric Guardian","floor":18,"turns":3},{"damage":66,"enemies":"Slavers","floor":23,"turns":4}],"seed_played":"3569759331037797842","potions_obtained":[{"floor":1,"key":"FocusPotion"},{"floor":8,"key":"Block Potion"},{"floor":14,"key":"FearPotion"},{"floor":18,"key":"SteroidPotion"}],"is_trial":false,"path_per_floor":["M","?","?","M","M","E","R","E","T","$","?","?","M","E","R","B",null,"M","?","?","?","$"],"character_chosen":"DEFECT","items_purchased":["Compile Driver","Runic Capacitor","Hologram"],"campfire_rested":2,"item_purchase_floors":[10,22,22],"current_hp_per_floor":[78,49,49,45,45,20,45,25,25,25,25,25,25,17,42,8,66,62,62,62,62,62,0],"gold":44,"neow_bonus":"TWENTY_PERCENT_HP_BONUS","is_prod":false,"is_daily":false,"chose_seed":false,"campfire_upgraded":0,"win_rate":0,"timestamp":1533674268,"path_taken":["M","?","?","M","M","E","R","E","T","$","?","?","?","E","R","BOSS","M","?","?","?","$","E"],"build_version":"2018-08-02","purchased_purges":0,"victory":false,"max_hp_per_floor":[85,85,85,85,85,85,85,85,85,85,85,85,85,85,85,85,85,85,85,85,85,85,85],"card_choices":[{"not_picked":["Darkness","Lockon"],"picked":"Gash","floor":1},{"not_picked":["FTL","Hologram"],"picked":"Compile Driver","floor":4},{"not_picked":["Streamline","Stack"],"picked":"Rebound","floor":5},{"not_picked":["Leap","Rebound"],"picked":"Cold Snap","floor":6},{"not_picked":["Melter","Coolheaded"],"picked":"Conserve Battery","floor":8},{"not_picked":["Aggregate","Coolheaded"],"picked":"Hologram","floor":13},{"not_picked":["Chaos","Rebound"],"picked":"Biased Cognition","floor":14},{"not_picked":["Seek","Fission"],"picked":"Core Surge","floor":16},{"not_picked":["Coolheaded","Gash"],"picked":"Loop","floor":18}],"player_experience":921876,"relics_obtained":[{"floor":6,"key":"Shuriken"},{"floor":8,"key":"The Courier"},{"floor":14,"key":"Juzu Bracelet"}],"event_choices":[{"event_name":"Golden Idol","player_choice":"Take Damage","floor":2,"damage_taken":0},{"event_name":"FaceTrader","player_choice":"Trade","floor":3,"damage_taken":0},{"event_name":"Wheel of Change","player_choice":"Card Removal","floor":11,"damage_taken":0},{"event_name":"Golden Shrine","player_choice":"Pray","floor":12,"damage_taken":0},{"event_name":"Vampires","player_choice":"Ignored","floor":19,"damage_taken":0},{"event_name":"Back to Basics","player_choice":"Simplicity","floor":20,"damage_taken":0},{"event_name":"Addict","player_choice":"Obtained Relic","floor":21,"damage_taken":0}],"is_beta":false,"boss_relics":[{"not_picked":["FrozenCore","Pandora\u0027s Box"],"picked":"Nuclear Battery"}],"items_purged_floors":[],"is_endless":false,"potions_floor_spawned":[1,8,14,18],"killed_by":"Slavers","ascension_level":15}