{"gold_per_floor":[109,34,45,45,56,56,66,85,85,85,117,117,147,182,182,282,282,299,312,312,323,338,338,358,358,358,458,486,501,401,417,417,517,517,536,536,548,548,356,356,373,391,391,391,405,422,439,458,458,458,458,458,162,190,190],"floor_reached":55,"playtime":2831,"items_purged":["Strike_B","Injury","Barrage","Gash"],"score":655,"play_id":"513637e8-5275-462a-acf2-c01c6d7b4731","local_time":"20190221131656","is_ascension_mode":false,"campfire_choices":[{"data":"Leap","floor":6.0,"key":"SMITH"},{"data":"Thunder Strike","floor":12.0,"key":"SMITH"},{"floor":15.0,"key":"REST"},{"floor":23.0,"key":"REST"},{"data":"Creative AI","floor":25.0,"key":"SMITH"},{"floor":32.0,"key":"REST"},{"data":"Defragment","floor":40.0,"key":"SMITH"},{"data":"Hologram","floor":44.0,"key":"SMITH"},{"floor":49.0,"key":"RECALL"},{"data":"Capacitor","floor":52.0,"key":"SMITH"}],"neow_cost":"NONE","seed_source_timestamp":5785695646649024,"circlet_count":0,"master_deck":["Strike_B","Defend_B","Defend_B","Defend_B","Zap+1","Dualcast","Compile Driver","Leap+1","Glacier","Streamline+1","Thunder Strike+1","Hologram+1","Creative AI+1","Ball Lightning","Ball Lightning+1","Redo","Tempest","Go for the Eyes","Electrodynamics","Machine Learning","Defragment+1","Leap+1","Glacier+1","Leap+1","Capacitor+1"],"special_seed":0,"relics":["Cracked Core","DataDisk","Bag of Marbles","Meat on the Bone","Cursed Key","Potion Belt","Coffee Dripper","Whetstone","Bronze Scales"],"potions_floor_usage":[],"damage_taken":[{"damage":1.0,"enemies":"Cultist","floor":1.0,"turns":4.0},{"damage":0.0,"enemies":"2 Louse","floor":3.0,"turns":2.0},{"damage":0.0,"enemies":"Jaw Worm","floor":5.0,"turns":3.0},{"damage":0.0,"enemies":"2 Fungi Beasts","floor":7.0,"turns":3.0},{"damage":6.0,"enemies":"Exordium Wildlife","floor":8.0,"turns":2.0},{"damage":3.0,"enemies":"3 Sentries","floor":11.0,"turns":8.0},{"damage":23.0,"enemies":"Gremlin Nob","floor":14.0,"turns":5.0},{"damage":49.0,"enemies":"Hexaghost","floor":16.0,"turns":8.0},{"damage":1.0,"enemies":"Shell Parasite","floor":18.0,"turns":6.0},{"damage":0.0,"enemies":"Spheric Guardian","floor":19.0,"turns":4.0},{"damage":20.0,"enemies":"Shelled Parasite and Fungi","floor":21.0,"turns":5.0},{"damage":0.0,"enemies":"3 Cultists","floor":22.0,"turns":4.0},{"damage":12.0,"enemies":"Snake Plant","floor":24.0,"turns":4.0},{"damage":29.0,"enemies":"Slavers","floor":28.0,"turns":5.0},{"damage":14.0,"enemies":"Centurion and Healer","floor":29.0,"turns":6.0},{"damage":0.0,"enemies":"Chosen and Byrds","floor":31.0,"turns":4.0},{"damage":15.0,"enemies":"Champ","floor":33.0,"turns":9.0},{"damage":0.0,"enemies":"3 Shapes","floor":35.0,"turns":3.0},{"damage":4.0,"enemies":"Orb Walker","floor":37.0,"turns":2.0},{"damage":11.0,"enemies":"Maw","floor":41.0,"turns":8.0},{"damage":54.0,"enemies":"Writhing Mass","floor":42.0,"turns":5.0},{"damage":3.0,"enemies":"4 Shapes","floor":45.0,"turns":3.0},{"damage":4.0,"enemies":"Sphere and 2 Shapes","floor":46.0,"turns":4.0},{"damage":0.0,"enemies":"Writhing Mass","floor":47.0,"turns":13.0},{"damage":9.0,"enemies":"3 Darklings","floor":48.0,"turns":3.0},{"damage":20.0,"enemies":"Time Eater","floor":50.0,"turns":16.0},{"damage":40,"enemies":"Shield and Spear","floor":54,"turns":7},{"damage":63,"enemies":"The Heart","floor":55,"turns":2}],"seed_played":"9104802114482886827","potions_obtained":[{"floor":11.0,"key":"PowerPotion"},{"floor":16.0,"key":"Weak Potion"},{"floor":18.0,"key":"SteroidPotion"},{"floor":21.0,"key":"AttackPotion"},{"floor":22.0,"key":"Swift Potion"},{"floor":24.0,"key":"PowerPotion"},{"floor":29.0,"key":"PowerPotion"},{"floor":41.0,"key":"SpeedPotion"},{"floor":42.0,"key":"GamblersBrew"},{"floor":45.0,"key":"FearPotion"},{"floor":47.0,"key":"Swift Potion"}],"is_trial":false,"path_per_floor":["M","$","M","?","M","R","M","M","T","?","E","R","?","E","R","B",null,"M","M","?","M","M","R","M","R","T","?","E","M","$","M","R","B",null,"M","?","M","?","$","R","M","M","T","R","M","M","M","M","R","B",null,"R","$","E","B"],"character_chosen":"DEFECT","items_purchased":["Defragment","Whetstone"],"campfire_rested":3,"item_purchase_floors":[39,53],"current_hp_per_floor":[74,74,74,74,74,74,74,68,68,68,65,65,65,42,64,27,75,74,74,74,54,54,75,63,63,63,63,46,44,44,44,66,51,75,75,75,71,71,71,71,60,18,18,18,27,35,47,38,38,30,75,75,75,47,0],"gold":190,"neow_bonus":"UPGRADE_CARD","is_prod":false,"is_daily":false,"chose_seed":false,"campfire_upgraded":6,"win_rate":0,"timestamp":1550773016,"path_taken":["M","$","M","?","?","R","M","M","T","?","E","R","?","E","R","BOSS","M","M","?","M","M","R","M","R","T","?","E","?","$","M","R","BOSS","M","?","M","?","?","R","M","M","T","R","M","?","M","M","R","BOSS","R","$","E","BOSS"],"build_version":"2019-01-23","purchased_purges":4,"victory":false,"max_hp_per_floor":[75,75,75,75,75,75,75,75,75,75,75,75,75,75,75,75,75,75,75,75,75,75,75,75,75,75,75,75,75,75,75,75,75,75,75,75,75,75,75,75,75,75,75,75,75,75,75,75,75,75,75,75,75,75,75],"card_choices":[{"not_picked":["Turbo","Chill"],"picked":"Compile Driver","floor":1.0},{"not_picked":["Rebound","Lockon"],"picked":"Leap","floor":3.0},{"not_picked":["Coolheaded","Cold Snap"],"picked":"Glacier","floor":5.0},{"not_picked":["Ball Lightning","Self Repair"],"picked":"Streamline","floor":7.0},{"not_picked":["Auto Shields","Compile Driver"],"picked":"Gash","floor":8.0},{"not_picked":["Chaos","Steam Power"],"picked":"Thunder Strike","floor":11.0},{"not_picked":["Coolheaded","Scrape"],"picked":"Hologram","floor":14.0},{"not_picked":["Hyperbeam","Thunder Strike"],"picked":"Creative AI","floor":16.0},{"not_picked":["Turbo","Hello World+1"],"picked":"Ball Lightning","floor":18.0},{"not_picked":["Stack","Steam Power"],"picked":"Ball Lightning","floor":19.0},{"not_picked":["Steam","Recycle"],"picked":"Tempest","floor":21.0},{"not_picked":["Redo","Rip and Tear"],"picked":"Go for the Eyes","floor":22.0},{"not_picked":["Cold Snap","Turbo","Hologram"],"picked":"SKIP","floor":24.0},{"not_picked":["Streamline","Go for the Eyes+1","Lockon+1"],"picked":"SKIP","floor":28.0},{"not_picked":["Go for the Eyes","Compile Driver+1"],"picked":"Electrodynamics","floor":29.0},{"not_picked":["Go for the Eyes","Heatsinks","Tempest+1"],"picked":"SKIP","floor":31.0},{"not_picked":["Reboot","Rainbow"],"picked":"Machine Learning","floor":33.0},{"not_picked":["Steam","Consume","Sweeping Beam+1"],"picked":"SKIP","floor":35.0},{"not_picked":["Gash","Undo","Multi-Cast"],"picked":"SKIP","floor":37.0},{"not_picked":["Streamline","Redo+1"],"picked":"Leap+1","floor":41.0},{"not_picked":["Biased Cognition","Storm+1","Chaos"],"picked":"SKIP","floor":42.0},{"not_picked":["Hello World","Coolheaded+1"],"picked":"Glacier+1","floor":45.0},{"not_picked":["Recycle","Barrage"],"picked":"Leap+1","floor":46.0},{"not_picked":["Leap","Compile Driver+1","Barrage"],"picked":"SKIP","floor":47.0},{"not_picked":["Ball Lightning","Gash"],"picked":"Capacitor","floor":48.0},{"not_picked":["All For One","Reboot","Steam+1"],"picked":"SKIP","floor":54}],"player_experience":95436,"relics_obtained":[{"floor":9.0,"key":"DataDisk"},{"floor":11.0,"key":"Bag of Marbles"},{"floor":14.0,"key":"Meat on the Bone"},{"floor":28.0,"key":"Potion Belt"},{"floor":54,"key":"Bronze Scales"}],"event_choices":[{"cards_removed":["Defend_B"],"damage_healed":0.0,"max_hp_gain":0.0,"max_hp_loss":0.0,"gold_gain":0.0,"event_name":"Bonfire Elementals","player_choice":"Offered Basic","floor":4.0,"gold_loss":0.0,"damage_taken":0.0},{"damage_healed":0.0,"max_hp_gain":0.0,"max_hp_loss":0.0,"gold_gain":0.0,"event_name":"Scrap Ooze","player_choice":"Fled","floor":10.0,"gold_loss":0.0,"damage_taken":0.0},{"damage_healed":0.0,"max_hp_gain":0.0,"max_hp_loss":0.0,"gold_gain":30.0,"event_name":"Dead Adventurer","player_choice":"Searched \u00271\u0027 times","floor":13.0,"gold_loss":0.0,"damage_taken":0.0},{"damage_healed":0.0,"max_hp_gain":0.0,"max_hp_loss":0.0,"gold_gain":0.0,"cards_transformed":["Strike_B","Strike_B"],"event_name":"Drug Dealer","player_choice":"Became Test Subject","floor":20.0,"gold_loss":0.0,"damage_taken":0.0,"cards_obtained":["Redo","Barrage"]},{"damage_healed":0.0,"max_hp_gain":0.0,"max_hp_loss":0.0,"gold_gain":100.0,"event_name":"Golden Shrine","player_choice":"Pray","floor":27.0,"gold_loss":0.0,"damage_taken":0.0},{"damage_healed":0.0,"max_hp_gain":0.0,"max_hp_loss":0.0,"gold_gain":0.0,"event_name":"Tomb of Lord Red Mask","player_choice":"Ignored","floor":36.0,"gold_loss":0.0,"damage_taken":0.0},{"damage_healed":0.0,"max_hp_gain":0.0,"max_hp_loss":0.0,"gold_gain":0.0,"event_name":"Mysterious Sphere","player_choice":"Ignored","floor":38.0,"gold_loss":0.0,"damage_taken":0.0}],"is_beta":false,"boss_relics":[{"not_picked":["Lizard Tail","FrozenCore"],"picked":"Cursed Key"},{"not_picked":["Runic Dome","Calling Bell"],"picked":"Coffee Dripper"}],"items_purged_floors":[2,30,39,53],"is_endless":false,"potions_floor_spawned":[11,16,18,21,22,24,29,41,42,45,47],"killed_by":"The Heart","ascension_level":0}