{"path_per_floor":["M","M","?","$","?","R","M","M","T","M","R","$","?","M","R","B",null,"M","$","?","?","$","R","M","E","T","R","M","R","M","M","R","B",null,"M","M","M","M","?","R","$","?","T","R","E","M","M","M","R","B"],"character_chosen":"IRONCLAD","items_purchased":["Omamori","Shrug It Off","Corruption","Pen Nib"],"gold_per_floor":[209,224,224,74,74,74,86,56,56,68,68,17,17,34,34,131,131,148,3,3,3,3,3,22,48,48,48,68,68,83,93,93,190,190,205,222,242,259,259,259,7,7,7,7,42,61,74,87,87,87],"floor_reached":51,"campfire_rested":1,"playtime":2195,"current_hp_per_floor":[80,75,75,75,75,75,80,80,80,72,72,72,60,63,63,38,80,64,64,48,48,48,48,58,25,25,49,61,61,42,50,50,20,80,69,74,68,80,80,80,80,80,80,80,80,80,67,74,74,59],"items_purged":["Regret","Defend_R"],"gold":87,"score":664,"play_id":"969aa5f2-9686-4381-8154-78f10a60c82e","is_prod":false,"is_daily":false,"is_ascension_mode":true,"campfire_upgraded":9,"path_taken":["M","M","?","$","?","R","?","M","T","M","R","?","?","M","R","BOSS","M","$","?","?","?","R","M","E","T","R","M","R","M","M","R","BOSS","M","M","M","M","?","R","$","?","T","R","E","M","M","?","R","BOSS"],"build_version":"2018-02-08-PROD1","purchased_purges":2,"victory":true,"master_deck":["Defend_R","Defend_R","Defend_R","Bash+1","Shrug It Off","Dropkick+1","Sever Soul","Headbutt","Cleave+1","Flame Barrier","Shrug It Off","Flex+1","Offering+1","Warcry+1","Corruption+1","Necronomicurse","Bite","Bite","Bite","Bite","Bite","Spot Weakness+1","Iron Wave","Shrug It Off+1","Carnage+1","Offering+1","Inflame","Warcry+1","Spot Weakness+1","Heavy Blade+1","Shrug It Off+1"],"max_hp_per_floor":[80,80,80,80,80,80,80,80,80,80,80,80,80,80,80,80,80,80,80,80,80,80,80,80,80,80,80,80,80,80,80,80,80,80,80,80,80,80,80,80,80,80,80,80,80,80,80,80,80,80],"relics":["Burning Blood","Omamori","Charon\u0027s Ashes","Art of War","Calling Bell","Self Forming Clay","Unceasing Top","Necronomicon","Letter Opener","Magic Flower","Mark of Pain","Pen Nib","Meat on the Bone","Bottled Lightning"],"card_choices":[{"not_picked":["Clothesline","Headbutt"],"picked":"Shrug It Off"},{"not_picked":["Thunderclap","Fire Breathing"],"picked":"Dropkick"},{"not_picked":["Intimidate","Flex"],"picked":"Headbutt"},{"not_picked":["Armaments","Twin Strike"],"picked":"Cleave"},{"not_picked":["Sword Boomerang","Immolate"],"picked":"Flame Barrier"},{"not_picked":["Havoc","Cleave"],"picked":"Flex"},{"not_picked":["Barricade","Limit Break"],"picked":"Offering"},{"not_picked":["Body Slam","Shrug It Off"],"picked":"Warcry"},{"not_picked":["Clothesline","Second Wind"],"picked":"Spot Weakness"},{"not_picked":["Sword Boomerang","Wild Strike"],"picked":"Iron Wave"},{"not_picked":["Shockwave","Body Slam"],"picked":"Shrug It Off"},{"not_picked":["Perfected Strike","Spot Weakness"],"picked":"Carnage"},{"not_picked":["Bludgeon","Immolate"],"picked":"Offering"},{"not_picked":["Twin Strike","Clash"],"picked":"Inflame"},{"not_picked":["Anger","Wild Strike"],"picked":"Warcry"},{"not_picked":["Burning Pact","Armaments"],"picked":"Spot Weakness"},{"not_picked":["Havoc","Rage"],"picked":"Heavy Blade"},{"not_picked":["Armaments","Rage"],"picked":"Shrug It Off"}],"player_experience":179701,"potions_floor_usage":[33,50,50,50],"damage_taken":[{"damage":0,"enemies":"Small Slimes","floor":1,"turns":3},{"damage":11,"enemies":"Blue Slaver","floor":2,"turns":5},{"damage":1,"enemies":"Cultist","floor":7,"turns":3},{"damage":4,"enemies":"Looter","floor":8,"turns":4},{"damage":14,"enemies":"Red Slaver","floor":10,"turns":2},{"damage":3,"enemies":"Gremlin Gang","floor":14,"turns":3},{"damage":31,"enemies":"The Guardian","floor":16,"turns":9},{"damage":22,"enemies":"Shell Parasite","floor":18,"turns":3},{"damage":4,"enemies":"Spheric Guardian","floor":24,"turns":2},{"damage":47,"enemies":"Gremlin Leader","floor":25,"turns":5},{"damage":6,"enemies":"Snecko","floor":28,"turns":4},{"damage":37,"enemies":"Snake Plant","floor":30,"turns":5},{"damage":13,"enemies":"Centurion and Healer","floor":31,"turns":4},{"damage":88,"enemies":"Automaton","floor":33,"turns":8},{"damage":20,"enemies":"3 Shapes","floor":35,"turns":2},{"damage":10,"enemies":"3 Darklings","floor":36,"turns":2},{"damage":27,"enemies":"Maw","floor":37,"turns":5},{"damage":4,"enemies":"Sphere and 2 Shapes","floor":38,"turns":3},{"damage":1,"enemies":"2 Orb Walkers","floor":45,"turns":3},{"damage":4,"enemies":"4 Shapes","floor":46,"turns":1},{"damage":26,"enemies":"Maw","floor":47,"turns":4},{"damage":8,"enemies":"3 Darklings","floor":48,"turns":3},{"damage":48,"enemies":"Donu and Deca","floor":50,"turns":6}],"event_choices":[{"event_name":"Bonfire Elementals","player_choice":"BASIC","floor":3,"damage_taken":0},{"event_name":"Transmorgrifier","player_choice":"Transform","floor":5,"damage_taken":0},{"event_name":"Scrap Ooze","player_choice":"success","floor":13,"damage_taken":12},{"event_name":"Cursed Tome","player_choice":"Obtained Book","floor":20,"damage_taken":0},{"event_name":"Vampires","player_choice":"Became a vampire (Vial)","floor":21,"damage_taken":0},{"event_name":"Tomb of Lord Red Mask","player_choice":"Ignored","floor":39,"damage_taken":0},{"event_name":"Match and Keep!","player_choice":"0 cards matched","floor":42,"damage_taken":0}],"boss_relics":[{"not_picked":["Ectoplasm","Orrery"],"picked":"Calling Bell"},{"not_picked":["Sozu","Black Star"],"picked":"Mark of Pain"}],"potions_floor_spawned":[7,14,16,28,30,31,45,46],"seed_played":"1141271708406367345","ascension_level":4,"is_trial":false}