{"gold_per_floor":[113,188,188,188,203,203,47,47,47,61,61,236,15,44,44,146,146,162,180,194,194,109,121,133,145,231,342,368,380,412,457,469,584,596,621,644,302,318,318,318,328,347,347,363,380,380,411,427,427,427],"floor_reached":51,"playtime":3227,"items_purged":["Defend_B","Doubt","Creative AI+1"],"score":772,"play_id":"18b71e2e-85f3-4a96-973a-372c39c3c55d","local_time":"20181223130720","is_ascension_mode":false,"campfire_choices":[{"data":"Chill","floor":6.0,"key":"SMITH"},{"data":"Blizzard","floor":8.0,"key":"SMITH"},{"data":"Coolheaded","floor":11.0,"key":"SMITH"},{"floor":15.0,"key":"REST"},{"floor":23.0,"key":"REST"},{"data":"Defragment","floor":25.0,"key":"SMITH"},{"data":"Capacitor","floor":29.0,"key":"SMITH"},{"floor":32.0,"key":"REST"},{"floor":40.0,"key":"REST"},{"floor":46.0,"key":"REST"},{"floor":49,"key":"REST"}],"neow_cost":"NONE","seed_source_timestamp":95680905620888,"circlet_count":0,"master_deck":["Defend_B","Defend_B+1","Zap+1","Dualcast","Chill+1","Coolheaded+1","Blizzard+1","Cold Snap","Capacitor+1","Cold Snap+1","Cold Snap","Defragment+1","Rebound+1","Undo","Stack+1","Ball Lightning+1","Defragment+1","Cold Snap+1","Blizzard+1","Blizzard+1","Cold Snap+1"],"special_seed":0,"relics":["Cracked Core","Anchor","Dream Catcher","Centennial Puzzle","Runic Pyramid","MawBank","Gremlin Horn","Molten Egg 2","Question Card","Astrolabe","Whetstone","Ice Cream","War Paint"],"potions_floor_usage":[47,50],"damage_taken":[{"damage":0.0,"enemies":"Small Slimes","floor":1.0,"turns":3.0},{"damage":0.0,"enemies":"2 Louse","floor":5.0,"turns":2.0},{"damage":0.0,"enemies":"Jaw Worm","floor":10.0,"turns":4.0},{"damage":9.0,"enemies":"Gremlin Nob","floor":14.0,"turns":4.0},{"damage":44.0,"enemies":"Hexaghost","floor":16.0,"turns":16.0},{"damage":12.0,"enemies":"2 Thieves","floor":18.0,"turns":4.0},{"damage":12.0,"enemies":"Spheric Guardian","floor":19.0,"turns":5.0},{"damage":21.0,"enemies":"Snake Plant","floor":20.0,"turns":6.0},{"damage":0.0,"enemies":"Centurion and Healer","floor":28.0,"turns":6.0},{"damage":0.0,"enemies":"Snecko","floor":30.0,"turns":6.0},{"damage":22.0,"enemies":"Slavers","floor":31.0,"turns":5.0},{"damage":26.0,"enemies":"Collector","floor":33.0,"turns":12.0},{"damage":27.0,"enemies":"3 Darklings","floor":35.0,"turns":5.0},{"damage":6.0,"enemies":"Orb Walker","floor":36.0,"turns":5.0},{"damage":6.0,"enemies":"Spire Growth","floor":38.0,"turns":7.0},{"damage":6.0,"enemies":"3 Darklings","floor":41.0,"turns":5.0},{"damage":0.0,"enemies":"Sphere and 2 Shapes","floor":42.0,"turns":5.0},{"damage":3.0,"enemies":"Writhing Mass","floor":44.0,"turns":13.0},{"damage":12.0,"enemies":"Jaw Worm Horde","floor":45.0,"turns":4.0},{"damage":29,"enemies":"Giant Head","floor":47,"turns":12},{"damage":0,"enemies":"3 Darklings","floor":48,"turns":4},{"damage":30,"enemies":"Time Eater","floor":50,"turns":14}],"seed_played":"3496066754395647058","potions_obtained":[{"floor":0.0,"key":"SkillPotion"},{"floor":0.0,"key":"Block Potion"},{"floor":0.0,"key":"Poison Potion"},{"floor":5.0,"key":"Fire Potion"},{"floor":16.0,"key":"Strength Potion"},{"floor":18.0,"key":"Poison Potion"},{"floor":20.0,"key":"FairyPotion"},{"floor":30.0,"key":"Regen Potion"},{"floor":36.0,"key":"Strength Potion"},{"floor":38.0,"key":"SpeedPotion"},{"floor":47,"key":"FearPotion"},{"floor":48,"key":"Regen Potion"}],"is_trial":false,"path_per_floor":["M","?","?","?","M","R","$","R","T","M","R","?","$","E","R","B",null,"M","M","M","?","?","R","T","R","T","?","M","R","M","E","R","B",null,"M","M","$","M","?","R","M","M","T","M","M","R","E","M","R","B",null],"character_chosen":"DEFECT","items_purchased":["Blizzard","Cold Snap","Capacitor","Defragment","Whetstone"],"campfire_rested":6,"item_purchase_floors":[7,13,13,37,37],"current_hp_per_floor":[75,64,69,62,62,62,62,62,62,62,62,62,62,53,77,33,80,68,56,35,35,35,59,59,59,59,59,59,59,59,37,61,50,80,53,47,47,41,41,65,59,59,59,56,44,68,39,39,63,48],"gold":427,"neow_bonus":"THREE_SMALL_POTIONS","is_prod":false,"is_daily":false,"chose_seed":false,"campfire_upgraded":5,"win_rate":0,"timestamp":1545588440,"path_taken":["M","?","?","?","M","R","?","R","T","?","R","?","$","E","R","BOSS","M","M","M","?","?","R","?","R","T","?","M","R","M","E","R","BOSS","M","M","$","M","?","R","?","M","T","M","M","R","E","M","R","BOSS"],"build_version":"2018-12-20","purchased_purges":3,"victory":true,"max_hp_per_floor":[75,75,80,80,80,80,80,80,80,80,80,80,80,80,80,80,80,80,80,80,80,80,80,80,80,80,80,80,80,80,80,80,80,80,80,80,80,80,80,80,80,80,80,80,80,80,80,80,80,80],"card_choices":[{"not_picked":["Steam","Hologram"],"picked":"Chill","floor":1.0},{"not_picked":["Streamline","Go for the Eyes"],"picked":"Coolheaded","floor":5.0},{"not_picked":["Reinforced Body","Ball Lightning","Turbo"],"picked":"SKIP","floor":10.0},{"not_picked":["Go for the Eyes","Streamline","Auto Shields"],"picked":"SKIP","floor":14.0},{"not_picked":["Rebound","Beam Cell"],"picked":"Cold Snap","floor":15.0},{"not_picked":["Turbo","Stack","Steam"],"picked":"SKIP","floor":18.0},{"not_picked":["Ball Lightning","Compile Driver"],"picked":"Cold Snap","floor":19.0},{"not_picked":["Cold Snap","Rebound+1"],"picked":"Defragment","floor":20.0},{"not_picked":["Sweeping Beam+1","Beam Cell+1","Auto Shields"],"picked":"SKIP","floor":28.0},{"not_picked":["Ball Lightning+1","Go for the Eyes+1","Doom and Gloom+1"],"picked":"SKIP","floor":30.0},{"not_picked":["Skim","Biased Cognition","Stack"],"picked":"SKIP","floor":31.0},{"not_picked":["Barrage+1","Redo","Compile Driver+1","Gash+1"],"picked":"SKIP","floor":35.0},{"not_picked":["Self Repair","Conserve Battery+1","Ball Lightning+1","Darkness"],"picked":"SKIP","floor":36.0},{"not_picked":["Sweeping Beam+1","Ball Lightning+1","Steam Power","Barrage+1"],"picked":"SKIP","floor":38.0},{"not_picked":["Ball Lightning+1","Rebound+1","Auto Shields","Leap"],"picked":"SKIP","floor":41.0},{"not_picked":["Aggregate+1","Amplify","White Noise+1"],"picked":"Cold Snap+1","floor":42.0},{"not_picked":["Redo","Hologram+1","Coolheaded"],"picked":"Blizzard+1","floor":44.0},{"not_picked":["Force Field+1","Turbo","Reinforced Body"],"picked":"Blizzard+1","floor":45.0},{"not_picked":["Streamline+1","Gash+1","Stack+1"],"picked":"Cold Snap+1","floor":47},{"not_picked":["Steam","Compile Driver+1","Turbo","Gash+1"],"picked":"SKIP","floor":48}],"player_experience":342743,"relics_obtained":[{"floor":9.0,"key":"Dream Catcher"},{"floor":14.0,"key":"Centennial Puzzle"},{"floor":24.0,"key":"Gremlin Horn"},{"floor":26.0,"key":"Molten Egg 2"},{"floor":31.0,"key":"Question Card"},{"floor":43.0,"key":"Ice Cream"},{"floor":47,"key":"War Paint"}],"event_choices":[{"damage_healed":0.0,"max_hp_gain":0.0,"max_hp_loss":0.0,"gold_gain":75.0,"event_name":"World of Goop","player_choice":"Gather Gold","floor":2.0,"gold_loss":0.0,"damage_taken":11.0},{"damage_healed":0.0,"max_hp_gain":5.0,"max_hp_loss":0.0,"gold_gain":0.0,"event_name":"Big Fish","player_choice":"Donut","floor":3.0,"gold_loss":0.0,"damage_taken":0.0},{"damage_healed":0.0,"max_hp_gain":0.0,"max_hp_loss":0.0,"gold_gain":0.0,"event_name":"Scrap Ooze","player_choice":"Success","floor":4.0,"gold_loss":0.0,"damage_taken":7.0,"relics_obtained":["Anchor"]},{"damage_healed":0.0,"max_hp_gain":0.0,"max_hp_loss":0.0,"gold_gain":175.0,"event_name":"Liars Game","player_choice":"AGREE","floor":12.0,"gold_loss":0.0,"damage_taken":0.0,"cards_obtained":["Doubt"]},{"damage_healed":0.0,"max_hp_gain":0.0,"max_hp_loss":0.0,"gold_gain":0.0,"cards_transformed":["Strike_B","Strike_B"],"event_name":"Drug Dealer","player_choice":"Became Test Subject","floor":21.0,"gold_loss":0.0,"damage_taken":0.0,"cards_obtained":["Rebound","Undo"]},{"damage_healed":0.0,"max_hp_gain":0.0,"max_hp_loss":0.0,"gold_gain":0.0,"event_name":"Addict","player_choice":"Obtained Relic","floor":22.0,"gold_loss":85.0,"damage_taken":0.0,"relics_obtained":["MawBank"]},{"damage_healed":0.0,"max_hp_gain":0.0,"max_hp_loss":0.0,"gold_gain":99.0,"event_name":"Nest","player_choice":"Stole From Cult","floor":27.0,"gold_loss":0.0,"damage_taken":0.0},{"damage_healed":0.0,"max_hp_gain":0.0,"max_hp_loss":0.0,"gold_gain":0.0,"event_name":"Upgrade Shrine","player_choice":"Upgraded","floor":39.0,"gold_loss":0.0,"damage_taken":0.0,"cards_upgraded":["Defragment"]}],"is_beta":false,"boss_relics":[{"not_picked":["Philosopher\u0027s Stone","Coffee Dripper"],"picked":"Runic Pyramid"},{"not_picked":["Fusion Hammer","Calling Bell"],"picked":"Astrolabe"}],"items_purged_floors":[7,13,37],"is_endless":false,"potions_floor_spawned":[5,16,18,20,30,36,38,42,47,48],"ascension_level":0}