{"gold_per_floor":[116,291,291,309,309,370,19,54,125,138,148,181,181,215,215,310,310,320,330,350,79,90,116,116,135,135,147,147,147,147,127,127,127],"floor_reached":33,"playtime":2399,"items_purged":["Strike_R"],"score":537,"play_id":"ddb06a6d-ebfa-40a0-9a3a-5d9edde08cba","local_time":"20190211020714","is_ascension_mode":true,"campfire_choices":[{"data":"Body Slam","floor":13.0,"key":"SMITH"},{"data":"True Grit","floor":15.0,"key":"SMITH"},{"data":"Armaments","floor":24.0,"key":"SMITH"},{"data":"1","floor":28,"key":"LIFT"},{"data":"2","floor":30,"key":"LIFT"},{"data":"3","floor":32,"key":"LIFT"}],"neow_cost":"NONE","seed_source_timestamp":0,"circlet_count":0,"master_deck":["AscendersBane","Strike_R","Strike_R+1","Strike_R","Strike_R","Defend_R+1","Defend_R","Defend_R","Defend_R","Bash","Pommel Strike","Body Slam+1","Iron Wave","True Grit+1","Clash","Metallicize","Shrug It Off","Immolate","Shrug It Off","Reaper","Thunderclap","Body Slam","Headbutt","Feel No Pain","Second Wind","Armaments+1","Body Slam","Offering"],"special_seed":0,"relics":["Burning Blood","NeowsBlessing","Tiny Chest","Thread and Needle","Girya","Red Skull","Strawberry","Philosopher\u0027s Stone","Singing Bowl","Ancient Tea Set"],"potions_floor_usage":[33],"damage_taken":[{"damage":0.0,"enemies":"2 Louse","floor":1.0,"turns":1.0},{"damage":0.0,"enemies":"Jaw Worm","floor":4.0,"turns":1.0},{"damage":0.0,"enemies":"Gremlin Nob","floor":6.0,"turns":1.0},{"damage":34.0,"enemies":"Lagavulin","floor":8.0,"turns":9.0},{"damage":1.0,"enemies":"Small Slimes","floor":10.0,"turns":4.0},{"damage":0.0,"enemies":"Gremlin Gang","floor":11.0,"turns":2.0},{"damage":10.0,"enemies":"3 Sentries","floor":12.0,"turns":9.0},{"damage":15.0,"enemies":"Gremlin Nob","floor":14.0,"turns":4.0},{"damage":11.0,"enemies":"Slime Boss","floor":16.0,"turns":13.0},{"damage":0.0,"enemies":"Chosen","floor":18.0,"turns":4.0},{"damage":35.0,"enemies":"3 Byrds","floor":19.0,"turns":6.0},{"damage":4.0,"enemies":"Shelled Parasite and Fungi","floor":20.0,"turns":5.0},{"damage":8.0,"enemies":"Cultist and Chosen","floor":22.0,"turns":8.0},{"damage":50.0,"enemies":"Gremlin Leader","floor":23.0,"turns":8.0},{"damage":25,"enemies":"Snecko","floor":25,"turns":6},{"damage":5,"enemies":"Centurion and Healer","floor":27,"turns":6},{"damage":46,"enemies":"Champ","floor":33,"turns":10}],"seed_played":"3098866246984217887","potions_obtained":[{"floor":1.0,"key":"Ancient Potion"},{"floor":8.0,"key":"Explosive Potion"},{"floor":12.0,"key":"Ancient Potion"},{"floor":14.0,"key":"FearPotion"},{"floor":18.0,"key":"Block Potion"},{"floor":19.0,"key":"Fruit Juice"},{"floor":27,"key":"SpeedPotion"},{"floor":31,"key":"SneckoOil"}],"is_trial":false,"path_per_floor":["M","?","?","M","?","E","$","E","T","M","M","E","R","E","R","B",null,"M","M","M","$","M","E","R","M","T","M","R","?","R","?","R","B"],"character_chosen":"IRONCLAD","items_purchased":["Thread and Needle","True Grit","Regen Potion","Feel No Pain","Second Wind"],"campfire_rested":0,"item_purchase_floors":[7,7,21,21,21],"current_hp_per_floor":[78,78,62,68,68,74,74,46,46,51,57,53,53,51,51,46,77,83,59,67,67,68,51,51,34,34,49,49,30,30,30,30,0],"gold":127,"neow_bonus":"THREE_ENEMY_KILL","is_prod":false,"is_daily":false,"chose_seed":false,"campfire_upgraded":3,"win_rate":0,"timestamp":1549868834,"path_taken":["M","?","?","M","?","E","$","E","T","M","M","E","R","E","R","BOSS","M","M","M","$","M","E","R","M","T","?","R","?","R","?","R","BOSS"],"build_version":"2019-01-23","purchased_purges":1,"victory":false,"max_hp_per_floor":[80,80,80,80,80,80,80,80,80,80,80,80,80,87,87,87,87,87,92,92,92,92,92,92,94,94,94,94,99,99,99,99,99],"card_choices":[{"not_picked":["Havoc","Twin Strike"],"picked":"Pommel Strike","floor":1.0},{"not_picked":["Warcry","Iron Wave"],"picked":"Body Slam","floor":4.0},{"not_picked":["Sword Boomerang","Thunderclap"],"picked":"Iron Wave","floor":6.0},{"not_picked":["Cleave","Rupture"],"picked":"Clash","floor":8.0},{"not_picked":["Cleave","Twin Strike"],"picked":"Metallicize","floor":10.0},{"not_picked":["Havoc","Twin Strike"],"picked":"Shrug It Off","floor":11.0},{"not_picked":["Shrug It Off","Iron Wave"],"picked":"Immolate","floor":12.0},{"not_picked":["Entrench","Inflame"],"picked":"Shrug It Off","floor":14.0},{"not_picked":["Brutality","Double Tap"],"picked":"Reaper","floor":16.0},{"not_picked":["Intimidate","Body Slam"],"picked":"Thunderclap","floor":18.0},{"not_picked":["Disarm","Dropkick"],"picked":"Body Slam","floor":19.0},{"not_picked":["Iron Wave+1","Havoc"],"picked":"Headbutt","floor":20.0},{"not_picked":["Warcry","Anger"],"picked":"Armaments","floor":22.0},{"not_picked":["Carnage","Clash"],"picked":"Body Slam","floor":23.0},{"not_picked":["Havoc","Cleave","Anger"],"picked":"Singing Bowl","floor":25},{"not_picked":["Rupture","Shrug It Off"],"picked":"Offering","floor":27}],"player_experience":390978,"relics_obtained":[{"floor":6.0,"key":"Tiny Chest"},{"floor":8.0,"key":"Girya"},{"floor":12.0,"key":"Red Skull"},{"floor":14.0,"key":"Strawberry"},{"floor":23.0,"key":"Singing Bowl"},{"floor":26,"key":"Ancient Tea Set"}],"event_choices":[{"damage_healed":0.0,"max_hp_gain":0.0,"max_hp_loss":0.0,"gold_gain":175.0,"event_name":"Liars Game","player_choice":"AGREE","floor":2.0,"gold_loss":0.0,"damage_taken":0.0,"cards_obtained":["Doubt"]},{"damage_healed":0.0,"max_hp_gain":0.0,"max_hp_loss":0.0,"gold_gain":0.0,"event_name":"Shining Light","player_choice":"Entered Light","floor":3.0,"gold_loss":0.0,"damage_taken":16.0,"cards_upgraded":["Strike_R","Defend_R"]},{"cards_removed":["Doubt"],"damage_healed":0.0,"max_hp_gain":0.0,"max_hp_loss":0.0,"gold_gain":0.0,"event_name":"Purifier","player_choice":"Purged","floor":5.0,"gold_loss":0.0,"damage_taken":0.0},{"damage_healed":0,"gold_gain":0,"player_choice":"Shed Blood","damage_taken":24,"max_hp_gain":5,"max_hp_loss":0,"event_name":"Forgotten Altar","floor":29,"gold_loss":0},{"damage_healed":0,"gold_gain":0,"player_choice":"Bought 1 Potion","damage_taken":0,"max_hp_gain":0,"max_hp_loss":0,"event_name":"The Woman in Blue","floor":31,"gold_loss":0}],"is_beta":false,"boss_relics":[{"not_picked":["Lizard Tail","Black Blood"],"picked":"Philosopher\u0027s Stone"}],"items_purged_floors":[21],"is_endless":false,"potions_floor_spawned":[1,8,12,14,18,19,27],"killed_by":"Champ","ascension_level":12}