{"gold_per_floor":[218,218,238,254,179,179,189,219,246,86,86,106,141,141,141,213,213,233,253,253],"floor_reached":20,"playtime":920,"items_purged":["Strike_B"],"score":359,"play_id":"8ad88404-7583-431a-8be9-bbe9590bdcb4","local_time":"20190120193432","is_ascension_mode":true,"campfire_choices":[{"data":"Loop","floor":6,"key":"SMITH"},{"floor":11,"key":"REST"},{"data":"Creative AI","floor":15,"key":"SMITH"}],"neow_cost":"NONE","seed_source_timestamp":1008540110547007,"circlet_count":0,"master_deck":["AscendersBane","Strike_B","Strike_B","Defend_B","Defend_B","Defend_B","Defend_B","Zap","Dualcast","Loop+1","Go for the Eyes","Lockon","Undo","Creative AI+1","Self Repair","Recycle","Amplify","Coolheaded","BootSequence"],"relics":["Cracked Core","Happy Flower","Ancient Tea Set","Bag of Preparation","White Beast Statue"],"potions_floor_usage":[8,13,16,19,19,20],"damage_taken":[{"damage":2,"enemies":"Jaw Worm","floor":1,"turns":3},{"damage":1,"enemies":"Small Slimes","floor":3,"turns":4},{"damage":0,"enemies":"2 Louse","floor":4,"turns":3},{"damage":1,"enemies":"Looter","floor":7,"turns":2},{"damage":32,"enemies":"Gremlin Nob","floor":8,"turns":4},{"damage":8,"enemies":"Large Slime","floor":12,"turns":6},{"damage":28,"enemies":"Lagavulin","floor":13,"turns":10},{"damage":29,"enemies":"Slime Boss","floor":16,"turns":10},{"damage":42,"enemies":"Spheric Guardian","floor":18,"turns":6},{"damage":25,"enemies":"Chosen","floor":19,"turns":5},{"damage":22,"enemies":"Masked Bandits","floor":20,"turns":2}],"seed_played":"6091223672828061018","potions_obtained":[{"floor":3,"key":"SkillPotion"},{"floor":4,"key":"Block Potion"},{"floor":12,"key":"SkillPotion"},{"floor":16,"key":"FearPotion"},{"floor":18,"key":"AttackPotion"},{"floor":19,"key":"Swift Potion"}],"is_trial":false,"path_per_floor":["M","?","M","M","?","R","M","E","T","$","R","M","E","?","R","B",null,"M","M","?"],"character_chosen":"DEFECT","items_purchased":["Self Repair"],"campfire_rested":1,"item_purchase_floors":[10],"current_hp_per_floor":[62,62,61,61,61,61,60,28,28,28,49,48,27,50,50,28,60,32,21,0],"gold":253,"neow_bonus":"HUNDRED_GOLD","is_prod":false,"is_daily":false,"chose_seed":false,"campfire_upgraded":2,"win_rate":0,"timestamp":1548030872,"path_taken":["M","?","M","M","?","R","M","E","T","$","R","M","E","?","R","BOSS","M","M","?"],"build_version":"2019-01-19","purchased_purges":1,"victory":false,"max_hp_per_floor":[71,71,71,71,71,71,71,71,71,71,71,71,71,71,71,71,71,71,71,71],"card_choices":[{"not_picked":["Cold Snap","Glacier"],"picked":"Loop","floor":1},{"not_picked":["Steam","Streamline"],"picked":"Go for the Eyes","floor":3},{"not_picked":["Go for the Eyes","Cold Snap"],"picked":"Lockon","floor":4},{"not_picked":["Sweeping Beam","Turbo"],"picked":"Undo","floor":7},{"not_picked":["Darkness","Reboot"],"picked":"Creative AI","floor":8},{"not_picked":["Redo","Sweeping Beam","Stack"],"picked":"SKIP","floor":12},{"not_picked":["Steam Power","Sweeping Beam"],"picked":"Recycle","floor":13},{"not_picked":["Creative AI","Meteor Strike"],"picked":"Amplify","floor":16},{"not_picked":["Fusion","Stack"],"picked":"Coolheaded","floor":18},{"not_picked":["Conserve Battery","Stack"],"picked":"BootSequence","floor":19}],"player_experience":469771,"relics_obtained":[{"floor":8,"key":"Happy Flower"},{"floor":9,"key":"Ancient Tea Set"},{"floor":13,"key":"Bag of Preparation"}],"event_choices":[{"damage_healed":0,"gold_gain":0,"player_choice":"Ignored","damage_taken":0,"max_hp_gain":0,"max_hp_loss":0,"event_name":"Golden Idol","floor":2,"gold_loss":0},{"cards_removed":["Strike_B"],"damage_healed":0,"gold_gain":0,"player_choice":"Card Removal","damage_taken":0,"max_hp_gain":0,"max_hp_loss":0,"event_name":"The Cleric","floor":5,"gold_loss":75},{"damage_healed":23,"gold_gain":0,"player_choice":"Banana","damage_taken":0,"max_hp_gain":0,"max_hp_loss":0,"event_name":"Big Fish","floor":14,"gold_loss":0},{"damage_healed":0,"gold_gain":0,"player_choice":"Fought Bandits","damage_taken":0,"max_hp_gain":0,"max_hp_loss":0,"event_name":"Masked Bandits","floor":20,"gold_loss":0}],"is_beta":true,"boss_relics":[{"not_picked":["Calling Bell","Velvet Choker"],"picked":"White Beast Statue"}],"items_purged_floors":[10],"is_endless":false,"potions_floor_spawned":[3,4,12,16,18,19],"killed_by":"Masked Bandits","ascension_level":19}