{"gold_per_floor":[109,109,124,134,134,134,152,192,219,258,258,273,294,307,307,307],"floor_reached":16,"playtime":850,"items_purged":[],"score":114,"play_id":"f4abf86f-9e2f-43dc-a3f1-3a982a34d42e","local_time":"20181212205203","is_ascension_mode":false,"campfire_choices":[{"data":"Blade Dance","floor":6,"key":"SMITH"},{"floor":11,"key":"REST"},{"floor":15,"key":"REST"}],"neow_cost":"NONE","seed_source_timestamp":0,"circlet_count":0,"master_deck":["Defend_G+1","Defend_G","Defend_G","Defend_G","Defend_G","Strike_G","Strike_G","Strike_G","Strike_G","Strike_G","Survivor","Neutralize","Poisoned Stab","Blade Dance","Deflect","Blade Dance+1","PiercingWail","PiercingWail+1","Poisoned Stab","Cloak And Dagger","Blur"],"special_seed":0,"relics":["Ring of the Snake","Golden Idol","Juzu Bracelet","Blood Vial","War Paint"],"potions_floor_usage":[8,10,13],"damage_taken":[{"damage":0,"enemies":"2 Louse","floor":1,"turns":3},{"damage":1,"enemies":"Cultist","floor":3,"turns":3},{"damage":0,"enemies":"Jaw Worm","floor":4,"turns":4},{"damage":4,"enemies":"Looter","floor":7,"turns":4},{"damage":27,"enemies":"Lagavulin","floor":8,"turns":10},{"damage":12,"enemies":"3 Sentries","floor":10,"turns":9},{"damage":11,"enemies":"Large Slime","floor":12,"turns":8},{"damage":6,"enemies":"2 Fungi Beasts","floor":13,"turns":3},{"damage":4,"enemies":"Blue Slaver","floor":14,"turns":4},{"damage":31,"enemies":"Hexaghost","floor":16,"turns":10}],"seed_played":"-188576199853096255","potions_obtained":[{"floor":3,"key":"EssenceOfSteel"},{"floor":4,"key":"Dexterity Potion"},{"floor":8,"key":"Fire Potion"},{"floor":13,"key":"Ancient Potion"}],"is_trial":false,"path_per_floor":["M","?","M","M","?","R","M","E","T","E","R","M","M","M","R","B"],"character_chosen":"THE_SILENT","items_purchased":[],"campfire_rested":2,"item_purchase_floors":[],"current_hp_per_floor":[70,70,69,69,52,52,48,21,21,11,32,23,19,17,38,9],"gold":307,"neow_bonus":"THREE_CARDS","is_prod":false,"is_daily":false,"chose_seed":false,"campfire_upgraded":1,"win_rate":0.0,"timestamp":1544665923,"path_taken":["M","?","?","?","?","R","M","E","T","E","R","M","M","M","R","BOSS"],"build_version":"2018-12-06","purchased_purges":0,"victory":false,"max_hp_per_floor":[70,70,70,70,70,70,70,70,70,70,70,70,70,70,70,70],"card_choices":[{"not_picked":["Backflip","Quick Slash"],"picked":"Poisoned Stab","floor":0.0},{"not_picked":["Dagger Throw","Heel Hook"],"picked":"Blade Dance","floor":1},{"not_picked":["Quick Slash","Prepared"],"picked":"Deflect","floor":3},{"not_picked":["Deflect","Outmaneuver"],"picked":"Blade Dance","floor":4},{"not_picked":["Choke","Underhanded Strike"],"picked":"PiercingWail","floor":7},{"not_picked":["Flechettes","Doppelganger"],"picked":"PiercingWail","floor":8},{"not_picked":["Acrobatics","Underhanded Strike"],"picked":"Poisoned Stab","floor":10},{"not_picked":["Backstab","Riddle With Holes"],"picked":"Cloak And Dagger","floor":12},{"not_picked":["Leg Sweep","Skewer","Slice"],"picked":"SKIP","floor":13},{"not_picked":["Well Laid Plans","Doppelganger"],"picked":"Blur","floor":14}],"player_experience":266817,"relics_obtained":[{"floor":8,"key":"Juzu Bracelet"},{"floor":9,"key":"Blood Vial"},{"floor":10,"key":"War Paint"}],"event_choices":[{"damage_healed":0,"gold_gain":0,"player_choice":"Ignored","damage_taken":0,"max_hp_gain":0,"max_hp_loss":0,"event_name":"NoteForYourself","floor":2,"gold_loss":0},{"damage_healed":0,"gold_gain":0,"player_choice":"Take Damage","damage_taken":17,"relics_obtained":["Golden Idol"],"max_hp_gain":0,"max_hp_loss":0,"event_name":"Golden Idol","floor":5,"gold_loss":0}],"is_beta":false,"boss_relics":[],"items_purged_floors":[],"is_endless":false,"potions_floor_spawned":[3,4,8,13],"killed_by":"Hexaghost","ascension_level":0}