{"gold_per_floor":[110,130,130,148,148,148,188,188,239,314,38,52,92,92,92,217,217,242,242,266,284,383,383],"floor_reached":23,"playtime":870,"items_purged":["Strike_B"],"score":229,"play_id":"61b366c2-74c4-476b-912f-320299b0ab45","local_time":"20190227094601","is_ascension_mode":true,"campfire_choices":[{"data":"Conserve Battery","floor":6.0,"key":"SMITH"},{"data":"Blizzard","floor":8.0,"key":"SMITH"},{"data":"Cold Snap","floor":15.0,"key":"SMITH"}],"neow_cost":"NONE","seed_source_timestamp":0,"circlet_count":0,"master_deck":["Defend_B","Defend_B","Defend_B","Defend_B","Zap","Dualcast","Conserve Battery+1","Cold Snap+1","Rainbow","Cold Snap+1","Blizzard+1","Blizzard+1","Blizzard+1","Double Energy","Seek","Fusion+1","Chill","Seek","Stack+1"],"special_seed":0,"relics":["Cracked Core","NeowsBlessing","Golden Idol","Art of War","Vajra","DollysMirror","Whetstone","Bottled Flame","Philosopher\u0027s Stone"],"potions_floor_usage":[],"damage_taken":[{"damage":0.0,"enemies":"Jaw Worm","floor":1.0,"turns":1.0},{"damage":0.0,"enemies":"Cultist","floor":2.0,"turns":1.0},{"damage":0.0,"enemies":"2 Louse","floor":4.0,"turns":1.0},{"damage":11.0,"enemies":"Gremlin Nob","floor":7.0,"turns":4.0},{"damage":0.0,"enemies":"Large Slime","floor":12.0,"turns":4.0},{"damage":7.0,"enemies":"3 Sentries","floor":13.0,"turns":6.0},{"damage":21.0,"enemies":"Hexaghost","floor":16.0,"turns":12.0},{"damage":19.0,"enemies":"3 Byrds","floor":18.0,"turns":4.0},{"damage":22.0,"enemies":"Chosen","floor":20.0,"turns":6.0},{"damage":3.0,"enemies":"Centurion and Healer","floor":21.0,"turns":5.0},{"damage":32,"enemies":"Gremlin Leader","floor":23,"turns":4}],"seed_played":"1951491597388883934","potions_obtained":[{"floor":2.0,"key":"FocusPotion"},{"floor":7.0,"key":"SteroidPotion"},{"floor":12.0,"key":"Block Potion"}],"is_trial":false,"path_per_floor":["M","M","?","M","?","R","E","R","T","?","$","M","E","T","R","B",null,"M","?","M","M","?","E"],"character_chosen":"DEFECT","items_purchased":["DollysMirror"],"campfire_rested":0,"item_purchase_floors":[11],"current_hp_per_floor":[75,75,75,75,57,57,46,46,46,35,35,35,28,28,28,7,75,56,56,34,31,31,0],"gold":383,"neow_bonus":"THREE_ENEMY_KILL","is_prod":false,"is_daily":false,"chose_seed":false,"campfire_upgraded":3,"win_rate":0,"timestamp":1551249961,"path_taken":["M","M","?","?","?","R","E","R","T","?","$","M","E","?","R","BOSS","M","?","M","M","?","E"],"build_version":"2019-01-23","purchased_purges":1,"victory":false,"max_hp_per_floor":[75,75,75,75,75,75,75,75,75,75,75,75,75,75,75,75,75,75,75,75,75,75,75],"card_choices":[{"not_picked":["Stack","Cold Snap"],"picked":"Conserve Battery","floor":1.0},{"not_picked":["Go for the Eyes","Scrape"],"picked":"Cold Snap","floor":2.0},{"not_picked":["Double Energy","Sweeping Beam"],"picked":"Cold Snap","floor":4.0},{"not_picked":["Amplify","Sweeping Beam"],"picked":"Blizzard","floor":7.0},{"not_picked":["Gash","Conserve Battery"],"picked":"Blizzard","floor":12.0},{"not_picked":["Heatsinks","Tempest"],"picked":"Double Energy","floor":13.0},{"not_picked":["Amplify","All For One"],"picked":"Seek","floor":16.0},{"not_picked":["Ball Lightning","Storm+1"],"picked":"Fusion+1","floor":18.0},{"not_picked":["Hello World","Cold Snap"],"picked":"Stack+1","floor":20.0},{"not_picked":["Storm","Ball Lightning","Aggregate"],"picked":"SKIP","floor":21.0}],"player_experience":355035,"relics_obtained":[{"floor":7.0,"key":"Art of War"},{"floor":9.0,"key":"Vajra"},{"floor":13.0,"key":"Whetstone"},{"floor":14.0,"key":"Bottled Flame"}],"event_choices":[{"damage_healed":0.0,"max_hp_gain":0.0,"max_hp_loss":0.0,"gold_gain":0.0,"cards_transformed":["Strike_B"],"event_name":"Transmorgrifier","player_choice":"Transformed","floor":3.0,"gold_loss":0.0,"damage_taken":0.0,"cards_obtained":["Rainbow"]},{"damage_healed":0.0,"max_hp_gain":0.0,"max_hp_loss":0.0,"gold_gain":0.0,"event_name":"Golden Idol","player_choice":"Take Damage","floor":5.0,"gold_loss":0.0,"damage_taken":18.0,"relics_obtained":["Golden Idol"]},{"damage_healed":0.0,"max_hp_gain":0.0,"max_hp_loss":0.0,"gold_gain":75.0,"event_name":"World of Goop","player_choice":"Gather Gold","floor":10.0,"gold_loss":0.0,"damage_taken":11.0},{"damage_healed":0.0,"max_hp_gain":0.0,"max_hp_loss":0.0,"gold_gain":0.0,"cards_transformed":["Strike_B","Strike_B"],"event_name":"Drug Dealer","player_choice":"Became Test Subject","floor":19.0,"gold_loss":0.0,"damage_taken":0.0,"cards_obtained":["Chill","Seek"]},{"damage_healed":0.0,"max_hp_gain":0.0,"max_hp_loss":0.0,"gold_gain":99.0,"event_name":"Nest","player_choice":"Stole From Cult","floor":22.0,"gold_loss":0.0,"damage_taken":0.0}],"is_beta":false,"boss_relics":[{"not_picked":["Inserter","Orrery"],"picked":"Philosopher\u0027s Stone"}],"items_purged_floors":[11],"is_endless":false,"potions_floor_spawned":[2,7,12],"killed_by":"Gremlin Leader","ascension_level":3}