{"gold_per_floor":[116,133,133,152,168,200,200,200],"floor_reached":8,"playtime":614,"items_purged":[],"score":75,"play_id":"c28e3a7e-9642-4b23-8806-0dab3f15eaf3","local_time":"20190120152004","is_ascension_mode":true,"campfire_choices":[{"data":"True Grit","floor":7,"key":"SMITH"}],"neow_cost":"NONE","seed_source_timestamp":860315128013100,"circlet_count":0,"master_deck":["Strike_R","Strike_R","Strike_R","Strike_R","Strike_R","Defend_R","Defend_R","Defend_R","Defend_R","Bash","Reaper","Feel No Pain","Evolve","Burning Pact","True Grit+1"],"relics":["Burning Blood","Bag of Marbles","Oddly Smooth Stone"],"potions_floor_usage":[2,5,5,8],"damage_taken":[{"damage":10,"enemies":"Cultist","floor":1,"turns":5},{"damage":12,"enemies":"Small Slimes","floor":2,"turns":4},{"damage":15,"enemies":"Jaw Worm","floor":4,"turns":6},{"damage":9,"enemies":"Large Slime","floor":5,"turns":7},{"damage":60,"enemies":"Gremlin Nob","floor":6,"turns":6},{"damage":53,"enemies":"Lagavulin","floor":8,"turns":11}],"seed_played":"3922664350759772220","potions_obtained":[{"floor":0,"key":"SmokeBomb"},{"floor":0,"key":"FairyPotion"},{"floor":0,"key":"SteroidPotion"},{"floor":2,"key":"Fire Potion"},{"floor":4,"key":"PowerPotion"},{"floor":6,"key":"EssenceOfSteel"}],"is_trial":false,"path_per_floor":["M","M","?","M","M","E","R","E"],"character_chosen":"IRONCLAD","items_purchased":[],"campfire_rested":0,"item_purchase_floors":[],"current_hp_per_floor":[68,74,71,68,71,23,23,0],"gold":200,"neow_bonus":"THREE_SMALL_POTIONS","is_prod":false,"is_daily":false,"chose_seed":false,"campfire_upgraded":1,"win_rate":0,"timestamp":1548026404,"path_taken":["M","M","?","M","M","E","R","E"],"build_version":"2019-01-17v2","purchased_purges":0,"victory":false,"max_hp_per_floor":[80,80,80,80,80,80,80,80],"card_choices":[{"not_picked":["Havoc","Iron Wave"],"picked":"Reaper","floor":1},{"not_picked":["Armaments","Twin Strike"],"picked":"Feel No Pain","floor":2},{"not_picked":["Anger","True Grit"],"picked":"Evolve","floor":4},{"not_picked":["Dual Wield","Clothesline"],"picked":"Burning Pact","floor":5},{"not_picked":["Heavy Blade","Clothesline"],"picked":"True Grit","floor":6}],"player_experience":568478,"relics_obtained":[{"floor":6,"key":"Oddly Smooth Stone"}],"event_choices":[{"damage_healed":0,"gold_gain":0,"player_choice":"Success","damage_taken":3,"relics_obtained":["Bag of Marbles"],"max_hp_gain":0,"max_hp_loss":0,"event_name":"Scrap Ooze","floor":3,"gold_loss":0}],"is_beta":false,"boss_relics":[],"items_purged_floors":[],"is_endless":false,"potions_floor_spawned":[2,4,6],"killed_by":"Lagavulin","ascension_level":6}