{"gold_per_floor":[118,118,68,88,88,122,138,171,197,216,242,4,4,29,29,128,128,139,150,150,160,70,99,111,111,111,127,157,196,208,251,263,379,391,421,450,462,474,586,598,645,657,719,953,298,329,38,53,53,53,53,53,5,31,31],"floor_reached":55,"playtime":3858,"items_purged":["Strike_B","Strike_B","Defend_B"],"score":1249,"play_id":"28f61474-065a-4182-b79e-81e5376de521","local_time":"20190129210618","is_ascension_mode":true,"campfire_choices":[{"data":"Dualcast","floor":13.0,"key":"SMITH"},{"floor":15.0,"key":"RECALL"},{"floor":25.0,"key":"REST"},{"data":"Chill","floor":32.0,"key":"SMITH"},{"data":"Redo","floor":40.0,"key":"SMITH"},{"data":"Go for the Eyes","floor":42.0,"key":"SMITH"},{"data":"Fission","floor":49.0,"key":"SMITH"},{"data":"Skim","floor":52.0,"key":"SMITH"}],"neow_cost":"NONE","seed_source_timestamp":487579230845165,"circlet_count":0,"master_deck":["Strike_B+1","Defend_B+1","Defend_B","Zap+1","Dualcast+1","Ball Lightning","Scrape","Rainbow+1","Glacier","Leap","FTL","Gash","All For One","BootSequence","Seek","Beam Cell","Conserve Battery+1","Glacier","Thunder Strike","Stack","Good Instincts","Hello World+1","All For One","Gash","Undo","Chill+1","Seek","Seek","Leap","Go for the Eyes+1","Redo+1","Skim+1","Gash","Leap","Fission+1","Capacitor","Swift Strike","Cold Snap+1","Fusion+1"],"special_seed":0,"relics":["Cracked Core","Vajra","Pen Nib","Orichalcum","War Paint","Mercury Hourglass","Anchor","Nuclear Battery","FossilizedHelix","MawBank","Red Mask","Ginger","Philosopher\u0027s Stone","Thread and Needle","Art of War","Potion Belt","Medical Kit","Meat on the Bone","Lantern","Bag of Marbles"],"potions_floor_usage":[55,55,55],"damage_taken":[{"damage":0.0,"enemies":"Small Slimes","floor":1.0,"turns":2.0},{"damage":0.0,"enemies":"2 Louse","floor":4.0,"turns":2.0},{"damage":22.0,"enemies":"Lagavulin","floor":6.0,"turns":6.0},{"damage":0.0,"enemies":"Cultist","floor":7.0,"turns":3.0},{"damage":7.0,"enemies":"Gremlin Nob","floor":8.0,"turns":3.0},{"damage":3.0,"enemies":"Looter","floor":10.0,"turns":2.0},{"damage":3.0,"enemies":"Lagavulin","floor":11.0,"turns":6.0},{"damage":3.0,"enemies":"3 Sentries","floor":14.0,"turns":3.0},{"damage":0.0,"enemies":"Slime Boss","floor":16.0,"turns":5.0},{"damage":0.0,"enemies":"3 Byrds","floor":18.0,"turns":3.0},{"damage":0.0,"enemies":"2 Thieves","floor":19.0,"turns":3.0},{"damage":7.0,"enemies":"Centurion and Healer","floor":21.0,"turns":5.0},{"damage":23.0,"enemies":"Gremlin Leader","floor":23.0,"turns":5.0},{"damage":0.0,"enemies":"Snake Plant","floor":24.0,"turns":4.0},{"damage":0.0,"enemies":"Snecko","floor":27.0,"turns":4.0},{"damage":0.0,"enemies":"Book of Stabbing","floor":28.0,"turns":4.0},{"damage":0.0,"enemies":"Masked Bandits","floor":29.0,"turns":3.0},{"damage":0.0,"enemies":"Gremlin Leader","floor":31.0,"turns":5.0},{"damage":6.0,"enemies":"Champ","floor":33.0,"turns":8.0},{"damage":0.0,"enemies":"3 Darklings","floor":35.0,"turns":6.0},{"damage":0.0,"enemies":"3 Shapes","floor":36.0,"turns":4.0},{"damage":0.0,"enemies":"Mind Bloom Boss Battle","floor":39.0,"turns":6.0},{"damage":0.0,"enemies":"Giant Head","floor":41.0,"turns":7.0},{"damage":0.0,"enemies":"Reptomancer","floor":46.0,"turns":3.0},{"damage":0.0,"enemies":"Transient","floor":48.0,"turns":5.0},{"damage":21.0,"enemies":"Awakened One","floor":50.0,"turns":13.0},{"damage":0.0,"enemies":"Shield and Spear","floor":54.0,"turns":5.0},{"damage":71,"enemies":"The Heart","floor":55,"turns":6}],"seed_played":"887275525237711689","potions_obtained":[{"floor":6.0,"key":"Strength Potion"},{"floor":7.0,"key":"Poison Potion"},{"floor":10.0,"key":"LiquidBronze"},{"floor":14.0,"key":"Strength Potion"},{"floor":21.0,"key":"Poison Potion"},{"floor":23.0,"key":"Strength Potion"},{"floor":24.0,"key":"Explosive Potion"},{"floor":28.0,"key":"Energy Potion"},{"floor":29.0,"key":"Explosive Potion"},{"floor":39.0,"key":"AttackPotion"}],"is_trial":false,"path_per_floor":["M","?","?","M","?","E","M","E","T","M","E","$","R","E","R","B",null,"M","M","?","M","$","E","M","R","T","M","E","?","$","E","R","B",null,"M","M","?","?","?","R","E","R","T","?","$","E","$","M","R","B",null,"R","$","E","B"],"character_chosen":"DEFECT","items_purchased":["All For One","Good Instincts","Medical Kit","SteroidPotion","Gash","Meat on the Bone","Leap","Capacitor","Swift Strike","Energy Potion"],"campfire_rested":1,"item_purchase_floors":[12,22,45,45,45,45,45,47,47,53],"current_hp_per_floor":[82,79,79,79,63,41,41,34,34,31,28,28,28,25,25,25,68,68,68,68,61,61,38,38,62,62,62,62,62,62,62,62,56,76,76,76,76,76,76,76,76,76,76,76,76,76,76,76,76,55,72,72,72,72,1],"gold":31,"neow_bonus":"TEN_PERCENT_HP_BONUS","is_prod":false,"is_daily":false,"chose_seed":false,"campfire_upgraded":6,"win_rate":0,"timestamp":1548813978,"path_taken":["M","?","?","M","?","E","M","E","T","M","E","$","R","E","R","BOSS","M","M","?","M","?","E","M","R","T","M","E","?","$","E","R","BOSS","M","M","?","?","?","R","E","R","T","?","$","E","$","M","R","BOSS","R","$","E","BOSS"],"build_version":"2019-01-23","purchased_purges":3,"victory":false,"max_hp_per_floor":[82,82,82,82,82,82,82,82,82,82,82,82,82,82,82,82,82,82,82,82,82,82,82,82,82,82,82,82,82,82,82,82,82,82,82,82,82,78,78,78,78,78,78,78,78,78,78,78,78,78,78,78,78,78,78],"card_choices":[{"not_picked":["Streamline","Scrape"],"picked":"Ball Lightning","floor":1.0},{"not_picked":["Static Discharge","Redo"],"picked":"Scrape","floor":4.0},{"not_picked":["Creative AI","Storm"],"picked":"Rainbow","floor":6.0},{"not_picked":["Lockon","Steam"],"picked":"Glacier","floor":7.0},{"not_picked":["Compile Driver","Stack"],"picked":"Leap","floor":8.0},{"not_picked":["Gash","White Noise"],"picked":"FTL","floor":10.0},{"not_picked":["Ball Lightning","Redo"],"picked":"Gash","floor":11.0},{"not_picked":["Cold Snap","Conserve Battery"],"picked":"BootSequence","floor":14.0},{"not_picked":["Core Surge","Amplify"],"picked":"Seek","floor":16.0},{"not_picked":["Rebound+1","Stack"],"picked":"Beam Cell","floor":18.0},{"not_picked":["Sunder","Cold Snap"],"picked":"Conserve Battery+1","floor":19.0},{"not_picked":["Sweeping Beam","Barrage"],"picked":"Stack","floor":21.0},{"not_picked":["Turbo+1","Sweeping Beam"],"picked":"Hello World+1","floor":23.0},{"not_picked":["Beam Cell","BootSequence+1"],"picked":"All For One","floor":24.0},{"not_picked":["Double Energy","Redo"],"picked":"Gash","floor":27.0},{"not_picked":["Turbo","Ball Lightning+1"],"picked":"Undo","floor":28.0},{"not_picked":["Stack","Rebound+1"],"picked":"Chill","floor":29.0},{"not_picked":["Melter+1","Rip and Tear+1"],"picked":"Seek","floor":31.0},{"not_picked":["Hyperbeam","Fission"],"picked":"Seek","floor":33.0},{"not_picked":["Rebound","Sunder+1"],"picked":"Leap","floor":35.0},{"not_picked":["Sunder+1","Aggregate"],"picked":"Go for the Eyes","floor":36.0},{"not_picked":["Ball Lightning","Beam Cell"],"picked":"Redo","floor":39.0},{"not_picked":["Melter","Glacier"],"picked":"Skim","floor":41.0},{"not_picked":["Ball Lightning","Rebound"],"picked":"Fission","floor":46.0},{"not_picked":["Barrage+1","Storm+1"],"picked":"Cold Snap+1","floor":48.0},{"not_picked":["Ball Lightning","Steam+1"],"picked":"Fusion+1","floor":54.0}],"player_experience":237286,"relics_obtained":[{"floor":6.0,"key":"Pen Nib"},{"floor":8.0,"key":"Orichalcum"},{"floor":9.0,"key":"War Paint"},{"floor":11.0,"key":"Mercury Hourglass"},{"floor":14.0,"key":"Anchor"},{"floor":23.0,"key":"FossilizedHelix"},{"floor":28.0,"key":"MawBank"},{"floor":29.0,"key":"Red Mask"},{"floor":31.0,"key":"Ginger"},{"floor":39.0,"key":"Thread and Needle"},{"floor":41.0,"key":"Art of War"},{"floor":43.0,"key":"Potion Belt"},{"floor":46.0,"key":"Lantern"},{"floor":54.0,"key":"Bag of Marbles"}],"event_choices":[{"damage_healed":0.0,"max_hp_gain":0.0,"max_hp_loss":0.0,"gold_gain":0.0,"event_name":"Scrap Ooze","player_choice":"Success","floor":2.0,"gold_loss":0.0,"damage_taken":3.0,"relics_obtained":["Vajra"]},{"cards_removed":["Strike_B"],"damage_healed":0.0,"max_hp_gain":0.0,"max_hp_loss":0.0,"gold_gain":0.0,"event_name":"The Cleric","player_choice":"Card Removal","floor":3.0,"gold_loss":50.0,"damage_taken":0.0},{"damage_healed":0.0,"max_hp_gain":0.0,"max_hp_loss":0.0,"gold_gain":0.0,"event_name":"Shining Light","player_choice":"Entered Light","floor":5.0,"gold_loss":0.0,"damage_taken":16.0,"cards_upgraded":["Defend_B","Strike_B"]},{"damage_healed":0.0,"max_hp_gain":0.0,"max_hp_loss":0.0,"gold_gain":0.0,"event_name":"Match and Keep!","player_choice":"2 cards matched","floor":20.0,"gold_loss":0.0,"damage_taken":0.0,"cards_obtained":["Glacier","Thunder Strike"]},{"damage_healed":0.0,"max_hp_gain":0.0,"max_hp_loss":0.0,"gold_gain":0.0,"event_name":"Masked Bandits","player_choice":"Fought Bandits","floor":29.0,"gold_loss":0.0,"damage_taken":0.0},{"cards_removed":["Defend_B"],"damage_healed":0.0,"max_hp_gain":0.0,"max_hp_loss":0.0,"gold_gain":0.0,"event_name":"Falling","player_choice":"Removed Skill","floor":37.0,"gold_loss":0.0,"damage_taken":0.0},{"damage_healed":0.0,"max_hp_gain":0.0,"max_hp_loss":4.0,"gold_gain":0.0,"event_name":"Winding Halls","player_choice":"Max HP","floor":38.0,"gold_loss":0.0,"damage_taken":0.0},{"damage_healed":0.0,"max_hp_gain":0.0,"max_hp_loss":0.0,"gold_gain":0.0,"event_name":"MindBloom","player_choice":"Fight","floor":39.0,"gold_loss":0.0,"damage_taken":0.0},{"damage_healed":0.0,"max_hp_gain":0.0,"max_hp_loss":0.0,"gold_gain":222.0,"event_name":"Tomb of Lord Red Mask","player_choice":"Wore Mask","floor":44.0,"gold_loss":0.0,"damage_taken":0.0}],"is_beta":false,"boss_relics":[{"not_picked":["Velvet Choker","Tiny House"],"picked":"Nuclear Battery"},{"not_picked":["Snecko Eye","Fusion Hammer"],"picked":"Philosopher\u0027s Stone"}],"items_purged_floors":[12,45,47],"is_endless":false,"potions_floor_spawned":[6,7,10,14,21,23,24,28,29,39],"killed_by":"The Heart","ascension_level":5}