{"gold_per_floor":[116,116,134,153,103,103,135,135,135,153,166,166,166,227,227,325,325,341,266,266,280,290,290,304,337,337,337,337,357,388,400,400,500,500,511,528,547,547],"floor_reached":38,"playtime":5751,"items_purged":["Strike_G"],"score":567,"play_id":"24482e86-45cd-4af4-838f-c0e3c995734d","local_time":"20190306085519","is_ascension_mode":true,"campfire_choices":[{"data":"Neutralize","floor":6.0,"key":"SMITH"},{"data":"Cloak And Dagger","floor":12.0,"key":"SMITH"},{"floor":15.0,"key":"REST"},{"data":"Accuracy","floor":23,"key":"SMITH"},{"floor":27,"key":"REST"},{"floor":32,"key":"REST"}],"neow_cost":"TEN_PERCENT_HP_LOSS","seed_source_timestamp":0,"circlet_count":0,"master_deck":["Defend_G","Defend_G","Defend_G+1","Defend_G","Defend_G","Strike_G","Strike_G","Strike_G+1","Survivor","Neutralize+1","Prepared","Infinite Blades","Cloak And Dagger+1","Calculated Gamble","Accuracy+1","Burst","Blade Dance","Catalyst","Crippling Poison+1","Wraith Form v2","Footwork","Footwork+1","Corpse Explosion","Blur+1"],"special_seed":0,"relics":["Ring of the Snake","Thread and Needle","Gremlin Horn","Dream Catcher","Bag of Marbles","Ornamental Fan","Calipers","Busted Crown","Regal Pillow","Incense Burner","Snake Skull","HoveringKite"],"potions_floor_usage":[24,24,33,33,37],"damage_taken":[{"damage":0.0,"enemies":"Small Slimes","floor":1.0,"turns":4.0},{"damage":0.0,"enemies":"Jaw Worm","floor":3.0,"turns":4.0},{"damage":0.0,"enemies":"2 Louse","floor":4.0,"turns":4.0},{"damage":18.0,"enemies":"Gremlin Nob","floor":7.0,"turns":5.0},{"damage":1.0,"enemies":"Looter","floor":10.0,"turns":3.0},{"damage":0.0,"enemies":"2 Fungi Beasts","floor":11.0,"turns":3.0},{"damage":4.0,"enemies":"Gremlin Nob","floor":14.0,"turns":5.0},{"damage":12.0,"enemies":"The Guardian","floor":16.0,"turns":15.0},{"damage":10.0,"enemies":"2 Thieves","floor":18.0,"turns":5.0},{"damage":5.0,"enemies":"Spheric Guardian","floor":21.0,"turns":4.0},{"damage":9,"enemies":"Snecko","floor":22,"turns":5},{"damage":0,"enemies":"Centurion and Healer","floor":24,"turns":5},{"damage":7,"enemies":"Gremlin Leader","floor":25,"turns":5},{"damage":13,"enemies":"Chosen and Byrds","floor":29,"turns":8},{"damage":0,"enemies":"Book of Stabbing","floor":30,"turns":6},{"damage":6,"enemies":"Snecko","floor":31,"turns":4},{"damage":0,"enemies":"Collector","floor":33,"turns":9},{"damage":30,"enemies":"3 Darklings","floor":35,"turns":4},{"damage":7,"enemies":"3 Shapes","floor":36,"turns":3},{"damage":2,"enemies":"Sphere and 2 Shapes","floor":37,"turns":6},{"damage":28,"enemies":"Jaw Worm Horde","floor":38,"turns":1}],"seed_played":"5869378723984727595","potions_obtained":[{"floor":4.0,"key":"Fire Potion"},{"floor":10.0,"key":"Ancient Potion"},{"floor":11.0,"key":"LiquidBronze"},{"floor":22,"key":"EssenceOfSteel"},{"floor":25,"key":"EssenceOfSteel"},{"floor":30,"key":"PowerPotion"},{"floor":33,"key":"Energy Potion"},{"floor":36,"key":"SkillPotion"}],"is_trial":false,"path_per_floor":["M","?","M","M","?","R","E","T","T","M","M","R","?","?","R","B",null,"M","$","?","M","M","R","M","E","T","R","?","M","E","M","R","B",null,"M","M","M","M"],"character_chosen":"THE_SILENT","items_purchased":[],"campfire_rested":3,"item_purchase_floors":[],"current_hp_per_floor":[63,51,51,51,51,51,33,33,33,32,32,32,19,15,33,21,63,53,53,53,48,39,39,39,32,32,63,63,50,50,44,63,63,63,33,26,24,0],"gold":547,"neow_bonus":"ONE_RARE_RELIC","is_prod":false,"is_daily":false,"chose_seed":false,"campfire_upgraded":3,"win_rate":0,"timestamp":1551862519,"path_taken":["M","?","M","M","?","R","E","?","T","M","M","R","?","?","R","BOSS","M","$","?","M","M","R","M","E","T","R","?","M","E","M","R","BOSS","M","M","M","M"],"build_version":"2019-01-23","purchased_purges":1,"victory":false,"max_hp_per_floor":[63,63,63,63,63,63,63,63,63,63,63,63,63,63,63,63,63,63,63,63,63,63,63,63,63,63,63,63,63,63,63,63,63,63,63,63,63,63],"card_choices":[{"not_picked":["Acrobatics","Backstab"],"picked":"Prepared","floor":1.0},{"not_picked":["Accuracy","Prepared"],"picked":"Infinite Blades","floor":3.0},{"not_picked":["Deadly Poison","Dagger Spray"],"picked":"Cloak And Dagger","floor":4.0},{"not_picked":["Backstab","Acrobatics","Dagger Spray"],"picked":"SKIP","floor":7.0},{"not_picked":["Dagger Throw","Expertise"],"picked":"Calculated Gamble","floor":10.0},{"not_picked":["Outmaneuver","Concentrate","Eviscerate"],"picked":"SKIP","floor":11.0},{"not_picked":["Skewer","Sucker Punch"],"picked":"Accuracy","floor":14.0},{"not_picked":["Phantasmal Killer","Night Terror"],"picked":"Burst","floor":16.0},{"not_picked":[],"picked":"Blade Dance","floor":18.0},{"not_picked":["Blade Dance"],"picked":"SKIP","floor":21.0},{"not_picked":[],"picked":"Catalyst","floor":22},{"not_picked":[],"picked":"Crippling Poison+1","floor":24},{"not_picked":["Reflex"],"picked":"SKIP","floor":25},{"not_picked":[],"picked":"Footwork+1","floor":29},{"not_picked":["Deflect+1"],"picked":"SKIP","floor":30},{"not_picked":["Eviscerate"],"picked":"SKIP","floor":31},{"not_picked":[],"picked":"Corpse Explosion","floor":33},{"not_picked":["PiercingWail"],"picked":"SKIP","floor":35},{"not_picked":["Flechettes+1"],"picked":"SKIP","floor":36},{"not_picked":[],"picked":"Blur+1","floor":37}],"player_experience":482210,"relics_obtained":[{"floor":7.0,"key":"Dream Catcher"},{"floor":8.0,"key":"Bag of Marbles"},{"floor":9.0,"key":"Ornamental Fan"},{"floor":14.0,"key":"Calipers"},{"floor":25,"key":"Regal Pillow"},{"floor":26,"key":"Incense Burner"},{"floor":30,"key":"Snake Skull"}],"event_choices":[{"damage_healed":0.0,"max_hp_gain":0.0,"max_hp_loss":0.0,"gold_gain":0.0,"event_name":"Scrap Ooze","player_choice":"Success","floor":2.0,"gold_loss":0.0,"damage_taken":12.0,"relics_obtained":["Gremlin Horn"]},{"cards_removed":["Strike_G"],"damage_healed":0.0,"max_hp_gain":0.0,"max_hp_loss":0.0,"gold_gain":0.0,"event_name":"The Cleric","player_choice":"Card Removal","floor":5.0,"gold_loss":50.0,"damage_taken":0.0},{"damage_healed":0.0,"max_hp_gain":0.0,"max_hp_loss":0.0,"gold_gain":0.0,"event_name":"Shining Light","player_choice":"Entered Light","floor":13.0,"gold_loss":0.0,"damage_taken":13.0,"cards_upgraded":["Defend_G","Strike_G"]},{"damage_healed":0.0,"max_hp_gain":0.0,"max_hp_loss":0.0,"gold_gain":0.0,"event_name":"Dead Adventurer","player_choice":"Searched \u00271\u0027 times","floor":14.0,"gold_loss":0.0,"damage_taken":0.0},{"damage_healed":0.0,"max_hp_gain":0.0,"max_hp_loss":0.0,"gold_gain":0.0,"event_name":"The Mausoleum","player_choice":"Ignored","floor":20.0,"gold_loss":0.0,"damage_taken":0.0},{"damage_healed":0,"gold_gain":0,"player_choice":"2 cards matched","damage_taken":0,"max_hp_gain":0,"max_hp_loss":0,"event_name":"Match and Keep!","floor":28,"gold_loss":0,"cards_obtained":["Wraith Form v2","Footwork"]}],"is_beta":false,"boss_relics":[{"not_picked":["Orrery","White Beast Statue"],"picked":"Busted Crown"},{"not_picked":["Tiny House","Calling Bell"],"picked":"HoveringKite"}],"items_purged_floors":[19],"is_endless":false,"potions_floor_spawned":[4,10,11,22,25,30,33,36],"killed_by":"Jaw Worm Horde","ascension_level":3}