{"gold_per_floor":[117,137,153,170,170,170,183,183,265,308,308,322,48,48,48,143,143,161,177,193,217,217],"floor_reached":22,"playtime":940,"items_purged":[],"score":380,"play_id":"e995016b-eb98-4c25-be2a-bfd82c84c813","local_time":"20190214024628","is_ascension_mode":true,"campfire_choices":[{"data":"Zap","floor":6,"key":"SMITH"},{"data":"Genetic Algorithm","floor":8,"key":"SMITH"},{"floor":11,"key":"REST"},{"data":"Rip and Tear","floor":15,"key":"SMITH"}],"neow_cost":"NONE","seed_source_timestamp":665009304088900,"circlet_count":0,"master_deck":["AscendersBane","Strike_B","Strike_B","Defend_B","Defend_B","Defend_B","Defend_B","Zap+1","Dualcast","Storm","Conserve Battery","Compile Driver","Sweeping Beam","White Noise","Genetic Algorithm+1","Rip and Tear+1","Consume","Ball Lightning","Electrodynamics","Tempest","Cold Snap","Recycle+1","Glacier"],"relics":["Cracked Core","Golden Idol","Question Card","StoneCalendar","OrangePellets","Snecko Eye"],"potions_floor_usage":[10,10,21,22,22],"damage_taken":[{"damage":2,"enemies":"Cultist","floor":1,"turns":4},{"damage":0,"enemies":"2 Louse","floor":2,"turns":2},{"damage":7,"enemies":"Jaw Worm","floor":3,"turns":4},{"damage":6,"enemies":"2 Fungi Beasts","floor":4,"turns":4},{"damage":16,"enemies":"Large Slime","floor":7,"turns":6},{"damage":23,"enemies":"Lagavulin","floor":10,"turns":6},{"damage":8,"enemies":"Blue Slaver","floor":12,"turns":3},{"damage":17,"enemies":"Hexaghost","floor":16,"turns":9},{"damage":29,"enemies":"Shell Parasite","floor":18,"turns":5},{"damage":0,"enemies":"Spheric Guardian","floor":19,"turns":3},{"damage":9,"enemies":"Centurion and Healer","floor":20,"turns":4},{"damage":1,"enemies":"Chosen and Byrds","floor":21,"turns":3},{"damage":16,"enemies":"Shelled Parasite and Fungi","floor":22,"turns":1}],"seed_played":"-6933533504483311096","potions_obtained":[{"floor":2,"key":"SteroidPotion"},{"floor":7,"key":"Energy Potion"},{"floor":16,"key":"EssenceOfSteel"},{"floor":20,"key":"EntropicBrew"},{"floor":21,"key":"Strength Potion"}],"is_trial":false,"path_per_floor":["M","M","M","M","?","R","M","R","T","E","R","M","$","?","R","B",null,"M","M","M","M","M"],"character_chosen":"DEFECT","items_purchased":["OrangePellets","Ball Lightning"],"campfire_rested":1,"item_purchase_floors":[13,13],"current_hp_per_floor":[62,62,55,49,49,49,33,33,33,10,29,21,21,21,21,4,49,20,20,11,10,0],"gold":217,"neow_bonus":"TRANSFORM_CARD","is_prod":false,"is_daily":false,"chose_seed":false,"campfire_upgraded":3,"win_rate":0,"timestamp":1550141188,"path_taken":["M","M","M","M","?","R","M","R","T","E","R","M","$","?","R","BOSS","M","M","M","M","M"],"build_version":"2019-01-23","purchased_purges":0,"victory":false,"max_hp_per_floor":[71,71,71,71,64,64,64,64,64,64,64,64,64,64,64,64,64,64,64,64,64,64],"card_choices":[{"not_picked":["Lockon","Go for the Eyes"],"picked":"Conserve Battery","floor":1},{"not_picked":["Turbo","Reprogram"],"picked":"Compile Driver","floor":2},{"not_picked":["Fusion","Beam Cell"],"picked":"Sweeping Beam","floor":3},{"not_picked":["Turbo","Tempest"],"picked":"White Noise","floor":4},{"not_picked":["Stack","Barrage"],"picked":"Genetic Algorithm","floor":7},{"not_picked":["Thunder Strike","Redo","Aggregate"],"picked":"Rip and Tear","floor":10},{"not_picked":["Skim","Barrage","Sunder"],"picked":"Consume","floor":12},{"not_picked":["Multi-Cast","Seek","Machine Learning"],"picked":"Electrodynamics","floor":16},{"not_picked":["Coolheaded","Conserve Battery","Leap"],"picked":"Tempest","floor":18},{"not_picked":["Rebound","Sweeping Beam+1","Go for the Eyes+1"],"picked":"Cold Snap","floor":19},{"not_picked":["Beam Cell","Streamline","Barrage"],"picked":"Recycle+1","floor":20},{"not_picked":["Rebound","Streamline","Storm"],"picked":"Glacier","floor":21}],"player_experience":687222,"relics_obtained":[{"floor":9,"key":"Question Card"},{"floor":10,"key":"StoneCalendar"}],"event_choices":[{"damage_healed":0,"gold_gain":0,"player_choice":"Lose Max HP","damage_taken":0,"relics_obtained":["Golden Idol"],"max_hp_gain":0,"max_hp_loss":7,"event_name":"Golden Idol","floor":5,"gold_loss":0},{"cards_removed":["Strike_B"],"damage_healed":0,"gold_gain":0,"player_choice":"Offered Basic","damage_taken":0,"max_hp_gain":0,"max_hp_loss":0,"event_name":"Bonfire Elementals","floor":14,"gold_loss":0}],"is_beta":false,"boss_relics":[{"not_picked":["Astrolabe","Ectoplasm"],"picked":"Snecko Eye"}],"items_purged_floors":[],"is_endless":false,"potions_floor_spawned":[2,7,16,20,21],"killed_by":"Shelled Parasite and Fungi","ascension_level":20}