{"gold_per_floor":[17,32,32,51,66,66,66,66,92,110,110,60,12,12,12,12],"floor_reached":16,"playtime":939,"items_purged":[],"score":90,"play_id":"ac2d3c01-029e-4393-b8d4-058ed9f0291b","local_time":"20180918163428","is_ascension_mode":false,"campfire_choices":[{"data":"Hello World","floor":6,"key":"SMITH"},{"data":"Zap","floor":8,"key":"SMITH"},{"data":"Core Surge","floor":11,"key":"SMITH"},{"data":"Conserve Battery","floor":15,"key":"SMITH"}],"neow_cost":"NO_GOLD","seed_source_timestamp":73716600489112,"circlet_count":0,"master_deck":["Strike_B","Strike_B","Strike_B","Defend_B","Defend_B","Defend_B+1","Defend_B","Zap+1","Dualcast","Redo+1","Gash","Hello World+1","Core Surge+1","Conserve Battery+1"],"relics":["Cracked Core","Peace Pipe","Lantern"],"potions_floor_usage":[3,16,16,16],"damage_taken":[{"damage":1,"enemies":"Jaw Worm","floor":1,"turns":4},{"damage":1,"enemies":"Cultist","floor":2,"turns":3},{"damage":0,"enemies":"2 Louse","floor":4,"turns":3},{"damage":8,"enemies":"2 Fungi Beasts","floor":5,"turns":3},{"damage":16,"enemies":"Large Slime","floor":10,"turns":3},{"damage":41,"enemies":"The Guardian","floor":16,"turns":9}],"seed_played":"-7964202416698163432","potions_obtained":[{"floor":2,"key":"Fruit Juice"},{"floor":3,"key":"SteroidPotion"},{"floor":3,"key":"SneckoOil"},{"floor":3,"key":"FearPotion"}],"is_trial":false,"path_per_floor":["M","M","?","M","M","R","?","R","T","M","R","?","$","$","R"],"character_chosen":"DEFECT","items_purchased":["Conserve Battery"],"campfire_rested":0,"item_purchase_floors":[13],"current_hp_per_floor":[74,73,78,78,70,70,54,54,54,38,38,38,38,38,38,0],"gold":12,"neow_bonus":"ONE_RARE_RELIC","is_prod":false,"is_daily":false,"chose_seed":false,"campfire_upgraded":4,"win_rate":0,"timestamp":1537313668,"path_taken":["M","M","?","M","M","R","?","R","T","M","R","?","?","$","R","BOSS"],"build_version":"2018-09-06","purchased_purges":0,"victory":false,"max_hp_per_floor":[75,75,80,80,80,80,80,80,80,80,80,80,80,80,80,80],"card_choices":[{"not_picked":["Compile Driver","Stack","Steam"],"picked":"SKIP","floor":1},{"not_picked":["Compile Driver","Blizzard"],"picked":"Redo","floor":2},{"not_picked":["Cold Snap","Compile Driver"],"picked":"Gash","floor":4},{"not_picked":["Barrage","Undo"],"picked":"Hello World","floor":5},{"not_picked":["Rebound","Steam"],"picked":"Core Surge","floor":10}],"player_experience":136883,"relics_obtained":[{"floor":9,"key":"Lantern"}],"event_choices":[{"event_name":"The Lab","player_choice":"Got Potions","floor":3,"damage_taken":0},{"event_name":"Shining Light","player_choice":"Entered Light","floor":7,"damage_taken":0},{"event_name":"The Cleric","player_choice":"Card Removal","floor":12,"damage_taken":0}],"is_beta":false,"boss_relics":[],"items_purged_floors":[],"is_endless":false,"potions_floor_spawned":[2,5],"killed_by":"The Guardian","ascension_level":0}