{"gold_per_floor":[112,262,18,18,34,34,46,46,46,46,65,65,96,116,116,193,193,205,205,223,123,123],"floor_reached":22,"playtime":711,"items_purged":["Doubt","Writhe"],"score":368,"play_id":"f8549d05-277a-4921-a0aa-b225092b8e95","local_time":"20190210055101","is_ascension_mode":true,"campfire_choices":[{"data":"Zap","floor":6,"key":"SMITH"},{"data":"Beam Cell","floor":8,"key":"SMITH"},{"data":"Dualcast","floor":10,"key":"SMITH"},{"data":"Consume","floor":12,"key":"SMITH"},{"data":"Genetic Algorithm","floor":15,"key":"SMITH"}],"neow_cost":"NONE","seed_source_timestamp":330706748964500,"circlet_count":0,"master_deck":["AscendersBane","Strike_B","Strike_B","Strike_B","Defend_B","Defend_B","Defend_B","Defend_B","Zap+1","Dualcast+1","Ball Lightning","Electrodynamics","Beam Cell+1","Cold Snap","Consume+1","Creative AI","Genetic Algorithm+1","Seek","Conserve Battery"],"relics":["Cracked Core","Ornamental Fan","Strawberry","Runic Pyramid","Anchor"],"potions_floor_usage":[16,16],"damage_taken":[{"damage":7,"enemies":"Jaw Worm","floor":1,"turns":3},{"damage":8,"enemies":"2 Louse","floor":5,"turns":2},{"damage":1,"enemies":"Cultist","floor":7,"turns":3},{"damage":4,"enemies":"Red Slaver","floor":11,"turns":2},{"damage":11,"enemies":"Lagavulin","floor":13,"turns":4},{"damage":0,"enemies":"Large Slime","floor":14,"turns":4},{"damage":21,"enemies":"Hexaghost","floor":16,"turns":8},{"damage":13,"enemies":"Spheric Guardian","floor":18,"turns":5},{"damage":7,"enemies":"Shell Parasite","floor":20,"turns":5},{"damage":56,"enemies":"Shelled Parasite and Fungi","floor":22,"turns":5}],"seed_played":"6027620523607396837","potions_obtained":[{"floor":5,"key":"Dexterity Potion"},{"floor":11,"key":"Energy Potion"}],"is_trial":false,"path_per_floor":["M","?","$","?","M","R","M","R","T","R","M","R","E","M","R","B",null,"M","?","M","$","M"],"character_chosen":"DEFECT","items_purchased":["Electrodynamics"],"campfire_rested":0,"item_purchase_floors":[3],"current_hp_per_floor":[64,64,64,57,49,49,48,48,48,48,44,44,40,40,40,19,69,56,56,49,49,0],"gold":123,"neow_bonus":"TEN_PERCENT_HP_BONUS","is_prod":false,"is_daily":false,"chose_seed":false,"campfire_upgraded":5,"win_rate":0,"timestamp":1549806661,"path_taken":["M","?","$","?","M","R","M","R","T","R","M","R","E","M","R","BOSS","M","?","M","$","M"],"build_version":"2019-01-23","purchased_purges":2,"victory":false,"max_hp_per_floor":[78,78,78,78,78,78,78,78,78,78,78,78,85,85,85,85,85,85,85,85,85,85],"card_choices":[{"not_picked":["Hologram","Melter"],"picked":"Ball Lightning","floor":1},{"not_picked":["Hologram","Undo"],"picked":"Beam Cell","floor":5},{"not_picked":["Redo","Stack"],"picked":"Cold Snap","floor":7},{"not_picked":["Turbo","Stack"],"picked":"Consume","floor":11},{"not_picked":["Stack","Rebound"],"picked":"Creative AI","floor":13},{"not_picked":["Aggregate","Streamline"],"picked":"Genetic Algorithm","floor":14},{"not_picked":["Biased Cognition","All For One"],"picked":"Seek","floor":16},{"not_picked":["Compile Driver","Hologram"],"picked":"Conserve Battery","floor":18},{"not_picked":["Hologram","Go for the Eyes","Consume"],"picked":"SKIP","floor":20}],"player_experience":675475,"relics_obtained":[{"floor":9,"key":"Ornamental Fan"},{"floor":13,"key":"Strawberry"}],"event_choices":[{"damage_healed":0,"gold_gain":150,"player_choice":"AGREE","damage_taken":0,"max_hp_gain":0,"max_hp_loss":0,"event_name":"Liars Game","floor":2,"gold_loss":0,"cards_obtained":["Doubt"]},{"cards_removed":["Strike_B"],"damage_healed":0,"gold_gain":0,"player_choice":"Card Removal","damage_taken":7,"max_hp_gain":0,"max_hp_loss":0,"event_name":"Golden Wing","floor":4,"gold_loss":0},{"damage_healed":0,"gold_gain":0,"player_choice":"Opened","damage_taken":0,"relics_obtained":["Anchor"],"max_hp_gain":0,"max_hp_loss":0,"event_name":"The Mausoleum","floor":19,"gold_loss":0,"cards_obtained":["Writhe"]}],"is_beta":false,"boss_relics":[{"not_picked":["Cursed Key","Lizard Tail"],"picked":"Runic Pyramid"}],"items_purged_floors":[3,21],"is_endless":false,"potions_floor_spawned":[5,11,13,14],"killed_by":"Shelled Parasite and Fungi","ascension_level":20}