{"path_per_floor":["M","M","?","$","M","E","M","E","T","$","R","E","?","M","R","B",null,"M","M","M","?","?","E","$","E","T","?","R","?","?","E","R","B",null,"M","$","$","?","?","R","E","R","T","?","E","M","$","M","R","B"],"character_chosen":"IRONCLAD","items_purchased":["Headbutt","Bag of Preparation","Whetstone","Pen Nib"],"gold_per_floor":[109,120,120,70,88,120,137,170,223,3,3,29,29,42,42,147,147,160,171,190,190,190,215,60,85,85,55,55,55,55,81,81,180,180,200,52,52,52,52,52,80,80,80,80,108,126,126,138,138,138],"floor_reached":51,"campfire_rested":1,"playtime":2385,"current_hp_per_floor":[77,79,63,63,65,41,37,26,26,26,50,31,36,42,42,54,77,57,29,15,15,15,17,17,20,20,20,20,20,20,23,23,32,40,42,42,42,42,37,37,41,41,41,41,28,30,30,35,35,30],"items_purged":["Clumsy"],"gold":138,"score":1238,"play_id":"4ad9d57c-046b-4bde-89cd-d0ff8632e9f8","local_time":"20180423215933","is_prod":false,"is_daily":false,"chose_seed":false,"is_ascension_mode":true,"campfire_upgraded":6,"timestamp":1524513573,"path_taken":["M","M","?","$","?","E","M","E","T","$","R","E","?","M","R","BOSS","M","M","M","?","?","E","$","E","T","?","R","?","?","E","R","BOSS","M","?","$","?","?","R","E","R","T","?","E","M","$","M","R","BOSS"],"build_version":"2018-04-19","seed_source_timestamp":48324008474628,"purchased_purges":2,"victory":true,"master_deck":["Strike_R+1","Strike_R+1","Strike_R+1","Strike_R+1","Defend_R+1","Defend_R+1","Defend_R+1","Defend_R+1","Bash+1","AscendersBane","Disarm","Headbutt","Anger+1","Immolate+1","Iron Wave","Flame Barrier","Demon Form+1","Sword Boomerang+1","Whirlwind+1","Clothesline","Ghostly+1","Ghostly+1","Ghostly","Ghostly+1","Ghostly","Double Tap+1","Disarm","Offering+1","Havoc+1","Madness+1","Madness+1","True Grit+1","True Grit+1"],"max_hp_per_floor":[80,80,80,80,80,80,80,80,80,80,80,80,85,85,85,85,85,85,85,85,42,42,42,42,42,42,42,42,42,42,42,42,42,42,42,42,42,42,42,42,42,42,42,42,42,42,42,42,42,42],"relics":["Burning Blood","Calipers","Bag of Marbles","Pantograph","Bronze Scales","Bag of Preparation","Juzu Bracelet","Mark of Pain","War Paint","Whetstone","Bottled Tornado","Toxic Egg 2","Frozen Egg 2","Runic Dome","Pen Nib","Blue Candle","Du-Vu Doll","Orichalcum"],"card_choices":[{"not_picked":["Body Slam","Rage"],"picked":"Disarm","floor":2},{"not_picked":["Entrench","Cleave"],"picked":"Anger","floor":5},{"not_picked":["Pommel Strike","Rage"],"picked":"Immolate","floor":6},{"not_picked":["Intimidate","True Grit"],"picked":"Iron Wave","floor":7},{"not_picked":["Body Slam","Immolate"],"picked":"Inflame","floor":12},{"not_picked":["Body Slam","Cleave"],"picked":"Flame Barrier","floor":14},{"not_picked":["Berserk","Exhume"],"picked":"Demon Form","floor":16},{"not_picked":["Twin Strike","Anger"],"picked":"Sword Boomerang","floor":18},{"not_picked":["Headbutt","Spot Weakness"],"picked":"Whirlwind","floor":19},{"not_picked":["Rampage","Fire Breathing"],"picked":"Clothesline","floor":20},{"not_picked":["Sword Boomerang","Anger"],"picked":"Double Tap","floor":23},{"not_picked":["Fire Breathing","Searing Blow"],"picked":"Disarm","floor":25},{"not_picked":["Double Tap","Fiend Fire"],"picked":"Offering","floor":33},{"not_picked":["Armaments","Heavy Blade"],"picked":"Havoc","floor":35},{"not_picked":["Ghostly Armor","Flex"],"picked":"True Grit","floor":46},{"not_picked":["Wild Strike","Twin Strike"],"picked":"True Grit","floor":48}],"player_experience":423352,"potions_floor_usage":[6,8,18,20,33,50,50,50],"damage_taken":[{"damage":1,"enemies":"2 Louse","floor":1,"turns":2},{"damage":4,"enemies":"Small Slimes","floor":2,"turns":4},{"damage":4,"enemies":"Cultist","floor":5,"turns":4},{"damage":30,"enemies":"3 Sentries","floor":6,"turns":9},{"damage":10,"enemies":"Lots of Slimes","floor":7,"turns":3},{"damage":29,"enemies":"Lagavulin","floor":8,"turns":6},{"damage":25,"enemies":"Gremlin Nob","floor":12,"turns":4},{"damage":0,"enemies":"3 Louse","floor":14,"turns":3},{"damage":19,"enemies":"Slime Boss","floor":16,"turns":7},{"damage":26,"enemies":"Spheric Guardian","floor":18,"turns":5},{"damage":34,"enemies":"Chosen","floor":19,"turns":5},{"damage":20,"enemies":"Snecko","floor":20,"turns":4},{"damage":4,"enemies":"Slavers","floor":23,"turns":4},{"damage":3,"enemies":"Gremlin Leader","floor":25,"turns":9},{"damage":3,"enemies":"Slavers","floor":31,"turns":3},{"damage":16,"enemies":"Collector","floor":33,"turns":7},{"damage":4,"enemies":"Orb Walker","floor":35,"turns":5},{"damage":2,"enemies":"Giant Head","floor":41,"turns":6},{"damage":19,"enemies":"2 Orb Walkers","floor":45,"turns":4},{"damage":4,"enemies":"3 Darklings","floor":46,"turns":3},{"damage":1,"enemies":"Sphere and 2 Shapes","floor":48,"turns":4},{"damage":30,"enemies":"Donu and Deca","floor":50,"turns":7}],"event_choices":[{"event_name":"Shining Light","player_choice":"Entered Light","floor":3,"damage_taken":0},{"event_name":"Big Fish","player_choice":"Donut","floor":13,"damage_taken":0},{"event_name":"Ghosts","player_choice":"Became a Ghost","floor":21,"damage_taken":0},{"event_name":"Drug Dealer","player_choice":"Ignored","floor":22,"damage_taken":0},{"event_name":"The Woman in Blue","player_choice":"Bought 2 Potions","floor":27,"damage_taken":0},{"event_name":"Purifier","player_choice":"One Purge","floor":29,"damage_taken":0},{"event_name":"Back to Basics","player_choice":"Simplicity","floor":30,"damage_taken":0},{"event_name":"Winding Halls","player_choice":"Embrace Madness","floor":39,"damage_taken":0},{"event_name":"Upgrade Shrine","player_choice":"Upgraded","floor":44,"damage_taken":0}],"boss_relics":[{"not_picked":["Lizard Tail","Orrery"],"picked":"Mark of Pain"},{"not_picked":["Astrolabe","Philosopher\u0027s Stone"],"picked":"Runic Dome"}],"potions_floor_spawned":[5,6,12,16,18,23,31,35,41,46],"seed_played":"-566706892038948135","ascension_level":12,"is_trial":false}