{"gold_per_floor":[115,134,134,148,166,166,186,186,186,203,219,250,250,250,250,250],"floor_reached":16,"playtime":1048,"items_purged":[],"score":151,"play_id":"b2e3ea24-bf82-4d47-b94d-15467a0bf127","local_time":"20190305002630","is_ascension_mode":true,"campfire_choices":[{"data":"Pommel Strike","floor":6,"key":"SMITH"},{"data":"Bash","floor":8,"key":"SMITH"},{"data":"Flame Barrier","floor":13,"key":"SMITH"},{"floor":15,"key":"REST"}],"neow_cost":"NONE","seed_source_timestamp":48612213811216,"circlet_count":0,"master_deck":["Strike_R","Strike_R","Strike_R","Strike_R","Defend_R","Defend_R","Defend_R","Defend_R","Bash+1","Pommel Strike+1","True Grit+1","Flame Barrier+1"],"relics":["Burning Blood","Gremlin Horn","PreservedInsect"],"potions_floor_usage":[12,16,16],"damage_taken":[{"damage":4,"enemies":"Jaw Worm","floor":1,"turns":5},{"damage":7,"enemies":"Small Slimes","floor":2,"turns":3},{"damage":0,"enemies":"2 Louse","floor":4,"turns":3},{"damage":20,"enemies":"Exordium Thugs","floor":5,"turns":6},{"damage":3,"enemies":"Blue Slaver","floor":7,"turns":6},{"damage":10,"enemies":"Looter","floor":10,"turns":4},{"damage":3,"enemies":"Large Slime","floor":11,"turns":6},{"damage":24,"enemies":"Gremlin Nob","floor":12,"turns":4},{"damage":79,"enemies":"Hexaghost","floor":16,"turns":14}],"seed_played":"-955843562345605758","potions_obtained":[{"floor":7,"key":"SpeedPotion"},{"floor":10,"key":"Strength Potion"},{"floor":12,"key":"AttackPotion"}],"is_trial":false,"path_per_floor":["M","M","?","M","M","R","M","R","T","M","M","E","R","?","R","B"],"character_chosen":"IRONCLAD","items_purchased":[],"campfire_rested":1,"item_purchase_floors":[],"current_hp_per_floor":[74,73,73,79,65,65,68,68,68,64,67,49,49,54,79,0],"gold":250,"neow_bonus":"REMOVE_CARD","is_prod":false,"is_daily":false,"chose_seed":false,"campfire_upgraded":3,"win_rate":0,"timestamp":1551767190,"path_taken":["M","M","?","M","M","R","M","R","T","M","M","E","R","?","R","BOSS"],"build_version":"2019-01-23","purchased_purges":0,"victory":false,"max_hp_per_floor":[80,80,80,80,80,80,80,80,80,80,80,80,80,85,85,85],"card_choices":[{"not_picked":["Headbutt","Anger"],"picked":"Pommel Strike","floor":1},{"not_picked":["Whirlwind","Fire Breathing"],"picked":"True Grit","floor":2},{"not_picked":["Thunderclap","Armaments","Cleave"],"picked":"SKIP","floor":4},{"not_picked":["Iron Wave","Exhume","Rampage"],"picked":"SKIP","floor":5},{"not_picked":["Warcry","Corruption","Havoc"],"picked":"SKIP","floor":7},{"not_picked":["Blood for Blood","Combust"],"picked":"Flame Barrier","floor":10},{"not_picked":["Thunderclap","Perfected Strike","Havoc"],"picked":"SKIP","floor":11},{"not_picked":["Anger","Fire Breathing","Whirlwind"],"picked":"SKIP","floor":12}],"player_experience":156881,"relics_obtained":[{"floor":9,"key":"Gremlin Horn"},{"floor":12,"key":"PreservedInsect"}],"event_choices":[{"damage_healed":0,"gold_gain":0,"player_choice":"Grow","damage_taken":0,"max_hp_gain":0,"max_hp_loss":0,"event_name":"Living Wall","floor":3,"gold_loss":0,"cards_upgraded":["True Grit"]},{"damage_healed":0,"gold_gain":0,"player_choice":"Donut","damage_taken":0,"max_hp_gain":5,"max_hp_loss":0,"event_name":"Big Fish","floor":14,"gold_loss":0}],"is_beta":false,"boss_relics":[],"items_purged_floors":[],"is_endless":false,"potions_floor_spawned":[7,10,12],"killed_by":"Hexaghost","ascension_level":9}