{"gold_per_floor":[110,125,144,155,168,168,197,215,239,239,239,252,264,5,5,109,109,120,120,136,36,136,136,11,11,11,11,11,11,24,34,34,135,135,155,255,255,255,265,265,279,279,279,279,289,289,289,306,306,306,306,306,45,45],"floor_reached":54,"playtime":4810,"items_purged":["Strike_B","Strike_B","Capacitor"],"score":639,"play_id":"a461726a-b6bd-433a-9983-f6c22531f722","local_time":"20190304193247","is_ascension_mode":false,"campfire_choices":[{"floor":6,"key":"REST"},{"floor":11,"key":"REST"},{"floor":15,"key":"REST"},{"data":"Apotheosis","floor":23,"key":"SMITH"},{"floor":25,"key":"RECALL"},{"floor":29,"key":"REST"},{"floor":32,"key":"REST"},{"data":"Gash","floor":40,"key":"SMITH"},{"data":"Zap","floor":42,"key":"SMITH"},{"data":"Gash","floor":44,"key":"SMITH"},{"floor":49,"key":"REST"},{"data":"Hologram","floor":52,"key":"SMITH"}],"neow_cost":"NONE","seed_source_timestamp":6756794258813982,"circlet_count":0,"master_deck":["Defend_B","Defend_B","Defend_B","Zap+1","Dualcast","Gash+1","Sweeping Beam","Go for the Eyes","Gash+1","Gash","Rebound","Gash","BootSequence","Apotheosis+1","All For One","Auto Shields","Leap","Hologram+1","Chaos","Leap","White Noise+1"],"relics":["Cracked Core","Happy Flower","Oddly Smooth Stone","Empty Cage","Nunchaku","Pantograph","Cursed Key","Dead Branch","Mercury Hourglass"],"potions_floor_usage":[16,16,22,31,31,45,50],"damage_taken":[{"damage":4,"enemies":"2 Louse","floor":1,"turns":3},{"damage":7,"enemies":"Small Slimes","floor":2,"turns":4},{"damage":1,"enemies":"Cultist","floor":3,"turns":4},{"damage":5,"enemies":"Red Slaver","floor":4,"turns":4},{"damage":13,"enemies":"2 Fungi Beasts","floor":5,"turns":3},{"damage":18,"enemies":"Gremlin Nob","floor":7,"turns":4},{"damage":3,"enemies":"3 Louse","floor":8,"turns":3},{"damage":7,"enemies":"Looter","floor":12,"turns":3},{"damage":12,"enemies":"Large Slime","floor":13,"turns":3},{"damage":45,"enemies":"The Guardian","floor":16,"turns":10},{"damage":4,"enemies":"3 Byrds","floor":18,"turns":4},{"damage":8,"enemies":"Shell Parasite","floor":20,"turns":4},{"damage":8,"enemies":"Colosseum Slavers","floor":22,"turns":4},{"damage":13,"enemies":"Colosseum Nobs","floor":22,"turns":4},{"damage":34,"enemies":"Sentry and Sphere","floor":30,"turns":6},{"damage":12,"enemies":"Snecko","floor":31,"turns":6},{"damage":38,"enemies":"Collector","floor":33,"turns":8},{"damage":22,"enemies":"3 Darklings","floor":35,"turns":5},{"damage":0,"enemies":"Mind Bloom Boss Battle","floor":36,"turns":7},{"damage":0,"enemies":"3 Shapes","floor":39,"turns":5},{"damage":12,"enemies":"3 Darklings","floor":41,"turns":5},{"damage":7,"enemies":"Jaw Worm Horde","floor":45,"turns":4},{"damage":16,"enemies":"Spire Growth","floor":48,"turns":5},{"damage":61,"enemies":"Awakened One","floor":50,"turns":16},{"damage":84,"enemies":"Shield and Spear","floor":54,"turns":5}],"seed_played":"-4447599282027310011","potions_obtained":[{"floor":1,"key":"Regen Potion"},{"floor":3,"key":"EssenceOfSteel"},{"floor":4,"key":"Energy Potion"},{"floor":20,"key":"Regen Potion"},{"floor":22,"key":"Energy Potion"},{"floor":35,"key":"SteroidPotion"},{"floor":36,"key":"EssenceOfSteel"},{"floor":45,"key":"Strength Potion"}],"is_trial":false,"path_per_floor":["M","M","M","M","M","R","E","M","T","?","R","M","M","$","R","B",null,"M","?","M","$","?","R","$","R","T","?","?","R","M","M","R","B",null,"M","?","?","?","M","R","M","R","T","R","M","?","?","M","R","B",null,"R","$","E"],"character_chosen":"DEFECT","items_purchased":["Apotheosis","Mercury Hourglass"],"campfire_rested":6,"item_purchase_floors":[14,53],"current_hp_per_floor":[71,64,63,58,45,67,49,46,46,46,68,61,49,49,71,40,75,71,71,63,63,54,54,54,54,54,54,54,75,41,29,51,37,75,53,75,75,75,75,75,63,63,63,63,56,56,56,40,62,14,75,75,75,0],"gold":45,"neow_bonus":"THREE_CARDS","is_prod":false,"is_daily":false,"chose_seed":false,"campfire_upgraded":5,"win_rate":0,"timestamp":1551745967,"path_taken":["M","M","M","M","M","R","E","M","T","?","R","M","M","$","R","BOSS","M","?","?","$","?","R","$","R","T","?","?","R","M","M","R","BOSS","M","?","?","?","M","R","?","R","T","R","M","?","?","?","R","BOSS","R","$","E"],"build_version":"2019-01-23","purchased_purges":3,"victory":false,"max_hp_per_floor":[75,75,75,75,75,75,75,75,75,75,75,75,75,75,75,75,75,75,75,75,75,75,75,75,75,75,75,75,75,75,75,75,75,75,75,75,75,75,75,75,75,75,75,75,75,75,75,75,75,75,75,75,75,75],"card_choices":[{"not_picked":["Ball Lightning","Cold Snap"],"picked":"Gash","floor":0},{"not_picked":["Recycle","Heatsinks"],"picked":"Sweeping Beam","floor":1},{"not_picked":["Cold Snap","Rebound"],"picked":"Go for the Eyes","floor":2},{"not_picked":["Hello World","Coolheaded","Stack"],"picked":"SKIP","floor":3},{"not_picked":["Coolheaded","Cold Snap"],"picked":"Gash","floor":4},{"not_picked":["Lockon","Beam Cell"],"picked":"Gash","floor":5},{"not_picked":["Compile Driver","Stack"],"picked":"Capacitor","floor":7},{"not_picked":["Chaos","Force Field"],"picked":"Rebound","floor":8},{"not_picked":["Self Repair","Conserve Battery"],"picked":"Gash","floor":12},{"not_picked":["Storm","Coolheaded"],"picked":"BootSequence","floor":13},{"not_picked":["Meteor Strike","Fission"],"picked":"All For One","floor":16},{"not_picked":["Aggregate","Coolheaded","Ball Lightning"],"picked":"SKIP","floor":18},{"not_picked":["Reinforced Body","Hello World"],"picked":"Auto Shields","floor":20},{"not_picked":["Conserve Battery","Compile Driver+1"],"picked":"Leap","floor":30},{"not_picked":["Aggregate+1","Melter"],"picked":"Hologram","floor":31},{"not_picked":["Coolheaded","Sweeping Beam"],"picked":"Chaos","floor":35},{"not_picked":["Turbo","Barrage","Electrodynamics"],"picked":"SKIP","floor":39},{"not_picked":["Sweeping Beam+1","Stack+1","Fusion+1"],"picked":"SKIP","floor":41},{"not_picked":["Darkness+1","Defragment+1"],"picked":"Leap","floor":45},{"not_picked":["Conserve Battery+1","Streamline+1"],"picked":"White Noise+1","floor":48}],"player_experience":99986,"relics_obtained":[{"floor":7,"key":"Happy Flower"},{"floor":9,"key":"Oddly Smooth Stone"},{"floor":22,"key":"Nunchaku"},{"floor":22,"key":"Pantograph"},{"floor":36,"key":"Dead Branch"}],"event_choices":[{"damage_healed":0,"gold_gain":0,"player_choice":"Fled","damage_taken":0,"max_hp_gain":0,"max_hp_loss":0,"event_name":"Scrap Ooze","floor":10,"gold_loss":0},{"damage_healed":0,"gold_gain":0,"player_choice":"Bought 0 Potions","damage_taken":0,"max_hp_gain":0,"max_hp_loss":0,"event_name":"The Woman in Blue","floor":19,"gold_loss":0},{"damage_healed":0,"gold_gain":0,"player_choice":"Fight","damage_taken":0,"max_hp_gain":0,"max_hp_loss":0,"event_name":"Colosseum","floor":22,"gold_loss":0},{"damage_healed":0,"gold_gain":0,"player_choice":"Fought Nobs","damage_taken":0,"max_hp_gain":0,"max_hp_loss":0,"event_name":"Colosseum","floor":22,"gold_loss":0},{"damage_healed":0,"gold_gain":0,"player_choice":"Ignored","damage_taken":0,"max_hp_gain":0,"max_hp_loss":0,"event_name":"Beggar","floor":27,"gold_loss":0},{"damage_healed":0,"gold_gain":0,"player_choice":"Ignored","damage_taken":0,"max_hp_gain":0,"max_hp_loss":0,"event_name":"Vampires","floor":28,"gold_loss":0},{"damage_healed":0,"gold_gain":0,"player_choice":"Fight","damage_taken":0,"max_hp_gain":0,"max_hp_loss":0,"event_name":"MindBloom","floor":36,"gold_loss":0},{"damage_healed":0,"gold_gain":0,"player_choice":"Ignored","damage_taken":0,"max_hp_gain":0,"max_hp_loss":0,"event_name":"Tomb of Lord Red Mask","floor":37,"gold_loss":0},{"damage_healed":0,"gold_gain":0,"player_choice":"Memory 1","damage_taken":0,"max_hp_gain":0,"max_hp_loss":0,"event_name":"SensoryStone","floor":38,"gold_loss":0},{"damage_healed":0,"gold_gain":0,"player_choice":"Ignored","damage_taken":0,"max_hp_gain":0,"max_hp_loss":0,"event_name":"Mysterious Sphere","floor":46,"gold_loss":0},{"cards_removed":["Defend_B"],"damage_healed":0,"gold_gain":0,"player_choice":"Purged","damage_taken":0,"max_hp_gain":0,"max_hp_loss":0,"event_name":"Purifier","floor":47,"gold_loss":0}],"is_beta":false,"boss_relics":[{"not_picked":["Black Star","Ectoplasm"],"picked":"Empty Cage"},{"not_picked":["Inserter","Pandora\u0027s Box"],"picked":"Cursed Key"}],"items_purged_floors":[14,21,24],"is_endless":false,"potions_floor_spawned":[1,3,4,8,20,22,22,35,36,45],"killed_by":"Shield and Spear","ascension_level":0}