{"gold_per_floor":[111,111,78,97,97,128,19,19,67,84,84,104,52,65,65,168,168,183,183,183,183,206,238,238,256,256,273,59,78,38,66,66,66],"floor_reached":33,"playtime":1240,"items_purged":["Writhe"],"score":311,"play_id":"db6a9cc6-8580-470f-b606-14f71ee9efa3","local_time":"20190216115554","is_ascension_mode":true,"campfire_choices":[{"data":"Cloak And Dagger","floor":8,"key":"SMITH"},{"data":"Tools of the Trade","floor":11,"key":"SMITH"},{"floor":15,"key":"REST"},{"floor":24,"key":"REST"},{"floor":32,"key":"REST"}],"neow_cost":"NONE","seed_source_timestamp":146723608572684,"circlet_count":0,"master_deck":["Defend_G","Defend_G","Defend_G","Defend_G","Strike_G+1","Strike_G","Strike_G","Strike_G+1","Survivor","Neutralize","Cloak And Dagger+1","Backstab","Reflex","Tools of the Trade+1","Accuracy","Finisher","Underhanded Strike","Blade Dance","Acrobatics","Corpse Explosion","Backstab","Blade Dance","Dodge and Roll+1","Bandage Up","Blade Dance","Terror","Cloak And Dagger+1"],"relics":["WristBlade","Ancient Tea Set","Orichalcum","Sozu","Singing Bowl","MutagenicStrength","Omamori","Whetstone","Pocketwatch","Frozen Egg 2"],"potions_floor_usage":[23,23,31],"damage_taken":[{"damage":0,"enemies":"2 Louse","floor":1,"turns":3},{"damage":0,"enemies":"Cultist","floor":4,"turns":3},{"damage":20,"enemies":"Lagavulin","floor":6,"turns":8},{"damage":4,"enemies":"Jaw Worm","floor":10,"turns":2},{"damage":4,"enemies":"Large Slime","floor":12,"turns":5},{"damage":1,"enemies":"2 Fungi Beasts","floor":14,"turns":3},{"damage":7,"enemies":"Slime Boss","floor":16,"turns":7},{"damage":15,"enemies":"Shell Parasite","floor":18,"turns":4},{"damage":36,"enemies":"Slavers","floor":23,"turns":4},{"damage":6,"enemies":"2 Thieves","floor":25,"turns":3},{"damage":7,"enemies":"Sentry and Sphere","floor":27,"turns":4},{"damage":6,"enemies":"Cultist and Chosen","floor":29,"turns":3},{"damage":2,"enemies":"Gremlin Leader","floor":31,"turns":6},{"damage":86,"enemies":"Champ","floor":33,"turns":7}],"seed_played":"4795278898633444525","potions_obtained":[{"floor":4,"key":"GhostInAJar"},{"floor":6,"key":"Regen Potion"},{"floor":10,"key":"Poison Potion"}],"is_trial":false,"path_per_floor":["M","?","$","M","?","E","$","R","T","M","R","M","$","M","R","B",null,"M","?","?","?","T","E","R","M","T","M","$","M","$","E","R","B"],"character_chosen":"THE_SILENT","items_purchased":["Backstab","Accuracy","Finisher","Blade Dance","Bandage Up","Blade Dance","Terror"],"campfire_rested":3,"item_purchase_floors":[3,7,7,13,28,28,30],"current_hp_per_floor":[70,70,70,70,70,50,50,50,50,46,46,42,42,41,62,55,70,55,55,55,55,55,35,56,50,50,45,45,45,45,47,69,0],"gold":66,"neow_bonus":"BOSS_RELIC","is_prod":false,"is_daily":false,"chose_seed":false,"campfire_upgraded":2,"win_rate":0,"timestamp":1550336154,"path_taken":["M","?","$","?","?","E","$","R","T","M","R","M","?","?","R","BOSS","M","?","?","?","?","E","R","M","T","M","$","M","$","E","R","BOSS"],"build_version":"2019-01-23","purchased_purges":1,"victory":false,"max_hp_per_floor":[70,70,70,70,70,70,70,70,70,70,70,70,70,70,70,70,70,70,70,70,70,70,72,72,72,72,74,74,76,76,76,76,76],"card_choices":[{"not_picked":["Poisoned Stab","Endless Agony"],"picked":"Cloak And Dagger","floor":1},{"not_picked":["Dagger Throw","Distraction","Poisoned Stab"],"picked":"SKIP","floor":4},{"not_picked":["Bane","Deflect"],"picked":"Tools of the Trade","floor":6},{"not_picked":["Caltrops","Blur"],"picked":"Underhanded Strike","floor":10},{"not_picked":["Dodge and Roll","Deadly Poison","Poisoned Stab"],"picked":"SKIP","floor":12},{"not_picked":["Reflex","Flying Knee"],"picked":"Acrobatics","floor":14},{"not_picked":["Burst","Tools of the Trade"],"picked":"Corpse Explosion","floor":16},{"not_picked":["Deflect","Flying Knee"],"picked":"Backstab","floor":18},{"not_picked":["Quick Slash","Heel Hook","Dagger Spray"],"picked":"Singing Bowl","floor":23},{"not_picked":["All Out Attack","Terror"],"picked":"Dodge and Roll+1","floor":25},{"not_picked":["All Out Attack","Bane","Crippling Poison"],"picked":"Singing Bowl","floor":27},{"not_picked":["Heel Hook","Outmaneuver","Dodge and Roll+1"],"picked":"Singing Bowl","floor":29},{"not_picked":["Acrobatics","Tools of the Trade"],"picked":"Cloak And Dagger+1","floor":31}],"player_experience":190002,"relics_obtained":[{"floor":6,"key":"Ancient Tea Set"},{"floor":9,"key":"Orichalcum"},{"floor":22,"key":"Omamori"},{"floor":23,"key":"Whetstone"},{"floor":26,"key":"Pocketwatch"},{"floor":31,"key":"Frozen Egg 2"}],"event_choices":[{"cards_removed":["Defend_G"],"damage_healed":0,"gold_gain":0,"player_choice":"Purged","damage_taken":0,"max_hp_gain":0,"max_hp_loss":0,"event_name":"Purifier","floor":2,"gold_loss":0},{"damage_healed":0,"gold_gain":0,"cards_transformed":["Strike_G"],"player_choice":"Transformed","damage_taken":0,"max_hp_gain":0,"max_hp_loss":0,"event_name":"Transmorgrifier","floor":5,"gold_loss":0,"cards_obtained":["Reflex"]},{"damage_healed":0,"gold_gain":0,"player_choice":"Read","damage_taken":0,"max_hp_gain":0,"max_hp_loss":0,"event_name":"The Library","floor":19,"gold_loss":0,"cards_obtained":["Blade Dance"]},{"damage_healed":0,"gold_gain":0,"player_choice":"Opened","damage_taken":0,"relics_obtained":["Singing Bowl"],"max_hp_gain":0,"max_hp_loss":0,"event_name":"The Mausoleum","floor":20,"gold_loss":0,"cards_obtained":["Writhe"]},{"damage_healed":0,"gold_gain":0,"player_choice":"Inject Mutagens","damage_taken":0,"relics_obtained":["MutagenicStrength"],"max_hp_gain":0,"max_hp_loss":0,"event_name":"Drug Dealer","floor":21,"gold_loss":0}],"is_beta":false,"boss_relics":[{"not_picked":["White Beast Statue","Pandora\u0027s Box"],"picked":"Sozu"}],"items_purged_floors":[28],"is_endless":false,"potions_floor_spawned":[4,6,10,23,27],"killed_by":"Champ","ascension_level":2}