{"gold_per_floor":[110,110,110,125,145,145,176,187,265,293,293,293,144,164,164,266,266,253,268,268],"floor_reached":20,"playtime":1224,"items_purged":["Strike_B"],"score":221,"play_id":"483d0733-c552-49dc-9dc6-a3a6baa7679a","local_time":"20190307013027","is_ascension_mode":true,"campfire_choices":[{"data":"Leap","floor":6,"key":"SMITH"},{"data":"Echo Form","floor":11,"key":"SMITH"},{"floor":15,"key":"REST"}],"neow_cost":"NONE","seed_source_timestamp":51104488366177,"circlet_count":0,"master_deck":["Strike_B","Strike_B","Strike_B","Defend_B","Defend_B","Defend_B+1","Defend_B","Zap+1","Dualcast","Leap+1","Auto Shields","Sweeping Beam","Glacier+1","Compile Driver","Echo Form+1","Defragment","Biased Cognition","Leap+1","Capacitor"],"relics":["Cracked Core","NeowsBlessing","Girya","Shuriken","War Paint","Snecko Eye"],"potions_floor_usage":[10,14,20,20],"damage_taken":[{"damage":0,"enemies":"Jaw Worm","floor":1,"turns":1},{"damage":0,"enemies":"2 Louse","floor":4,"turns":1},{"damage":0,"enemies":"Cultist","floor":5,"turns":1},{"damage":49,"enemies":"Gremlin Nob","floor":7,"turns":5},{"damage":0,"enemies":"Looter","floor":8,"turns":3},{"damage":5,"enemies":"Lagavulin","floor":10,"turns":8},{"damage":6,"enemies":"Blue Slaver","floor":14,"turns":3},{"damage":40,"enemies":"The Guardian","floor":16,"turns":19},{"damage":2,"enemies":"2 Thieves","floor":18,"turns":4},{"damage":0,"enemies":"Spheric Guardian","floor":19,"turns":5},{"damage":13,"enemies":"Colosseum Slavers","floor":20,"turns":8},{"damage":84,"enemies":"Colosseum Nobs","floor":20,"turns":8}],"seed_played":"-4290980216012163497","potions_obtained":[{"floor":5,"key":"Energy Potion"},{"floor":8,"key":"AttackPotion"},{"floor":16,"key":"SpeedPotion"},{"floor":19,"key":"Block Potion"}],"is_trial":false,"path_per_floor":["M","?","?","M","M","R","E","M","T","E","R","?","$","M","R","B",null,"M","M","?"],"character_chosen":"DEFECT","items_purchased":["Defragment"],"campfire_rested":1,"item_purchase_floors":[13],"current_hp_per_floor":[75,80,80,80,80,80,31,31,31,26,26,26,26,20,44,4,80,78,78,0],"gold":268,"neow_bonus":"THREE_ENEMY_KILL","is_prod":false,"is_daily":false,"chose_seed":false,"campfire_upgraded":2,"win_rate":0,"timestamp":1551951027,"path_taken":["M","?","?","M","?","R","E","M","T","E","R","?","$","M","R","BOSS","M","M","?"],"build_version":"2019-01-23","purchased_purges":1,"victory":false,"max_hp_per_floor":[75,80,80,80,80,80,80,80,80,80,80,80,80,80,80,80,80,80,80,80],"card_choices":[{"not_picked":["Conserve Battery","Lockon"],"picked":"Leap","floor":1},{"not_picked":["Stack","Fission"],"picked":"Auto Shields","floor":4},{"not_picked":["Hologram","Turbo"],"picked":"Sweeping Beam","floor":5},{"not_picked":["Fusion","Redo"],"picked":"Glacier","floor":7},{"not_picked":["Beam Cell","Gash"],"picked":"Compile Driver","floor":8},{"not_picked":["Barrage","Go for the Eyes"],"picked":"Echo Form","floor":10},{"not_picked":["Compile Driver","Loop","Force Field"],"picked":"SKIP","floor":14},{"not_picked":["Rainbow","Thunder Strike"],"picked":"Biased Cognition","floor":16},{"not_picked":["Beam Cell","Barrage"],"picked":"Leap+1","floor":18},{"not_picked":["Steam","Barrage"],"picked":"Capacitor","floor":19}],"player_experience":332384,"relics_obtained":[{"floor":7,"key":"Girya"},{"floor":9,"key":"Shuriken"},{"floor":10,"key":"War Paint"}],"event_choices":[{"damage_healed":0,"gold_gain":0,"player_choice":"Donut","damage_taken":0,"max_hp_gain":5,"max_hp_loss":0,"event_name":"Big Fish","floor":2,"gold_loss":0},{"damage_healed":0,"gold_gain":0,"player_choice":"Forge","damage_taken":0,"max_hp_gain":0,"max_hp_loss":0,"event_name":"Accursed Blacksmith","floor":3,"gold_loss":0,"cards_upgraded":["Zap"]},{"damage_healed":0,"gold_gain":0,"player_choice":"Fled","damage_taken":0,"max_hp_gain":0,"max_hp_loss":0,"event_name":"Scrap Ooze","floor":12,"gold_loss":0},{"damage_healed":0,"gold_gain":0,"player_choice":"Fight","damage_taken":0,"max_hp_gain":0,"max_hp_loss":0,"event_name":"Colosseum","floor":20,"gold_loss":0},{"damage_healed":0,"gold_gain":0,"player_choice":"Fought Nobs","damage_taken":0,"max_hp_gain":0,"max_hp_loss":0,"event_name":"Colosseum","floor":20,"gold_loss":0}],"is_beta":false,"boss_relics":[{"not_picked":["Ectoplasm","Busted Crown"],"picked":"Snecko Eye"}],"items_purged_floors":[13],"is_endless":false,"potions_floor_spawned":[5,8,16,19,20],"killed_by":"Colosseum Nobs","ascension_level":4}