{"gold_per_floor":[118,72,72,87,87,87,116,116,162,176,209,209,225,225,225,325,325,337,190,370,390,400,400,400,417,417,444,98,98,109,109,109,204,204,220,220,220,236,249,249,268,268],"floor_reached":42,"playtime":1493,"items_purged":[],"score":472,"play_id":"d20ba35e-7ffe-443a-b5b3-d9f3ac7a0bd1","local_time":"20190120230817","is_ascension_mode":true,"campfire_choices":[{"floor":6,"key":"RECALL"},{"floor":8,"key":"REST"},{"floor":15,"key":"REST"},{"floor":23,"key":"REST"},{"floor":29,"key":"REST"},{"floor":32,"key":"REST"},{"floor":40,"key":"REST"}],"neow_cost":"NONE","seed_source_timestamp":1035083748347850,"circlet_count":0,"master_deck":["Strike_R","Strike_R","Strike_R","Defend_R","Defend_R","Defend_R","Defend_R","Bash","Rampage+1","Blood for Blood","Whirlwind+1","Flame Barrier","Pommel Strike","Battle Trance","Dropkick","Fiend Fire+1","Whirlwind+1","Flex","Sword Boomerang+1","Writhe","Seeing Red+1","Flex+1","Pummel+1","Feed","Bloodletting+1","Flex+1","Flex+1","Pommel Strike","Flex+1","Warcry+1","Shrug It Off+1"],"relics":["Philosopher\u0027s Stone","Juzu Bracelet","Regal Pillow","Fusion Hammer","Bronze Scales","Champion Belt","Frozen Egg 2","Toxic Egg 2","Red Skull","Astrolabe"],"potions_floor_usage":[16,16,27,27,33,33],"damage_taken":[{"damage":2,"enemies":"Cultist","floor":1,"turns":3},{"damage":0,"enemies":"Small Slimes","floor":4,"turns":3},{"damage":50,"enemies":"Lagavulin","floor":7,"turns":9},{"damage":7,"enemies":"Jaw Worm","floor":10,"turns":3},{"damage":25,"enemies":"3 Sentries","floor":11,"turns":6},{"damage":6,"enemies":"Red Slaver","floor":13,"turns":3},{"damage":38,"enemies":"The Guardian","floor":16,"turns":8},{"damage":1,"enemies":"Spheric Guardian","floor":18,"turns":3},{"damage":0,"enemies":"3 Byrds","floor":21,"turns":2},{"damage":14,"enemies":"3 Cultists","floor":22,"turns":3},{"damage":24,"enemies":"Snake Plant","floor":25,"turns":2},{"damage":32,"enemies":"Gremlin Leader","floor":27,"turns":4},{"damage":11,"enemies":"Sentry and Sphere","floor":30,"turns":3},{"damage":66,"enemies":"Champ","floor":33,"turns":9},{"damage":3,"enemies":"Orb Walker","floor":35,"turns":3},{"damage":28,"enemies":"3 Shapes","floor":38,"turns":5},{"damage":26,"enemies":"Jaw Worm Horde","floor":39,"turns":3},{"damage":40,"enemies":"Sphere and 2 Shapes","floor":41,"turns":4},{"damage":55,"enemies":"Nemesis","floor":42,"turns":3}],"seed_played":"-5586900990179175778","potions_obtained":[{"floor":7,"key":"Explosive Potion"},{"floor":11,"key":"AttackPotion"},{"floor":13,"key":"SkillPotion"},{"floor":22,"key":"SkillPotion"},{"floor":25,"key":"Weak Potion"},{"floor":30,"key":"BloodPotion"}],"is_trial":false,"path_per_floor":["M","$","?","M","$","R","E","R","T","M","E","?","M","?","R","B",null,"M","$","?","M","M","R","?","M","T","E","$","R","M","?","R","B",null,"M","?","?","M","M","R","M","E"],"character_chosen":"IRONCLAD","items_purchased":["Thunderclap","Bronze Scales","Red Skull","Flex+1","Barricade+1"],"campfire_rested":6,"item_purchase_floors":[2,19,28,28,28],"current_hp_per_floor":[78,78,78,78,78,78,28,52,52,45,20,20,14,14,53,15,80,79,79,47,47,33,72,72,48,48,16,16,55,44,44,80,22,80,77,77,77,52,29,69,29,0],"gold":268,"neow_bonus":"BOSS_RELIC","is_prod":false,"is_daily":false,"chose_seed":false,"campfire_upgraded":0,"win_rate":0,"timestamp":1548043697,"path_taken":["M","?","?","M","$","R","E","R","T","M","E","?","M","?","R","BOSS","M","$","?","M","M","R","?","M","T","E","$","R","M","?","R","BOSS","M","?","?","M","M","R","M","E"],"build_version":"2019-01-17v2","purchased_purges":0,"victory":false,"max_hp_per_floor":[80,80,80,80,80,80,80,80,80,80,80,80,80,80,80,80,80,80,80,80,80,80,80,80,80,80,80,80,80,80,80,80,80,80,80,80,80,83,86,86,86,86],"card_choices":[{"not_picked":["Clash","Pommel Strike"],"picked":"Rampage","floor":1},{"not_picked":["Battle Trance","True Grit"],"picked":"Whirlwind","floor":4},{"not_picked":["Sentinel","Heavy Blade"],"picked":"Flame Barrier","floor":7},{"not_picked":["Berserk","Armaments"],"picked":"Pommel Strike","floor":10},{"not_picked":["Body Slam","Warcry"],"picked":"Battle Trance","floor":11},{"not_picked":["Second Wind","Sword Boomerang"],"picked":"Dropkick","floor":13},{"not_picked":["Reaper","Offering"],"picked":"Fiend Fire","floor":16},{"not_picked":["Anger","Fire Breathing"],"picked":"Whirlwind+1","floor":18},{"not_picked":["Wild Strike","Dual Wield+1"],"picked":"Flex","floor":21},{"not_picked":["Anger","Cleave"],"picked":"Sword Boomerang+1","floor":22},{"not_picked":["Shockwave","Armaments"],"picked":"Reckless Charge","floor":25},{"not_picked":["Iron Wave+1","Anger"],"picked":"Seeing Red+1","floor":27},{"not_picked":["Headbutt","Sword Boomerang"],"picked":"Pummel+1","floor":30},{"not_picked":["Exhume+1","Immolate"],"picked":"Feed","floor":33},{"not_picked":["Headbutt","Seeing Red+1"],"picked":"Flex+1","floor":35},{"not_picked":["Havoc+1","True Grit+1"],"picked":"Flex+1","floor":38},{"not_picked":["Sword Boomerang+1","Sentinel+1"],"picked":"Warcry+1","floor":39},{"not_picked":["Heavy Blade","Warcry+1"],"picked":"Shrug It Off+1","floor":41}],"player_experience":91872,"relics_obtained":[{"floor":7,"key":"Juzu Bracelet"},{"floor":11,"key":"Regal Pillow"},{"floor":26,"key":"Frozen Egg 2"},{"floor":27,"key":"Toxic Egg 2"}],"event_choices":[{"damage_healed":0,"gold_gain":0,"cards_transformed":["Thunderclap"],"player_choice":"Transformed","damage_taken":0,"max_hp_gain":0,"max_hp_loss":0,"event_name":"Transmorgrifier","floor":3,"gold_loss":0,"cards_obtained":["Blood for Blood"]},{"damage_healed":0,"gold_gain":0,"player_choice":"Grow","damage_taken":0,"max_hp_gain":0,"max_hp_loss":0,"event_name":"Living Wall","floor":12,"gold_loss":0,"cards_upgraded":["Whirlwind"]},{"damage_healed":0,"gold_gain":0,"player_choice":"Upgraded","damage_taken":0,"max_hp_gain":0,"max_hp_loss":0,"event_name":"Upgrade Shrine","floor":14,"gold_loss":0,"cards_upgraded":["Rampage"]},{"damage_healed":0,"gold_gain":180,"player_choice":"GOLD GOLD POTION ","damage_taken":32,"max_hp_gain":0,"max_hp_loss":0,"event_name":"Knowing Skull","floor":20,"potions_obtained":["SneckoOil"],"gold_loss":0,"cards_obtained":[]},{"damage_healed":0,"gold_gain":0,"player_choice":"Opened","damage_taken":0,"relics_obtained":["Champion Belt"],"max_hp_gain":0,"max_hp_loss":0,"event_name":"The Mausoleum","floor":24,"gold_loss":0,"cards_obtained":["Writhe"]},{"damage_healed":0,"gold_gain":0,"player_choice":"Upgraded","damage_taken":0,"max_hp_gain":0,"max_hp_loss":0,"event_name":"Upgrade Shrine","floor":31,"gold_loss":0,"cards_upgraded":["Fiend Fire"]},{"cards_removed":["Brutality"],"damage_healed":0,"gold_gain":0,"player_choice":"Removed Power","damage_taken":0,"max_hp_gain":0,"max_hp_loss":0,"event_name":"Falling","floor":36,"gold_loss":0},{"damage_healed":0,"gold_gain":0,"cards_transformed":["Strike_R"],"player_choice":"Transformed","damage_taken":0,"max_hp_gain":0,"max_hp_loss":0,"event_name":"Transmorgrifier","floor":37,"gold_loss":0,"cards_obtained":["Pommel Strike"]}],"is_beta":false,"boss_relics":[{"not_picked":["Cursed Key","Pandora\u0027s Box"],"picked":"Fusion Hammer"},{"not_picked":["Snecko Eye","Coffee Dripper"],"picked":"Astrolabe"}],"items_purged_floors":[],"is_endless":false,"potions_floor_spawned":[7,11,13,22,25,30],"killed_by":"Nemesis","ascension_level":1}