{"gold_per_floor":[115,6,16,32,32,32,51,51,51,51,51,70,70,80,80,158,158,83,83],"floor_reached":19,"playtime":854,"items_purged":["Strike_R"],"score":262,"play_id":"5cc2a518-bdf9-48ee-9d27-f39112f1d8e9","local_time":"20181116175539","is_ascension_mode":true,"campfire_choices":[{"data":"True Grit","floor":6,"key":"SMITH"},{"data":"Metallicize","floor":8,"key":"SMITH"},{"data":"Shockwave","floor":10,"key":"SMITH"},{"data":"Pommel Strike","floor":15,"key":"SMITH"}],"neow_cost":"NONE","seed_source_timestamp":115308485659686,"circlet_count":0,"master_deck":["AscendersBane","Strike_R","Strike_R","Strike_R","Strike_R","Defend_R","Defend_R","Defend_R","Defend_R","Bash+1","Wild Strike","Shockwave+1","True Grit+1","Metallicize+1","Pain","Pommel Strike+1","Barricade","Rampage"],"relics":["Burning Blood","WarpedTongs","Pantograph","Self Forming Clay","Ectoplasm"],"potions_floor_usage":[16,16,19],"damage_taken":[{"damage":10,"enemies":"Small Slimes","floor":1,"turns":4},{"damage":6,"enemies":"Cultist","floor":3,"turns":4},{"damage":14,"enemies":"2 Louse","floor":4,"turns":3},{"damage":7,"enemies":"Looter","floor":7,"turns":4},{"damage":2,"enemies":"2 Fungi Beasts","floor":12,"turns":4},{"damage":11,"enemies":"Gremlin Gang","floor":14,"turns":7},{"damage":44,"enemies":"Hexaghost","floor":16,"turns":13},{"damage":20,"enemies":"2 Thieves","floor":18,"turns":5},{"damage":1,"enemies":"Spheric Guardian","floor":19,"turns":3}],"seed_played":"4957361742129885795","potions_obtained":[{"floor":1,"key":"SkillPotion"},{"floor":4,"key":"Poison Potion"},{"floor":18,"key":"AttackPotion"}],"is_trial":false,"path_per_floor":["M","$","M","M","?","R","M","R","T","R","$","M","T","M","R","B",null,"M","M"],"character_chosen":"IRONCLAD","items_purchased":["Shockwave"],"campfire_rested":0,"item_purchase_floors":[2],"current_hp_per_floor":[68,68,68,60,60,60,59,59,59,59,59,63,63,58,58,42,71,57,56],"gold":83,"neow_bonus":"UPGRADE_CARD","is_prod":false,"is_daily":false,"chose_seed":false,"campfire_upgraded":4,"win_rate":0,"timestamp":1542408939,"path_taken":["M","$","M","M","?","R","M","R","T","R","$","?","?","M","R","BOSS","M","M"],"build_version":"2018-11-15","purchased_purges":1,"victory":false,"max_hp_per_floor":[80,80,80,80,80,80,80,80,80,80,80,80,80,80,80,80,80,80,80],"card_choices":[{"not_picked":["Dual Wield","Rage"],"picked":"Wild Strike","floor":1},{"not_picked":["Flame Barrier","Clash"],"picked":"True Grit","floor":3},{"not_picked":["Burning Pact","Clash"],"picked":"Metallicize","floor":4},{"not_picked":["Ghostly Armor","Rupture","Blood for Blood"],"picked":"SKIP","floor":7},{"not_picked":["Combust","Armaments"],"picked":"Pommel Strike","floor":12},{"not_picked":["Rage","Cleave","Twin Strike"],"picked":"SKIP","floor":14},{"not_picked":["Brutality","Bludgeon"],"picked":"Barricade","floor":16},{"not_picked":["Feel No Pain","Clash"],"picked":"Rampage","floor":18}],"player_experience":385321,"relics_obtained":[{"floor":9,"key":"Pantograph"},{"floor":13,"key":"Self Forming Clay"}],"event_choices":[{"damage_healed":0,"gold_gain":0,"player_choice":"Rummage","damage_taken":0,"relics_obtained":["WarpedTongs"],"max_hp_gain":0,"max_hp_loss":0,"event_name":"Accursed Blacksmith","floor":5,"gold_loss":0,"cards_obtained":["Pain"]}],"is_beta":true,"boss_relics":[{"not_picked":["Orrery","Lizard Tail"],"picked":"Ectoplasm"}],"items_purged_floors":[2],"is_endless":false,"potions_floor_spawned":[1,4,18],"killed_by":"Spheric Guardian","ascension_level":13}