{"gold_per_floor":[119,119,129,145,164,164,14,14,39,74,74,108,53,65,65,138,138,151,164,183,73,73,73,92,11,57,57,71,71,89,124,124,124],"floor_reached":33,"playtime":1270,"items_purged":["Strike_R"],"score":554,"play_id":"42a4914d-f68d-469f-ab97-847f1240c9e0","local_time":"20181124125307","is_ascension_mode":true,"campfire_choices":[{"data":"Flame Barrier","floor":6.0,"key":"SMITH"},{"data":"Inflame","floor":8.0,"key":"SMITH"},{"data":"Bash","floor":11.0,"key":"SMITH"},{"floor":15.0,"key":"REST"},{"data":"Spot Weakness","floor":23.0,"key":"SMITH"},{"floor":27.0,"key":"REST"},{"floor":32.0,"key":"REST"}],"neow_cost":"NONE","seed_source_timestamp":0,"circlet_count":0,"master_deck":["AscendersBane","Strike_R+1","Strike_R","Strike_R","Defend_R","Defend_R","Defend_R","Bash+1","Flame Barrier+1","Battle Trance","Inflame+1","Spot Weakness+1","Shockwave","Shrug It Off","Shockwave","Reaper+1","Whirlwind+1","Pommel Strike+1","True Grit+1","Feel No Pain","Writhe","Feed+1","True Grit"],"special_seed":0,"relics":["Burning Blood","NeowsBlessing","Bag of Marbles","Molten Egg 2","Philosopher\u0027s Stone","Happy Flower","Ice Cream","Boot"],"potions_floor_usage":[],"damage_taken":[{"damage":0.0,"enemies":"Small Slimes","floor":1.0,"turns":1.0},{"damage":0.0,"enemies":"Cultist","floor":3.0,"turns":1.0},{"damage":0.0,"enemies":"Jaw Worm","floor":4.0,"turns":1.0},{"damage":3.0,"enemies":"3 Louse","floor":5.0,"turns":5.0},{"damage":25.0,"enemies":"Gremlin Nob","floor":10.0,"turns":4.0},{"damage":50.0,"enemies":"3 Sentries","floor":12.0,"turns":9.0},{"damage":6.0,"enemies":"2 Fungi Beasts","floor":14.0,"turns":4.0},{"damage":11.0,"enemies":"The Guardian","floor":16.0,"turns":17.0},{"damage":42.0,"enemies":"Chosen","floor":18.0,"turns":5.0},{"damage":27.0,"enemies":"Spheric Guardian","floor":19.0,"turns":7.0},{"damage":19.0,"enemies":"Snecko","floor":20.0,"turns":5.0},{"damage":16.0,"enemies":"Snake Plant","floor":24.0,"turns":3.0},{"damage":12.0,"enemies":"3 Cultists","floor":28.0,"turns":3.0},{"damage":30.0,"enemies":"Cultist and Chosen","floor":30.0,"turns":6.0},{"damage":12.0,"enemies":"Slavers","floor":31.0,"turns":2.0},{"damage":64,"enemies":"Automaton","floor":33,"turns":6}],"seed_played":"7504905344982106639","potions_obtained":[{"floor":4.0,"key":"Block Potion"},{"floor":10.0,"key":"FearPotion"},{"floor":12.0,"key":"PowerPotion"},{"floor":16.0,"key":"Energy Potion"},{"floor":20.0,"key":"LiquidBronze"},{"floor":28.0,"key":"PowerPotion"}],"is_trial":false,"path_per_floor":["M","?","M","M","M","R","$","R","T","E","R","E","$","M","R","B",null,"M","M","M","?","$","R","M","$","T","R","M","?","M","E","R","B"],"character_chosen":"IRONCLAD","items_purchased":["Inflame","Shrug It Off","Feel No Pain"],"campfire_rested":3,"item_purchase_floors":[7,13,25],"current_hp_per_floor":[74,74,75,75,75,75,75,75,75,56,56,12,12,12,34,29,64,35,30,33,33,33,33,23,23,23,45,39,39,35,29,51,0],"gold":124,"neow_bonus":"THREE_ENEMY_KILL","is_prod":false,"is_daily":false,"chose_seed":false,"campfire_upgraded":4,"win_rate":0,"timestamp":1543092787,"path_taken":["M","?","M","?","M","R","$","R","T","E","R","E","$","M","R","BOSS","M","M","M","?","$","R","?","$","T","R","?","?","M","E","R","BOSS"],"build_version":"2018-11-15","purchased_purges":1,"victory":false,"max_hp_per_floor":[75,75,75,75,75,75,75,75,75,75,75,75,75,75,75,75,75,75,75,75,75,75,75,75,75,75,75,75,75,75,75,75,75],"card_choices":[{"not_picked":["Clothesline","Feel No Pain"],"picked":"Flame Barrier","floor":1.0},{"not_picked":["Evolve","Sever Soul","Flex"],"picked":"SKIP","floor":3.0},{"not_picked":["Body Slam","Sentinel"],"picked":"Battle Trance","floor":4.0},{"not_picked":["Burning Pact","Clash","Perfected Strike"],"picked":"SKIP","floor":5.0},{"not_picked":["Rage","Power Through"],"picked":"Spot Weakness","floor":10.0},{"not_picked":["Wild Strike","Cleave"],"picked":"Shockwave","floor":12.0},{"not_picked":["Rampage+1","Body Slam+1"],"picked":"Shockwave","floor":14.0},{"not_picked":["Bludgeon+1","Exhume"],"picked":"Reaper+1","floor":16.0},{"not_picked":["Flame Barrier","Pommel Strike+1"],"picked":"Whirlwind+1","floor":18.0},{"not_picked":["Second Wind","Burning Pact","Rage"],"picked":"SKIP","floor":19.0},{"not_picked":["Iron Wave+1","Rupture"],"picked":"Pommel Strike+1","floor":20.0},{"not_picked":["Flex","Power Through+1"],"picked":"True Grit+1","floor":24.0},{"not_picked":["Sword Boomerang+1","Perfected Strike+1","Anger+1"],"picked":"SKIP","floor":28.0},{"not_picked":["Thunderclap+1","Warcry"],"picked":"Feed+1","floor":30.0},{"not_picked":["Flex","Hemokinesis+1"],"picked":"True Grit","floor":31.0}],"player_experience":675377,"relics_obtained":[{"floor":10.0,"key":"Bag of Marbles"},{"floor":12.0,"key":"Molten Egg 2"},{"floor":26.0,"key":"Happy Flower"},{"floor":31.0,"key":"Boot"}],"event_choices":[{"cards_removed":["Defend_R"],"damage_healed":0.0,"max_hp_gain":0.0,"max_hp_loss":0.0,"gold_gain":0.0,"event_name":"Bonfire Elementals","player_choice":"Offered Basic","floor":2.0,"gold_loss":0.0,"damage_taken":0.0},{"cards_removed":["Strike_R"],"damage_healed":0.0,"max_hp_gain":0.0,"max_hp_loss":0.0,"gold_gain":0.0,"event_name":"Designer","player_choice":"Upgrade and Remove","floor":21.0,"gold_loss":110.0,"damage_taken":0.0,"cards_upgraded":["Strike_R"]},{"damage_healed":0.0,"max_hp_gain":0.0,"max_hp_loss":0.0,"gold_gain":0.0,"event_name":"The Mausoleum","player_choice":"Opened","floor":29.0,"gold_loss":0.0,"damage_taken":0.0,"relics_obtained":["Ice Cream"],"cards_obtained":["Writhe"]}],"is_beta":false,"boss_relics":[{"not_picked":["Coffee Dripper","Lizard Tail"],"picked":"Philosopher\u0027s Stone"}],"items_purged_floors":[7],"is_endless":false,"potions_floor_spawned":[4,10,12,16,20,28],"killed_by":"Automaton","ascension_level":20}