{"gold_per_floor":[111,111,127,146,159,159,169,169,196,271,145,158,236,256,256,256],"floor_reached":16,"playtime":396,"items_purged":["Strike_B"],"score":188,"play_id":"a8bfaa07-b73f-479f-89c0-b2af599302ad","local_time":"20190122181751","is_ascension_mode":true,"campfire_choices":[{"data":"Cold Snap","floor":6,"key":"SMITH"},{"data":"Blizzard","floor":8,"key":"SMITH"},{"data":"Coolheaded","floor":15,"key":"SMITH"}],"neow_cost":"NONE","seed_source_timestamp":1177275593057960,"circlet_count":0,"master_deck":["AscendersBane","Strike_B+1","Strike_B+1","Defend_B","Defend_B","Defend_B","Defend_B","Zap","Dualcast","Coolheaded","Auto Shields","Blizzard+1","Cold Snap+1","Melter","Coolheaded+1"],"relics":["Cracked Core","Whetstone","Blood Vial","Tiny Chest","Dodecahedron"],"potions_floor_usage":[14],"damage_taken":[{"damage":4,"enemies":"Jaw Worm","floor":1,"turns":3},{"damage":0,"enemies":"Cultist","floor":3,"turns":3},{"damage":7,"enemies":"Small Slimes","floor":4,"turns":3},{"damage":1,"enemies":"Looter","floor":5,"turns":4},{"damage":0,"enemies":"2 Fungi Beasts","floor":7,"turns":3},{"damage":5,"enemies":"Blue Slaver","floor":12,"turns":3},{"damage":29,"enemies":"Gremlin Gang","floor":14,"turns":6},{"damage":19,"enemies":"The Guardian","floor":16,"turns":2}],"seed_played":"-793205262665138888","potions_obtained":[{"floor":4,"key":"SkillPotion"},{"floor":5,"key":"FearPotion"}],"is_trial":false,"path_per_floor":["?","T","M","T"],"character_chosen":"DEFECT","items_purchased":["Coolheaded"],"campfire_rested":0,"item_purchase_floors":[11],"current_hp_per_floor":[60,53,53,46,45,45,45,45,45,45,45,42,42,15,15,0],"gold":256,"neow_bonus":"RANDOM_COMMON_RELIC","is_prod":false,"is_daily":false,"chose_seed":false,"campfire_upgraded":3,"win_rate":0,"timestamp":1548199071,"path_taken":["M","?","M","M","M","R","M","R","T","?","$","?","?","M","R","BOSS"],"build_version":"2019-01-20","purchased_purges":1,"victory":false,"max_hp_per_floor":[71,71,71,71,71,71,71,71,71,71,71,71,71,71,71,71],"card_choices":[{"not_picked":["Steam","Scrape"],"picked":"Coolheaded","floor":1},{"not_picked":["Steam Power","Leap"],"picked":"Auto Shields","floor":3},{"not_picked":["Genetic Algorithm","Reprogram"],"picked":"Blizzard","floor":4},{"not_picked":["Streamline","Steam Power"],"picked":"Cold Snap","floor":5},{"not_picked":["Genetic Algorithm","Redo"],"picked":"Melter","floor":7},{"not_picked":["Compile Driver","Redo","Aggregate"],"picked":"SKIP","floor":12},{"not_picked":["Redo","Double Energy","Beam Cell"],"picked":"SKIP","floor":14}],"player_experience":489648,"relics_obtained":[{"floor":9,"key":"Blood Vial"},{"floor":10,"key":"Tiny Chest"},{"floor":13,"key":"Dodecahedron"}],"event_choices":[{"cards_removed":["Strike_B"],"damage_healed":0,"gold_gain":0,"player_choice":"Card Removal","damage_taken":7,"max_hp_gain":0,"max_hp_loss":0,"event_name":"Golden Wing","floor":2,"gold_loss":0}],"is_beta":true,"boss_relics":[],"items_purged_floors":[11],"is_endless":false,"potions_floor_spawned":[4,5,12],"killed_by":"The Guardian","ascension_level":20}