{"gold_per_floor":[114,114,129,79,254,254,254,284,284,57,57,72,102,144,156,168],"floor_reached":16,"playtime":1592,"items_purged":["Doubt"],"score":141,"play_id":"b8264578-2cff-4107-a896-afb59c54a70b","local_time":"20190205233158","daily_mods":["Shiny","Flight","Binary"],"is_ascension_mode":false,"campfire_choices":[{"data":"Barricade","floor":6,"key":"SMITH"},{"data":"Demon Form","floor":7,"key":"SMITH"},{"data":"Dark Embrace","floor":11,"key":"SMITH"},{"data":"Feel No Pain","floor":15,"key":"SMITH"}],"neow_cost":"","seed_source_timestamp":0,"circlet_count":0,"master_deck":["Double Tap","Demon Form+1","Bludgeon","Feed","Barricade+1","Fiend Fire","Dark Embrace+1","Berserk+1","Impervious","Juggernaut","Brutality","Reaper","Exhume","Offering","Immolate","Anger","Pommel Strike","Heavy Blade","Feel No Pain+1","Dramatic Entrance","Offering","Anger"],"special_seed":17933,"relics":["Burning Blood","Boot","Question Card","MawBank","Omamori"],"potions_floor_usage":[16,16],"damage_taken":[{"damage":15,"enemies":"Cultist","floor":1,"turns":3},{"damage":17,"enemies":"Jaw Worm","floor":3,"turns":2},{"damage":41,"enemies":"3 Sentries","floor":8,"turns":4},{"damage":4,"enemies":"2 Louse","floor":12,"turns":2},{"damage":7,"enemies":"Lagavulin","floor":13,"turns":3},{"damage":17,"enemies":"3 Sentries","floor":14,"turns":4},{"damage":108,"enemies":"Hexaghost","floor":16,"turns":8}],"seed_played":"843888505984905002","potions_obtained":[{"floor":3,"key":"LiquidBronze"},{"floor":8,"key":"Poison Potion"},{"floor":13,"key":"FearPotion"},{"floor":14,"key":"Regen Potion"}],"is_trial":false,"path_per_floor":["M","?","M","?","?","R","R","E","T","$","R","M","E","E","R","B"],"character_chosen":"IRONCLAD","items_purchased":["Feel No Pain","Dramatic Entrance"],"campfire_rested":0,"item_purchase_floors":[10,10],"current_hp_per_floor":[77,77,72,72,72,72,72,79,79,79,79,81,83,92,92,0],"gold":168,"neow_bonus":"","is_prod":false,"is_daily":true,"chose_seed":false,"campfire_upgraded":4,"win_rate":0,"timestamp":1549416718,"path_taken":["M","?","?","?","?","R","R","E","T","$","R","?","E","E","R","BOSS"],"build_version":"2019-01-23","purchased_purges":1,"victory":false,"max_hp_per_floor":[80,80,83,83,83,83,83,86,86,86,86,86,89,92,92,92],"card_choices":[{"not_picked":["True Grit"],"picked":"Anger","floor":1},{"not_picked":["Clash"],"picked":"Pommel Strike","floor":3},{"not_picked":["Power Through"],"picked":"Heavy Blade","floor":8},{"not_picked":["Corruption","Feel No Pain","Clothesline"],"picked":"SKIP","floor":12},{"not_picked":["Cleave","Burning Pact"],"picked":"Offering","floor":13},{"not_picked":["Second Wind","Spot Weakness"],"picked":"Anger","floor":14}],"player_experience":64075,"relics_obtained":[{"floor":8,"key":"Boot"},{"floor":9,"key":"Question Card"},{"floor":13,"key":"MawBank"},{"floor":14,"key":"Omamori"}],"event_choices":[{"damage_healed":0,"gold_gain":0,"player_choice":"Forge","damage_taken":0,"max_hp_gain":0,"max_hp_loss":0,"event_name":"Accursed Blacksmith","floor":2,"gold_loss":0,"cards_upgraded":["Berserk"]},{"cards_removed":["Limit Break"],"damage_healed":0,"gold_gain":0,"player_choice":"Card Removal","damage_taken":0,"max_hp_gain":0,"max_hp_loss":0,"event_name":"The Cleric","floor":4,"gold_loss":50},{"damage_healed":0,"gold_gain":175,"player_choice":"AGREE","damage_taken":0,"max_hp_gain":0,"max_hp_loss":0,"event_name":"Liars Game","floor":5,"gold_loss":0,"cards_obtained":["Doubt"]}],"is_beta":false,"boss_relics":[],"items_purged_floors":[10],"is_endless":false,"potions_floor_spawned":[3,8,13,14],"killed_by":"Hexaghost","ascension_level":0}