{"gold_per_floor":[118,194,212,6,25,25,51,65,65,20,20,36,67,83,83,154,154,174,174,174,174,194,222,119,145,145,145,163,181,181,210,210,286,286,302,348,31,44,59,86,86,115,115,146,156,156,174,189,189,189],"floor_reached":51,"playtime":2912,"items_purged":["Bite"],"score":1444,"play_id":"11c1a858-79f7-48f6-87c9-41f349647b81","local_time":"20180710081804","is_ascension_mode":true,"campfire_choices":[{"data":"Sucker Punch","floor":6,"key":"SMITH"},{"floor":11,"key":"REST"},{"floor":15,"key":"REST"},{"data":"Cloak And Dagger","floor":27,"key":"SMITH"},{"data":"Wraith Form v2","floor":30,"key":"SMITH"},{"data":"Malaise","floor":32,"key":"SMITH"},{"data":"Neutralize","floor":41,"key":"SMITH"},{"data":"After Image","floor":46,"key":"SMITH"},{"data":"Well Laid Plans","floor":49,"key":"SMITH"}],"neow_cost":"TEN_PERCENT_HP_LOSS","seed_source_timestamp":110894728142271,"circlet_count":0,"master_deck":["Defend_G","Defend_G","Defend_G","Defend_G","Defend_G","Survivor","Neutralize+1","AscendersBane","Underhanded Strike","Sucker Punch+1","All Out Attack","Finisher","Backstab","Cloak And Dagger+1","Dagger Throw","Storm of Steel","Bite","Bite","Bite","Bite","Infinite Blades","Malaise+1","Backflip","Slice","Dodge and Roll","Prepared+1","Wraith Form v2+1","Riddle With Holes","After Image+1","Cloak And Dagger","Well Laid Plans+1","Backflip","Cloak And Dagger","Predator+1","PiercingWail+1","Writhe","Dodge and Roll+1","Acrobatics+1"],"relics":["Ring of the Snake","Sundial","Vajra","Omamori","Shuriken","Ninja Scroll","Cursed Key","Turnip","Ginger","Oddly Smooth Stone","Mummified Hand","Unceasing Top","Sozu","Torii","Strawberry","Bag of Marbles","Toxic Egg 2","The Courier","Calipers"],"potions_floor_usage":[7,7,50,50],"damage_taken":[{"damage":7,"enemies":"Jaw Worm","floor":1,"turns":6},{"damage":13,"enemies":"Small Slimes","floor":3,"turns":6},{"damage":0,"enemies":"Cultist","floor":5,"turns":4},{"damage":19,"enemies":"Lagavulin","floor":7,"turns":8},{"damage":5,"enemies":"Red Slaver","floor":8,"turns":4},{"damage":2,"enemies":"3 Louse","floor":12,"turns":2},{"damage":5,"enemies":"3 Sentries","floor":13,"turns":4},{"damage":0,"enemies":"Large Slime","floor":14,"turns":1},{"damage":21,"enemies":"The Guardian","floor":16,"turns":10},{"damage":0,"enemies":"3 Byrds","floor":18,"turns":3},{"damage":0,"enemies":"2 Thieves","floor":22,"turns":2},{"damage":25,"enemies":"Book of Stabbing","floor":23,"turns":4},{"damage":4,"enemies":"Gremlin Leader","floor":25,"turns":5},{"damage":3,"enemies":"Snake Plant","floor":28,"turns":6},{"damage":9,"enemies":"Centurion and Healer","floor":29,"turns":4},{"damage":0,"enemies":"Book of Stabbing","floor":31,"turns":4},{"damage":13,"enemies":"Champ","floor":33,"turns":8},{"damage":0,"enemies":"3 Darklings","floor":35,"turns":5},{"damage":1,"floor":36,"turns":5},{"damage":4,"enemies":"3 Shapes","floor":38,"turns":4},{"damage":0,"enemies":"Sphere and 2 Shapes","floor":39,"turns":4},{"damage":7,"enemies":"2 Orb Walkers","floor":40,"turns":5},{"damage":14,"enemies":"Giant Head","floor":42,"turns":5},{"damage":1,"enemies":"2 Orb Walkers","floor":44,"turns":2},{"damage":1,"enemies":"4 Shapes","floor":45,"turns":5},{"damage":0,"enemies":"Maw","floor":47,"turns":6},{"damage":0,"enemies":"Sphere and 2 Shapes","floor":48,"turns":3},{"damage":12,"enemies":"Awakened One","floor":50,"turns":11}],"seed_played":"-7676660208220066098","potions_obtained":[{"floor":1,"key":"SteroidPotion"},{"floor":7,"key":"GhostInAJar"},{"floor":14,"key":"SpeedPotion"},{"floor":33,"key":"Strength Potion"}],"is_trial":false,"path_per_floor":["M","?","M","$","M","R","E","M","T","$","R","M","E","M","R","B",null,"M","?","?","T","M","E","$","E","T","R","M","M","R","E","R","B",null,"M","?","$","M","M","E","R","E","T","E","M","R","M","M","R","B"],"character_chosen":"THE_SILENT","items_purchased":["Vajra","Dexterity Potion","Cloak And Dagger","Backflip","Slice","Well Laid Plans","Strawberry","Backflip"],"campfire_rested":2,"item_purchase_floors":[4,4,10,24,24,37,37,37],"current_hp_per_floor":[52,52,39,39,39,39,20,15,15,15,33,31,26,26,44,23,51,51,51,42,42,42,25,25,29,29,29,34,35,35,42,42,37,41,42,42,49,49,49,44,44,38,38,39,44,44,49,49,49,49],"gold":189,"neow_bonus":"ONE_RARE_RELIC","is_prod":false,"is_daily":false,"chose_seed":false,"campfire_upgraded":7,"win_rate":0,"timestamp":1531203484,"path_taken":["M","?","M","$","?","R","E","M","T","$","R","M","E","M","R","BOSS","M","?","?","?","M","E","$","E","T","R","M","M","R","E","R","BOSS","M","?","$","M","M","E","R","E","T","E","M","R","M","M","R","BOSS"],"build_version":"2018-07-05","purchased_purges":1,"victory":true,"max_hp_per_floor":[60,60,60,60,60,60,60,60,60,60,60,60,60,60,60,60,60,60,60,42,42,42,42,42,42,42,42,42,42,42,42,42,42,42,42,42,49,49,49,49,49,49,49,49,49,49,49,49,49,49],"card_choices":[{"not_picked":["Heel Hook","Catalyst"],"picked":"Underhanded Strike","floor":1},{"not_picked":["Flying Knee","PiercingWail"],"picked":"Sucker Punch","floor":3},{"not_picked":["Dagger Spray","Underhanded Strike"],"picked":"All Out Attack","floor":5},{"not_picked":["Distraction","Slice"],"picked":"Finisher","floor":7},{"not_picked":["Deadly Poison","Envenom"],"picked":"Backstab","floor":8},{"not_picked":["Prepared","Masterful Stab"],"picked":"Dagger Throw","floor":12},{"not_picked":["Reflex","Underhanded Strike","Outmaneuver"],"picked":"SKIP","floor":13},{"not_picked":["Deadly Poison","Sucker Punch","Poisoned Stab"],"picked":"SKIP","floor":14},{"not_picked":["Tactician","Burst"],"picked":"Storm of Steel","floor":16},{"not_picked":["Poisoned Stab","Underhanded Strike","Dash"],"picked":"SKIP","floor":18},{"not_picked":["Catalyst","Dagger Throw+1"],"picked":"Infinite Blades","floor":22},{"not_picked":["Deflect","Underhanded Strike"],"picked":"Malaise","floor":23},{"not_picked":["Underhanded Strike","All Out Attack"],"picked":"Dodge and Roll","floor":25},{"not_picked":["Dash","Deadly Poison"],"picked":"Prepared+1","floor":28},{"not_picked":["Dagger Throw+1","Dagger Spray"],"picked":"Wraith Form v2","floor":29},{"not_picked":["Choke","Cloak And Dagger"],"picked":"Riddle With Holes","floor":31},{"not_picked":["Corpse Explosion","Glass Knife"],"picked":"After Image","floor":33},{"not_picked":["Choke","Expertise"],"picked":"Cloak And Dagger","floor":35},{"not_picked":["Dagger Throw+1","Deadly Poison"],"picked":"Cloak And Dagger","floor":38},{"not_picked":["Infinite Blades","Dagger Spray","Well Laid Plans"],"picked":"SKIP","floor":39},{"not_picked":["Noxious Fumes+1","Well Laid Plans+1"],"picked":"Predator+1","floor":40},{"not_picked":["Predator+1","Reflex+1"],"picked":"PiercingWail","floor":42},{"not_picked":["Dagger Throw","Dash+1"],"picked":"Dodge and Roll+1","floor":44},{"not_picked":["Underhanded Strike","Poisoned Stab+1","Flechettes+1"],"picked":"SKIP","floor":45},{"not_picked":["Expertise+1","Reflex+1"],"picked":"Acrobatics+1","floor":47},{"not_picked":["Catalyst+1","Acrobatics+1","Sucker Punch+1"],"picked":"SKIP","floor":48}],"player_experience":794931,"relics_obtained":[{"floor":7,"key":"Omamori"},{"floor":9,"key":"Shuriken"},{"floor":13,"key":"Ninja Scroll"},{"floor":21,"key":"Turnip"},{"floor":23,"key":"Ginger"},{"floor":25,"key":"Oddly Smooth Stone"},{"floor":26,"key":"Mummified Hand"},{"floor":31,"key":"Unceasing Top"},{"floor":36,"key":"Torii"},{"floor":40,"key":"Bag of Marbles"},{"floor":42,"key":"Toxic Egg 2"},{"floor":43,"key":"The Courier"},{"floor":44,"key":"Calipers"}],"event_choices":[{"event_name":"Golden Wing","player_choice":"Gained Gold","floor":2,"damage_taken":0},{"event_name":"The Mausoleum","player_choice":"No","floor":19,"damage_taken":0},{"event_name":"Vampires","player_choice":"Became a vampire","floor":20,"damage_taken":0},{"event_name":"Mysterious Sphere","player_choice":"Fight","floor":36,"damage_taken":0}],"boss_relics":[{"not_picked":["Coffee Dripper","Lizard Tail"],"picked":"Cursed Key"},{"not_picked":["Empty Cage","Velvet Choker"],"picked":"Sozu"}],"items_purged_floors":[37],"is_endless":false,"potions_floor_spawned":[1,7,14,23,25,29,33,36,42,44,48],"ascension_level":15}