{"path_per_floor":["M","?","M","M","M","R","E","?","T","?","M","$","R","?","R","B",null,"M","M","?"],"character_chosen":"THE_SILENT","items_purchased":[],"gold_per_floor":[114,114,130,147,161,161,189,189,189,152,164,89,89,89,89,194,194,214,139,139],"floor_reached":21,"campfire_rested":1,"playtime":8130,"current_hp_per_floor":[68,54,53,53,51,51,23,16,16,16,26,26,26,26,47,52,70,42,37,37],"items_purged":["Strike_G"],"gold":139,"play_id":"c83bb531-194e-4961-93f7-90f0403cd752","is_prod":false,"is_daily":false,"is_ascension_mode":true,"campfire_upgraded":2,"path_taken":["M","?","M","M","M","R","E","?","T","?","?","?","R","?","R","BOSS","M","M","?","M"],"build_version":"2018-02-01-PROD3","purchased_purges":2,"victory":false,"master_deck":["Defend_G+1","Defend_G+1","Defend_G","Defend_G","Defend_G","Strike_G","Strike_G","Strike_G","Strike_G","Survivor","Neutralize+1","Cloak And Dagger","Acrobatics","Noxious Fumes+1","Calculated Gamble","Escape Plan","Dark Shackles","Caltrops","Normality"],"max_hp_per_floor":[70,70,70,70,70,70,70,70,70,70,70,70,70,70,70,70,70,70,70,70],"relics":["Lizard Tail","Snake Skull","Ancient Tea Set","Shuriken","Cursed Key","Vajra"],"card_choices":[{"not_picked":["Prepared","Sucker Punch"],"picked":"Cloak And Dagger"},{"not_picked":["Masterful Stab","Skewer"],"picked":"Acrobatics"},{"not_picked":["Underhanded Strike","Dodge and Roll"],"picked":"Noxious Fumes"},{"not_picked":["Dagger Throw","Sucker Punch"],"picked":"Calculated Gamble"},{"not_picked":["Acrobatics","Deadly Poison"],"picked":"Escape Plan"},{"not_picked":["Leg Sweep","Prepared"],"picked":"Caltrops"}],"player_experience":133140,"potions_floor_usage":[16,19],"damage_taken":[{"damage":2.0,"enemies":"Cultist","floor":1.0,"turns":5.0},{"damage":1.0,"enemies":"Blue Slaver","floor":3.0,"turns":4.0},{"damage":0.0,"enemies":"2 Louse","floor":4.0,"turns":4.0},{"damage":2.0,"enemies":"Large Slime","floor":5.0,"turns":8.0},{"damage":28.0,"enemies":"Lagavulin","floor":7.0,"turns":9.0},{"damage":2.0,"enemies":"3 Louse","floor":11.0,"turns":4.0},{"damage":10,"enemies":"The Guardian","floor":16,"turns":10},{"damage":28,"enemies":"Spheric Guardian","floor":18,"turns":7},{"damage":20,"enemies":"2 Thieves","floor":19,"turns":5},{"damage":0,"enemies":"Cultist and Chosen","floor":21,"turns":3}],"event_choices":[{"event_name":"Shining Light","player_choice":"Entered Light","floor":2.0,"damage_taken":0.0},{"event_name":"Scrap Ooze","player_choice":"success","floor":8.0,"damage_taken":7.0},{"event_name":"World of Goop","player_choice":"Left","floor":10.0,"damage_taken":0.0},{"event_name":"Match and Keep!","player_choice":"1 cards matched","floor":14.0,"damage_taken":0.0},{"event_name":"Accursed Blacksmith","player_choice":"Rummage","floor":20,"damage_taken":0}],"boss_relics":[{"not_picked":["Question Card","Sozu"],"picked":"Cursed Key"}],"potions_floor_spawned":[5,7,11,18],"seed_played":"5220539931518693796","killed_by":"Cultist and Chosen","ascension_level":3,"is_trial":false}