{"gold_per_floor":[12,87,87,107,119,144,144,170,170,189,189],"floor_reached":11,"playtime":607,"items_purged":[],"score":179,"play_id":"96358d27-e393-4426-81c0-215ed98f0d6c","local_time":"20190220193609","is_ascension_mode":true,"campfire_choices":[{"data":"Whirlwind","floor":7.0,"key":"SMITH"}],"neow_cost":"NO_GOLD","seed_source_timestamp":75650969150674,"circlet_count":0,"master_deck":["AscendersBane","Strike_R","Strike_R","Strike_R","Strike_R","Defend_R","Defend_R","Defend_R","Defend_R","Bash","Armaments","Thunderclap","Whirlwind+1","Ghostly Armor","Feel No Pain","Pummel"],"special_seed":0,"relics":["Burning Blood","Kunai","Pear","Bottled Tornado"],"potions_floor_usage":[11],"damage_taken":[{"damage":15.0,"enemies":"Small Slimes","floor":1.0,"turns":5.0},{"damage":4.0,"enemies":"Jaw Worm","floor":4.0,"turns":8.0},{"damage":2.0,"enemies":"Cultist","floor":5.0,"turns":4.0},{"damage":32.0,"enemies":"Gremlin Nob","floor":6.0,"turns":5.0},{"damage":46.0,"enemies":"Lagavulin","floor":8.0,"turns":8.0},{"damage":4.0,"enemies":"2 Fungi Beasts","floor":10.0,"turns":4.0},{"damage":30,"enemies":"Gremlin Nob","floor":11,"turns":5}],"seed_played":"-7981949341210495971","potions_obtained":[{"floor":5.0,"key":"Regen Potion"},{"floor":6.0,"key":"SkillPotion"},{"floor":8.0,"key":"SpeedPotion"}],"is_trial":false,"path_per_floor":["M","?","?","M","M","E","R","E","T","M","E"],"character_chosen":"IRONCLAD","items_purchased":[],"campfire_rested":0,"item_purchase_floors":[],"current_hp_per_floor":[73,62,62,64,68,42,42,27,27,29,0],"gold":189,"neow_bonus":"TWENTY_PERCENT_HP_BONUS","is_prod":false,"is_daily":false,"chose_seed":false,"campfire_upgraded":1,"win_rate":0,"timestamp":1550709369,"path_taken":["M","?","?","M","M","E","R","E","T","?","E"],"build_version":"2019-01-23","purchased_purges":0,"victory":false,"max_hp_per_floor":[89,89,89,89,89,89,89,99,99,99,99],"card_choices":[{"not_picked":["Bloodletting","Heavy Blade"],"picked":"Armaments","floor":1.0},{"not_picked":["Shockwave","Evolve"],"picked":"Thunderclap","floor":4.0},{"not_picked":["Clothesline","Power Through"],"picked":"Whirlwind","floor":5.0},{"not_picked":["Power Through","Bludgeon"],"picked":"Ghostly Armor","floor":6.0},{"not_picked":["Perfected Strike","Hemokinesis"],"picked":"Feel No Pain","floor":8.0},{"not_picked":["Thunderclap","Hemokinesis"],"picked":"Pummel","floor":10.0}],"player_experience":525408,"relics_obtained":[{"floor":6.0,"key":"Kunai"},{"floor":8.0,"key":"Pear"},{"floor":9.0,"key":"Bottled Tornado"}],"event_choices":[{"damage_healed":0.0,"max_hp_gain":0.0,"max_hp_loss":0.0,"gold_gain":75.0,"event_name":"World of Goop","player_choice":"Gather Gold","floor":2.0,"gold_loss":0.0,"damage_taken":11.0},{"cards_removed":["Strike_R"],"damage_healed":0.0,"max_hp_gain":0.0,"max_hp_loss":0.0,"gold_gain":0.0,"event_name":"Living Wall","player_choice":"Forget","floor":3.0,"gold_loss":0.0,"damage_taken":0.0}],"is_beta":false,"boss_relics":[],"items_purged_floors":[],"is_endless":false,"potions_floor_spawned":[5,6,8],"killed_by":"Gremlin Nob","ascension_level":17}