{"gold_per_floor":[14,34,34,184,202,236,236,274,274,274,274,305,323,21,21,21],"floor_reached":16,"playtime":802,"items_purged":[],"score":257,"play_id":"21ff5e80-86aa-472f-b590-0aea022d9431","local_time":"20190219154550","is_ascension_mode":true,"campfire_choices":[{"data":"Leg Sweep","floor":7.0,"key":"SMITH"},{"data":"Terror","floor":11.0,"key":"SMITH"},{"data":"After Image","floor":15.0,"key":"SMITH"}],"neow_cost":"NO_GOLD","seed_source_timestamp":147993214704682,"circlet_count":0,"master_deck":["AscendersBane","Defend_G","Defend_G","Defend_G","Defend_G","Defend_G","Strike_G","Strike_G","Strike_G","Survivor","Neutralize","Expertise","Grand Finale","Escape Plan","Dagger Throw","Doubt","Dagger Throw","Leg Sweep+1","Terror+1","Footwork","After Image+1","Quick Slash+1"],"special_seed":0,"relics":["Ring of the Snake","Golden Idol","Dodecahedron","Letter Opener","Mercury Hourglass","Matryoshka","Lantern","Molten Egg 2"],"potions_floor_usage":[],"damage_taken":[{"damage":0.0,"enemies":"2 Louse","floor":1.0,"turns":3.0},{"damage":0.0,"enemies":"Small Slimes","floor":2.0,"turns":4.0},{"damage":0.0,"enemies":"Jaw Worm","floor":5.0,"turns":6.0},{"damage":0.0,"enemies":"3 Sentries","floor":6.0,"turns":3.0},{"damage":21.0,"enemies":"Lagavulin","floor":8.0,"turns":10.0},{"damage":10.0,"enemies":"Gremlin Nob","floor":12.0,"turns":4.0},{"damage":9.0,"enemies":"Exordium Thugs","floor":13.0,"turns":6.0},{"damage":19,"enemies":"Slime Boss","floor":16,"turns":10}],"seed_played":"4657675647390376231","potions_obtained":[{"floor":2.0,"key":"Swift Potion"},{"floor":8.0,"key":"SteroidPotion"}],"is_trial":false,"path_per_floor":["M","M","?","?","M","E","R","E","T","T","R","E","M","$","R","B"],"character_chosen":"THE_SILENT","items_purchased":["Molten Egg 2","Quick Slash+1"],"campfire_rested":0,"item_purchase_floors":[14,14],"current_hp_per_floor":[59,59,59,59,59,59,59,38,38,38,38,28,19,19,19,0],"gold":21,"neow_bonus":"TRANSFORM_TWO_CARDS","is_prod":false,"is_daily":false,"chose_seed":false,"campfire_upgraded":3,"win_rate":0,"timestamp":1550609150,"path_taken":["M","M","?","?","M","E","R","E","T","?","R","E","M","$","R","BOSS"],"build_version":"2019-01-23","purchased_purges":0,"victory":false,"max_hp_per_floor":[66,66,60,60,60,60,60,60,60,60,60,60,60,60,60,60],"card_choices":[{"not_picked":["Dodge and Roll","Backflip"],"picked":"Escape Plan","floor":1.0},{"not_picked":["Flechettes","Noxious Fumes"],"picked":"Dagger Throw","floor":2.0},{"not_picked":["Prepared","Infinite Blades"],"picked":"Dagger Throw","floor":5.0},{"not_picked":["PiercingWail","Dagger Spray"],"picked":"Leg Sweep","floor":6.0},{"not_picked":["Acrobatics","Caltrops"],"picked":"Terror","floor":8.0},{"not_picked":["Dagger Throw","Escape Plan"],"picked":"Footwork","floor":12.0},{"not_picked":["Backflip","Blade Dance"],"picked":"After Image","floor":13.0}],"player_experience":496066,"relics_obtained":[{"floor":6.0,"key":"Dodecahedron"},{"floor":8.0,"key":"Letter Opener"},{"floor":9.0,"key":"Mercury Hourglass"},{"floor":10.0,"key":"Matryoshka"},{"floor":12.0,"key":"Lantern"}],"event_choices":[{"damage_healed":0.0,"max_hp_gain":0.0,"max_hp_loss":6.0,"gold_gain":0.0,"event_name":"Golden Idol","player_choice":"Lose Max HP","floor":3.0,"gold_loss":0.0,"damage_taken":0.0,"relics_obtained":["Golden Idol"]},{"damage_healed":0.0,"max_hp_gain":0.0,"max_hp_loss":0.0,"gold_gain":150.0,"event_name":"Liars Game","player_choice":"AGREE","floor":4.0,"gold_loss":0.0,"damage_taken":0.0,"cards_obtained":["Doubt"]}],"is_beta":false,"boss_relics":[],"items_purged_floors":[],"is_endless":false,"potions_floor_spawned":[2,8],"killed_by":"Slime Boss","ascension_level":16}