{"gold_per_floor":[111,124,139,159,172,204,204,279,331,331],"floor_reached":10,"playtime":338,"items_purged":[],"score":116,"play_id":"e75d6b9a-280b-4c15-ab36-529b0fdc88e7","local_time":"20190219002048","is_ascension_mode":true,"campfire_choices":[{"data":"Rampage","floor":7,"key":"SMITH"}],"neow_cost":"PERCENT_DAMAGE","seed_source_timestamp":1088876547929900,"circlet_count":0,"master_deck":["AscendersBane","Strike_R","Strike_R","Strike_R","Defend_R","Defend_R","Defend_R","Defend_R","Bash","Reckless Charge","Sentinel","Rampage+1","Iron Wave","Infernal Blade","Clothesline","Anger","Bludgeon"],"relics":["Burning Blood","Strawberry","Bag of Preparation"],"potions_floor_usage":[6,6],"damage_taken":[{"damage":12,"enemies":"Jaw Worm","floor":1,"turns":3},{"damage":9,"enemies":"2 Louse","floor":2,"turns":3},{"damage":0,"enemies":"Cultist","floor":3,"turns":2},{"damage":12,"enemies":"2 Fungi Beasts","floor":4,"turns":5},{"damage":4,"enemies":"3 Louse","floor":5,"turns":4},{"damage":31,"enemies":"Lagavulin","floor":6,"turns":6}],"seed_played":"-6769397943632067710","potions_obtained":[{"floor":3,"key":"SpeedPotion"},{"floor":4,"key":"PowerPotion"}],"is_trial":false,"path_per_floor":["M","M","M","M","M","E","R","?","T","?"],"character_chosen":"IRONCLAD","items_purchased":[],"campfire_rested":0,"item_purchase_floors":[],"current_hp_per_floor":[45,42,48,42,44,26,26,15,15,0],"gold":331,"neow_bonus":"TRANSFORM_TWO_CARDS","is_prod":false,"is_daily":false,"chose_seed":false,"campfire_upgraded":1,"win_rate":0,"timestamp":1550564448,"path_taken":["M","M","M","M","M","E","R","?","T","?"],"build_version":"2019-01-23","purchased_purges":0,"victory":false,"max_hp_per_floor":[80,80,80,80,80,87,87,87,87,87],"card_choices":[{"not_picked":["Armaments","Perfected Strike"],"picked":"Rampage","floor":1},{"not_picked":["Disarm","Thunderclap"],"picked":"Iron Wave","floor":2},{"not_picked":["Anger","Twin Strike"],"picked":"Infernal Blade","floor":3},{"not_picked":["Clash","Body Slam"],"picked":"Clothesline","floor":4},{"not_picked":["Shockwave","Sentinel"],"picked":"Anger","floor":5},{"not_picked":["Thunderclap","Rupture"],"picked":"Bludgeon","floor":6}],"player_experience":733742,"relics_obtained":[{"floor":6,"key":"Strawberry"},{"floor":9,"key":"Bag of Preparation"}],"event_choices":[{"damage_healed":0,"gold_gain":75,"player_choice":"Gather Gold","damage_taken":11,"max_hp_gain":0,"max_hp_loss":0,"event_name":"World of Goop","floor":8,"gold_loss":0}],"is_beta":false,"boss_relics":[],"items_purged_floors":[],"is_endless":false,"potions_floor_spawned":[3,4],"ascension_level":13}