{"gold_per_floor":[111,125,141,155,172,204,204,217,217,217,31,31,51,78,78,157,157,170,187,112,125,125],"floor_reached":22,"playtime":1084,"items_purged":[],"score":380,"play_id":"8b77c2b4-c0a1-449d-86c4-782d77fb8668","local_time":"20190201004633","is_ascension_mode":true,"campfire_choices":[{"data":"Sunder","floor":10,"key":"SMITH"},{"data":"Darkness","floor":12,"key":"SMITH"},{"data":"Chaos","floor":15,"key":"SMITH"}],"neow_cost":"NONE","seed_source_timestamp":1844234088336500,"circlet_count":0,"master_deck":["AscendersBane","Strike_B","Strike_B","Strike_B","Defend_B","Defend_B","Defend_B","Defend_B","Zap","Dualcast","Conserve Battery","Darkness+1","Sunder+1","White Noise","BootSequence","Chaos+1","Chaos","Go for the Eyes","Biased Cognition","Echo Form","Rebound+1"],"relics":["FrozenCore","Emotion Chip","Dodecahedron","PreservedInsect","Art of War"],"potions_floor_usage":[6,14,19],"damage_taken":[{"damage":0,"enemies":"2 Louse","floor":1,"turns":3},{"damage":7,"enemies":"Jaw Worm","floor":2,"turns":4},{"damage":4,"enemies":"Small Slimes","floor":3,"turns":3},{"damage":10,"enemies":"Exordium Wildlife","floor":4,"turns":4},{"damage":6,"enemies":"Blue Slaver","floor":5,"turns":4},{"damage":3,"enemies":"Lagavulin","floor":6,"turns":4},{"damage":3,"enemies":"Lots of Slimes","floor":8,"turns":5},{"damage":2,"enemies":"Red Slaver","floor":13,"turns":4},{"damage":3,"enemies":"3 Sentries","floor":14,"turns":5},{"damage":13,"enemies":"Hexaghost","floor":16,"turns":9},{"damage":12,"enemies":"3 Byrds","floor":18,"turns":5},{"damage":25,"enemies":"Chosen","floor":19,"turns":6},{"damage":19,"enemies":"Sentry and Sphere","floor":21,"turns":5},{"damage":10,"enemies":"Cultist and Chosen","floor":22,"turns":3}],"seed_played":"7616991049023674946","potions_obtained":[{"floor":3,"key":"Fire Potion"},{"floor":4,"key":"Strength Potion"},{"floor":5,"key":"Block Potion"},{"floor":8,"key":"Fire Potion"},{"floor":16,"key":"Swift Potion"},{"floor":19,"key":"Strength Potion"}],"is_trial":false,"path_per_floor":["M","M","M","M","M","E","?","M","T","R","$","R","M","E","R","B",null,"M","M","?","M","M"],"character_chosen":"DEFECT","items_purchased":["PreservedInsect","Go for the Eyes"],"campfire_rested":0,"item_purchase_floors":[11,11],"current_hp_per_floor":[71,64,60,50,44,41,41,38,38,38,38,38,36,33,33,20,64,52,27,27,8,0],"gold":125,"neow_bonus":"TEN_PERCENT_HP_BONUS","is_prod":false,"is_daily":false,"chose_seed":false,"campfire_upgraded":3,"win_rate":0,"timestamp":1549010793,"path_taken":["M","M","M","M","M","E","?","M","T","R","$","R","M","E","R","BOSS","M","M","?","M","M"],"build_version":"2019-01-23","purchased_purges":0,"victory":false,"max_hp_per_floor":[78,78,78,78,78,78,78,78,78,78,78,78,78,78,78,78,78,78,78,78,78,78],"card_choices":[{"not_picked":["Double Energy","Hologram"],"picked":"Conserve Battery","floor":1},{"not_picked":["Turbo","Heatsinks"],"picked":"Darkness","floor":2},{"not_picked":["Barrage","Gash"],"picked":"Sunder","floor":3},{"not_picked":["Go for the Eyes","Leap"],"picked":"White Noise","floor":4},{"not_picked":["FTL","Stack"],"picked":"BootSequence","floor":5},{"not_picked":["Hello World","Streamline"],"picked":"Chaos","floor":6},{"not_picked":["Heatsinks","Streamline"],"picked":"Chaos","floor":8},{"not_picked":["Sunder","Melter","Static Discharge"],"picked":"SKIP","floor":13},{"not_picked":["Chaos","Genetic Algorithm"],"picked":"Biased Cognition","floor":14},{"not_picked":["Buffer","Thunder Strike"],"picked":"Echo Form","floor":16},{"not_picked":["Melter","Force Field","Barrage"],"picked":"SKIP","floor":18},{"not_picked":["Stack","Hologram"],"picked":"Rebound+1","floor":19},{"not_picked":["Conserve Battery","Cold Snap","Ball Lightning"],"picked":"SKIP","floor":21}],"player_experience":611296,"relics_obtained":[{"floor":6,"key":"Emotion Chip"},{"floor":9,"key":"Dodecahedron"},{"floor":14,"key":"Art of War"}],"event_choices":[{"damage_healed":0,"gold_gain":0,"player_choice":"Ignored","damage_taken":0,"max_hp_gain":0,"max_hp_loss":0,"event_name":"Liars Game","floor":7,"gold_loss":0},{"cards_removed":["Strike_B"],"damage_healed":0,"gold_gain":0,"player_choice":"Gave Gold","damage_taken":0,"max_hp_gain":0,"max_hp_loss":0,"event_name":"Beggar","floor":20,"gold_loss":75}],"is_beta":false,"boss_relics":[{"not_picked":["Pandora\u0027s Box","Busted Crown"],"picked":"FrozenCore"}],"items_purged_floors":[],"is_endless":false,"potions_floor_spawned":[3,4,5,8,13,16,19],"killed_by":"Cultist and Chosen","ascension_level":18}