{"gold_per_floor":[125,151,178,190,220,232,244,280,292,323,5,5,5,23,23,144,144,162,162,185,232,36,36,36,36,36,74,74,74,0,25,25,149,149,164,124,149,32,0,0,0,0,27,27,51,51,110,110,110,110],"floor_reached":50,"playtime":2510,"items_purged":["Injury"],"score":713,"play_id":"a53c0816-fb5e-465e-9917-bcadac537376","local_time":"20190306055600","is_ascension_mode":true,"campfire_choices":[{"data":"True Grit","floor":6,"key":"SMITH"},{"data":"Uppercut","floor":12,"key":"SMITH"},{"floor":15,"key":"REST"},{"data":"Clothesline","floor":23,"key":"SMITH"},{"data":"Double Tap","floor":25,"key":"SMITH"},{"floor":32,"key":"REST"},{"data":"Impervious","floor":40,"key":"SMITH"},{"data":"Bash","floor":42,"key":"SMITH"},{"data":"Demon Form","floor":46,"key":"SMITH"},{"floor":49,"key":"REST"}],"neow_cost":"NONE","seed_source_timestamp":11688415812460,"circlet_count":0,"master_deck":["AscendersBane","Strike_R","Strike_R","Strike_R","Strike_R","Strike_R+1","Defend_R","Defend_R","Defend_R","Defend_R","Bash+1","Twin Strike+1","Uppercut+1","True Grit+1","Double Tap+1","Uppercut+1","Clothesline+1","Shrug It Off+1","Impervious+1","Demon Form+1"],"relics":["Burning Blood","MawBank","Golden Idol","Centennial Puzzle","Pocketwatch","Sundial","Anchor","Sozu","Juzu Bracelet","ClockworkSouvenir","Paper Frog","Bird Faced Urn","MutagenicStrength","Velvet Choker","Tiny Chest","Red Mask","Ancient Tea Set","Turnip","Dream Catcher"],"potions_floor_usage":[16,16],"damage_taken":[{"damage":10,"enemies":"Cultist","floor":1,"turns":5},{"damage":2,"enemies":"2 Louse","floor":2,"turns":2},{"damage":16,"enemies":"Jaw Worm","floor":3,"turns":3},{"damage":12,"enemies":"Blue Slaver","floor":5,"turns":4},{"damage":7,"enemies":"Exordium Wildlife","floor":10,"turns":4},{"damage":6,"enemies":"Exordium Thugs","floor":14,"turns":5},{"damage":44,"enemies":"Hexaghost","floor":16,"turns":10},{"damage":11,"enemies":"2 Thieves","floor":18,"turns":4},{"damage":0,"enemies":"Shell Parasite","floor":20,"turns":4},{"damage":14,"enemies":"Book of Stabbing","floor":27,"turns":4},{"damage":0,"enemies":"Centurion and Healer","floor":31,"turns":3},{"damage":64,"enemies":"Champ","floor":33,"turns":10},{"damage":2,"enemies":"3 Darklings","floor":35,"turns":5},{"damage":0,"enemies":"3 Shapes","floor":37,"turns":4},{"damage":10,"enemies":"Sphere and 2 Shapes","floor":45,"turns":7},{"damage":5,"enemies":"2 Orb Walkers","floor":47,"turns":4},{"damage":94,"enemies":"Donu and Deca","floor":50,"turns":7}],"seed_played":"4743318649398031231","potions_obtained":[{"floor":10,"key":"Strength Potion"},{"floor":14,"key":"SpeedPotion"}],"is_trial":false,"path_per_floor":["M","M","M","$","M","R","?","T","T","M","$","R","?","M","R","B",null,"M","?","M","T","$","R","$","R","T","E","?","?","?","M","R","B",null,"M","?","M","$","?","R","?","R","T","$","M","R","?","T","R","B"],"character_chosen":"IRONCLAD","items_purchased":["Sundial","ClockworkSouvenir","Tiny Chest"],"campfire_rested":3,"item_purchase_floors":[11,22,38],"current_hp_per_floor":[68,72,62,62,56,56,56,56,56,55,55,55,43,43,67,29,67,62,62,68,68,68,68,68,68,68,60,60,60,60,66,80,22,66,70,70,76,76,76,76,76,76,76,76,72,72,73,73,80,0],"gold":110,"neow_bonus":"RANDOM_COMMON_RELIC","is_prod":false,"is_daily":false,"chose_seed":false,"campfire_upgraded":7,"win_rate":0,"timestamp":1551873360,"path_taken":["M","M","M","?","?","R","?","?","T","M","$","R","?","M","R","BOSS","M","?","M","?","?","R","$","R","T","E","?","?","?","M","R","BOSS","M","?","M","?","?","R","?","R","T","?","M","R","?","?","R","BOSS"],"build_version":"2019-01-23","purchased_purges":1,"victory":false,"max_hp_per_floor":[80,80,80,80,80,80,80,80,80,80,80,80,80,80,80,80,80,80,80,80,80,80,80,80,80,80,80,80,80,80,80,80,80,80,80,80,80,80,80,80,80,80,80,80,80,80,80,80,80,80],"card_choices":[{"not_picked":["Body Slam","Pummel"],"picked":"Twin Strike","floor":1},{"not_picked":["Sentinel","Clash"],"picked":"Uppercut","floor":2},{"not_picked":["Clash","Dropkick"],"picked":"True Grit","floor":3},{"not_picked":["Twin Strike","Spot Weakness","Dropkick"],"picked":"SKIP","floor":5},{"not_picked":["Twin Strike","Spot Weakness","Dropkick"],"picked":"SKIP","floor":5},{"not_picked":["Double Tap","Pummel","Havoc"],"picked":"SKIP","floor":10},{"not_picked":["Entrench","Twin Strike","Havoc"],"picked":"SKIP","floor":14},{"not_picked":["Exhume","Berserk"],"picked":"Double Tap","floor":16},{"not_picked":["Whirlwind","Twin Strike"],"picked":"Uppercut+1","floor":18},{"not_picked":["Cleave","True Grit","Seeing Red+1"],"picked":"SKIP","floor":20},{"not_picked":["Clash","Whirlwind+1","Combust"],"picked":"SKIP","floor":27},{"not_picked":["Combust+1","Clash"],"picked":"Shrug It Off+1","floor":31},{"not_picked":["Dark Embrace","Brutality"],"picked":"Impervious","floor":33},{"not_picked":["Sever Soul+1","Iron Wave","Wild Strike"],"picked":"SKIP","floor":35},{"not_picked":["Searing Blow","Thunderclap+1","Bloodletting+1"],"picked":"SKIP","floor":37},{"not_picked":["Sword Boomerang+1","Havoc"],"picked":"Demon Form","floor":45}],"player_experience":205906,"relics_obtained":[{"floor":8,"key":"Centennial Puzzle"},{"floor":9,"key":"Pocketwatch"},{"floor":21,"key":"Juzu Bracelet"},{"floor":26,"key":"Paper Frog"},{"floor":27,"key":"Bird Faced Urn"},{"floor":43,"key":"Ancient Tea Set"},{"floor":47,"key":"Turnip"},{"floor":48,"key":"Dream Catcher"}],"event_choices":[{"damage_healed":0,"gold_gain":0,"player_choice":"Take Wound","damage_taken":0,"relics_obtained":["Golden Idol"],"max_hp_gain":0,"max_hp_loss":0,"event_name":"Golden Idol","floor":7,"gold_loss":0,"cards_obtained":["Injury"]},{"damage_healed":0,"gold_gain":0,"player_choice":"Success","damage_taken":12,"relics_obtained":["Anchor"],"max_hp_gain":0,"max_hp_loss":0,"event_name":"Scrap Ooze","floor":13,"gold_loss":0},{"damage_healed":0,"gold_gain":0,"player_choice":"Read","damage_taken":0,"max_hp_gain":0,"max_hp_loss":0,"event_name":"The Library","floor":19,"gold_loss":0,"cards_obtained":["Clothesline"]},{"damage_healed":0,"gold_gain":0,"player_choice":"Inject Mutagens","damage_taken":0,"relics_obtained":["MutagenicStrength"],"max_hp_gain":0,"max_hp_loss":0,"event_name":"Drug Dealer","floor":29,"gold_loss":0},{"damage_healed":0,"gold_gain":0,"player_choice":"Paid Fearfully","damage_taken":0,"max_hp_gain":0,"max_hp_loss":0,"event_name":"Masked Bandits","floor":30,"gold_loss":74},{"damage_healed":0,"gold_gain":0,"player_choice":"Upgrade","damage_taken":0,"max_hp_gain":0,"max_hp_loss":0,"event_name":"Designer","floor":36,"gold_loss":40,"cards_upgraded":["Twin Strike"]},{"damage_healed":0,"gold_gain":0,"player_choice":"Paid","damage_taken":0,"relics_obtained":["Red Mask"],"max_hp_gain":0,"max_hp_loss":0,"event_name":"Tomb of Lord Red Mask","floor":39,"gold_loss":32},{"damage_healed":0,"gold_gain":0,"player_choice":"Forge","damage_taken":0,"max_hp_gain":0,"max_hp_loss":0,"event_name":"Accursed Blacksmith","floor":41,"gold_loss":0,"cards_upgraded":["Strike_R"]},{"damage_healed":0,"gold_gain":0,"player_choice":"Fight","damage_taken":0,"max_hp_gain":0,"max_hp_loss":0,"event_name":"Mysterious Sphere","floor":47,"gold_loss":0}],"is_beta":false,"boss_relics":[{"not_picked":["Fusion Hammer","Runic Pyramid"],"picked":"Sozu"},{"not_picked":["White Beast Statue","Astrolabe"],"picked":"Velvet Choker"}],"items_purged_floors":[11],"is_endless":false,"potions_floor_spawned":[10,14,31,45,47],"killed_by":"Donu and Deca","ascension_level":11}