{"gold_per_floor":[110,125,138,150,79,106,126,156,179,179,189,189,208,227,227,331,331,346,346,306,319,333,333,2,12,12,32,43,43,43,43,43,140,140,153,153,153,165,177,177,204,204,204,304,49,78,104,120,120,120],"floor_reached":51,"playtime":5705,"items_purged":[],"score":686,"play_id":"1922baf4-1e77-49a3-bc17-2469ec7593e7","local_time":"20190207111330","is_ascension_mode":false,"campfire_choices":[{"data":"Quick Slash","floor":10,"key":"SMITH"},{"floor":12,"key":"REST"},{"data":"Footwork","floor":15,"key":"SMITH"},{"data":"Cloak And Dagger","floor":23,"key":"SMITH"},{"floor":29,"key":"REST"},{"floor":32,"key":"REST"},{"floor":40,"key":"REST"},{"floor":49,"key":"REST"}],"neow_cost":"TEN_PERCENT_HP_LOSS","seed_source_timestamp":582315405610489,"circlet_count":0,"master_deck":["Survivor","Neutralize","Finesse","Dodge and Roll","Cloak And Dagger","All Out Attack","Dagger Throw+1","Footwork+1","Quick Slash+1","Cloak And Dagger+1","Prepared","Blade Dance","Quick Slash","Panache+1","Distraction+1","Blur+1","Underhanded Strike+1","Necronomicurse","Blade Dance+1","After Image","The Bomb","Noxious Fumes","Backflip+1","Crippling Poison","Dagger Throw","Distraction","Backflip","Flechettes+1","Distraction","Envenom","Infinite Blades+1","Terror","Writhe","Well Laid Plans+1","Dagger Spray+1","Concentrate+1","Parasite"],"relics":["Ring of the Snake","Bottled Tornado","Juzu Bracelet","Lantern","Astrolabe","Necronomicon","Orichalcum","Pandora\u0027s Box","Whetstone","Meat on the Bone","Darkstone Periapt","Pocketwatch","Ninja Scroll","Frozen Egg 2","Vajra"],"potions_floor_usage":[16,16,18,33,33,39,41,46,46,48,50],"damage_taken":[{"damage":0,"enemies":"Cultist","floor":1,"turns":4},{"damage":1,"enemies":"Jaw Worm","floor":2,"turns":6},{"damage":0,"enemies":"Small Slimes","floor":3,"turns":3},{"damage":7,"enemies":"Exordium Thugs","floor":4,"turns":6},{"damage":20,"enemies":"3 Sentries","floor":6,"turns":10},{"damage":2,"enemies":"2 Fungi Beasts","floor":7,"turns":5},{"damage":15,"enemies":"Gremlin Gang","floor":11,"turns":4},{"damage":8,"enemies":"3 Louse","floor":13,"turns":2},{"damage":4,"enemies":"Exordium Wildlife","floor":14,"turns":3},{"damage":16,"enemies":"Slime Boss","floor":16,"turns":11},{"damage":2,"enemies":"Chosen","floor":18,"turns":6},{"damage":6,"enemies":"Shell Parasite","floor":21,"turns":5},{"damage":0,"enemies":"Snecko","floor":22,"turns":3},{"damage":9,"enemies":"3 Cultists","floor":25,"turns":6},{"damage":10,"enemies":"Shelled Parasite and Fungi","floor":27,"turns":4},{"damage":6,"enemies":"Cultist and Chosen","floor":28,"turns":8},{"damage":36,"enemies":"Collector","floor":33,"turns":11},{"damage":19,"enemies":"3 Darklings","floor":35,"turns":3},{"damage":3,"enemies":"Orb Walker","floor":38,"turns":4},{"damage":19,"enemies":"Jaw Worm Horde","floor":39,"turns":4},{"damage":7,"enemies":"Giant Head","floor":41,"turns":7},{"damage":13,"enemies":"Mind Bloom Boss Battle","floor":44,"turns":6},{"damage":5,"enemies":"Reptomancer","floor":46,"turns":5},{"damage":0,"enemies":"Writhing Mass","floor":48,"turns":6},{"damage":45,"enemies":"Donu and Deca","floor":50,"turns":6}],"seed_played":"9092362279184014068","potions_obtained":[{"floor":1,"key":"Poison Potion"},{"floor":2,"key":"GhostInAJar"},{"floor":7,"key":"Energy Potion"},{"floor":11,"key":"Poison Potion"},{"floor":22,"key":"Ancient Potion"},{"floor":27,"key":"Swift Potion"},{"floor":28,"key":"Block Potion"},{"floor":35,"key":"GhostInAJar"},{"floor":39,"key":"Swift Potion"},{"floor":44,"key":"SteroidPotion"},{"floor":46,"key":"GhostInAJar"},{"floor":48,"key":"FearPotion"}],"is_trial":false,"path_per_floor":["M","M","M","M","$","E","M","?","T","R","M","R","M","M","R","B",null,"M","?","?","M","M","R","$","M","T","M","M","R","?","$","R","B",null,"M","?","?","M","M","R","E","?","T","?","$","E","T","M","R","B",null],"character_chosen":"THE_SILENT","items_purchased":["Footwork","After Image","The Bomb","Ninja Scroll"],"campfire_rested":5,"item_purchase_floors":[5,24,24,45],"current_hp_per_floor":[63,62,62,55,55,35,33,33,33,33,18,36,28,24,24,8,63,61,45,45,39,39,39,39,30,30,20,14,32,32,32,50,14,63,44,44,60,57,38,56,49,49,49,36,36,43,43,49,69,36],"gold":120,"neow_bonus":"RANDOM_COLORLESS_2","is_prod":false,"is_daily":false,"chose_seed":false,"campfire_upgraded":3,"win_rate":0.0,"timestamp":1549545210,"path_taken":["M","M","?","M","$","E","M","?","T","R","M","R","M","M","R","BOSS","M","?","?","M","M","R","$","M","T","M","M","R","?","$","R","BOSS","M","?","?","M","M","R","E","?","T","?","$","E","?","M","R","BOSS"],"build_version":"2019-01-23","purchased_purges":0,"victory":true,"max_hp_per_floor":[63,63,63,63,63,63,63,63,63,63,63,63,63,63,63,63,63,63,63,63,63,63,63,63,63,63,63,63,63,63,63,63,63,63,63,63,63,63,63,63,63,63,63,63,63,63,63,69,69,69],"card_choices":[{"not_picked":["Catalyst","Outmaneuver"],"picked":"Dodge and Roll","floor":1},{"not_picked":["Backflip","Expertise"],"picked":"Cloak And Dagger","floor":2},{"not_picked":["Flying Knee","Endless Agony"],"picked":"All Out Attack","floor":3},{"not_picked":["Calculated Gamble","Acrobatics"],"picked":"Dagger Throw","floor":4},{"not_picked":["Wraith Form v2","Backflip"],"picked":"Quick Slash","floor":6},{"not_picked":["Dagger Throw","Acrobatics"],"picked":"Cloak And Dagger","floor":7},{"not_picked":["Acrobatics","Flechettes"],"picked":"Prepared","floor":11},{"not_picked":["Leg Sweep","Well Laid Plans"],"picked":"Blade Dance","floor":13},{"not_picked":["Bane","Skewer"],"picked":"Quick Slash","floor":14},{"not_picked":["Night Terror","Die Die Die"],"picked":"Unload","floor":16},{"not_picked":["Flechettes","Bane"],"picked":"Underhanded Strike","floor":18},{"not_picked":["Underhanded Strike","Cloak And Dagger"],"picked":"Blade Dance+1","floor":21},{"not_picked":["Expertise","Caltrops","Sucker Punch"],"picked":"SKIP","floor":22},{"not_picked":["Expertise","Caltrops","Sucker Punch"],"picked":"SKIP","floor":22},{"not_picked":["Flying Knee","Acrobatics+1"],"picked":"Noxious Fumes","floor":25},{"not_picked":["Heel Hook+1","Bane"],"picked":"Backflip+1","floor":27},{"not_picked":["Distraction","Catalyst"],"picked":"Crippling Poison","floor":28},{"not_picked":["Tactician+1","All Out Attack+1","Cloak And Dagger+1"],"picked":"SKIP","floor":35},{"not_picked":["Blade Dance","PiercingWail"],"picked":"Well Laid Plans+1","floor":38},{"not_picked":["Dodge and Roll+1","Well Laid Plans","Slice+1"],"picked":"SKIP","floor":39},{"not_picked":["Escape Plan","Dodge and Roll+1","Acrobatics+1"],"picked":"SKIP","floor":41},{"not_picked":["Tactician","Backstab"],"picked":"Dagger Spray+1","floor":44},{"not_picked":["Flying Knee+1","Heel Hook+1"],"picked":"Concentrate+1","floor":46},{"not_picked":["Grand Finale","Deflect+1","Prepared+1"],"picked":"SKIP","floor":48}],"player_experience":75462,"relics_obtained":[{"floor":6,"key":"Bottled Tornado"},{"floor":9,"key":"Lantern"},{"floor":19,"key":"Necronomicon"},{"floor":26,"key":"Orichalcum"},{"floor":41,"key":"Whetstone"},{"floor":43,"key":"Darkstone Periapt"},{"floor":44,"key":"Pocketwatch"},{"floor":46,"key":"Frozen Egg 2"},{"floor":47,"key":"Vajra"}],"event_choices":[{"damage_healed":0,"gold_gain":30,"player_choice":"Searched \u00273\u0027 times","damage_taken":0,"relics_obtained":["Juzu Bracelet"],"max_hp_gain":0,"max_hp_loss":0,"event_name":"Dead Adventurer","floor":8,"gold_loss":0},{"damage_healed":0,"gold_gain":0,"player_choice":"Obtained Book","damage_taken":16,"max_hp_gain":0,"max_hp_loss":0,"event_name":"Cursed Tome","floor":19,"gold_loss":0},{"damage_healed":0,"gold_gain":0,"player_choice":"Upgrade","damage_taken":0,"max_hp_gain":0,"max_hp_loss":0,"event_name":"Designer","floor":20,"gold_loss":40,"cards_upgraded":["Underhanded Strike"]},{"damage_healed":0,"gold_gain":0,"player_choice":"Ignored","damage_taken":0,"max_hp_gain":0,"max_hp_loss":0,"event_name":"Ghosts","floor":30,"gold_loss":0},{"damage_healed":0,"gold_gain":0,"player_choice":"Upgraded","damage_taken":0,"max_hp_gain":0,"max_hp_loss":0,"event_name":"Upgrade Shrine","floor":36,"gold_loss":0,"cards_upgraded":["Infinite Blades"]},{"damage_healed":16,"gold_gain":0,"player_choice":"Writhe","damage_taken":0,"max_hp_gain":0,"max_hp_loss":0,"event_name":"Winding Halls","floor":37,"gold_loss":0,"cards_obtained":["Writhe"]},{"cards_removed":["Unload"],"damage_healed":0,"gold_gain":0,"player_choice":"Gave Card","damage_taken":0,"relics_obtained":["Meat on the Bone"],"max_hp_gain":0,"max_hp_loss":0,"event_name":"WeMeetAgain","floor":42,"gold_loss":0},{"damage_healed":0,"gold_gain":0,"player_choice":"Fight","damage_taken":0,"max_hp_gain":0,"max_hp_loss":0,"event_name":"MindBloom","floor":44,"gold_loss":0}],"is_beta":false,"boss_relics":[{"not_picked":["Velvet Choker","Ring of the Serpent"],"picked":"Astrolabe"},{"not_picked":["Cursed Key","Eternal Feather"],"picked":"Pandora\u0027s Box"}],"items_purged_floors":[],"is_endless":false,"potions_floor_spawned":[1,2,7,11,22,27,28,35,39,44,46,48],"ascension_level":0}