{"gold_per_floor":[114,132,407,1,18,18,46,63,63,63,213,113,113,140,140,140],"floor_reached":16,"playtime":350,"items_purged":["Regret","Doubt"],"score":176,"play_id":"98de997b-db25-41ea-bc38-ecd62eae43b4","local_time":"20190110210011","is_ascension_mode":true,"campfire_choices":[{"data":"Strike_R","floor":6,"key":"PURGE"},{"data":"Strike_R","floor":13,"key":"PURGE"},{"data":"Strike_R","floor":15,"key":"PURGE"}],"neow_cost":"NONE","seed_source_timestamp":150187554216066,"circlet_count":0,"master_deck":["AscendersBane","Strike_R","Strike_R","Defend_R","Defend_R","Defend_R","Defend_R","Bash","Sword Boomerang","Wild Strike"],"relics":["Burning Blood","NeowsBlessing","Peace Pipe","Mummified Hand","Champion Belt","Pen Nib"],"potions_floor_usage":[],"damage_taken":[{"damage":0,"enemies":"2 Louse","floor":1,"turns":1},{"damage":0,"enemies":"Cultist","floor":2,"turns":1},{"damage":0,"enemies":"Jaw Worm","floor":5,"turns":1},{"damage":46,"enemies":"Gremlin Nob","floor":7,"turns":5},{"damage":11,"enemies":"Large Slime","floor":8,"turns":7},{"damage":34,"enemies":"Hexaghost","floor":16,"turns":7}],"seed_played":"5996904796875619853","potions_obtained":[{"floor":2,"key":"GamblersBrew"},{"floor":7,"key":"GamblersBrew"}],"is_trial":false,"path_per_floor":["M","M","?","$","M","R","E","M","T","?","?","$","R","T","R","B"],"character_chosen":"IRONCLAD","items_purchased":["Peace Pipe"],"campfire_rested":0,"item_purchase_floors":[4],"current_hp_per_floor":[74,75,75,75,75,75,35,30,30,30,30,30,30,30,30,0],"gold":140,"neow_bonus":"THREE_ENEMY_KILL","is_prod":false,"is_daily":false,"chose_seed":false,"campfire_upgraded":0,"win_rate":0,"timestamp":1547172011,"path_taken":["M","M","?","?","M","R","E","?","T","?","?","$","R","?","R","BOSS"],"build_version":"2019-01-09","purchased_purges":2,"victory":false,"max_hp_per_floor":[75,75,75,75,75,75,75,75,75,75,75,75,75,75,75,75],"card_choices":[{"not_picked":["Thunderclap","Shockwave"],"picked":"Sword Boomerang","floor":1},{"not_picked":["Iron Wave","Cleave"],"picked":"Wild Strike","floor":2},{"not_picked":["Sword Boomerang","Havoc","Twin Strike"],"picked":"SKIP","floor":5},{"not_picked":["Bloodletting","Second Wind","Infernal Blade"],"picked":"SKIP","floor":7},{"not_picked":["Thunderclap","Wild Strike","Perfected Strike"],"picked":"SKIP","floor":8}],"player_experience":453668,"relics_obtained":[{"floor":7,"key":"Mummified Hand"},{"floor":9,"key":"Champion Belt"},{"floor":14,"key":"Pen Nib"}],"event_choices":[{"damage_healed":0,"gold_gain":275,"player_choice":"Desecrate","damage_taken":0,"max_hp_gain":0,"max_hp_loss":0,"event_name":"Golden Shrine","floor":3,"gold_loss":0,"cards_obtained":["Regret"]},{"damage_healed":0,"gold_gain":0,"player_choice":"Ignored","damage_taken":0,"max_hp_gain":0,"max_hp_loss":0,"event_name":"Shining Light","floor":10,"gold_loss":0},{"damage_healed":0,"gold_gain":150,"player_choice":"AGREE","damage_taken":0,"max_hp_gain":0,"max_hp_loss":0,"event_name":"Liars Game","floor":11,"gold_loss":0,"cards_obtained":["Doubt"]}],"is_beta":true,"boss_relics":[],"items_purged_floors":[4,12],"is_endless":false,"potions_floor_spawned":[2,7],"killed_by":"Hexaghost","ascension_level":16}