{"gold_per_floor":[116,129,139,154,154,154,154,154,181,191,211,211],"floor_reached":12,"playtime":510,"items_purged":[],"score":108,"play_id":"2c10c0f5-d774-4f65-9a22-b47179538ae2","local_time":"20181029122759","is_ascension_mode":true,"campfire_choices":[{"data":"Creative AI","floor":6,"key":"SMITH"}],"neow_cost":"PERCENT_DAMAGE","seed_source_timestamp":9593910178400062,"circlet_count":0,"master_deck":["Strike_B","Strike_B","Strike_B","Strike_B","Defend_B","Defend_B","Defend_B","Defend_B","Zap","Dualcast","AscendersBane","Deep Breath","Chrysalis","Tempest","Conserve Battery","Coolheaded","Creative AI+1","Heatsinks","Fission"],"relics":["Cracked Core","Ancient Tea Set","Vajra"],"potions_floor_usage":[3],"damage_taken":[{"damage":0,"enemies":"2 Louse","floor":1,"turns":2},{"damage":0,"enemies":"Cultist","floor":2,"turns":4},{"damage":0,"enemies":"Small Slimes","floor":3,"turns":3},{"damage":35,"enemies":"Exordium Wildlife","floor":4,"turns":6},{"damage":0,"enemies":"Looter","floor":10,"turns":4},{"damage":19,"enemies":"2 Fungi Beasts","floor":11,"turns":6},{"damage":19,"enemies":"Lots of Slimes","floor":12,"turns":1}],"seed_played":"-7000740086902565918","potions_obtained":[{"floor":2,"key":"SkillPotion"},{"floor":3,"key":"GamblersBrew"},{"floor":4,"key":"Energy Potion"},{"floor":10,"key":"Block Potion"}],"is_trial":false,"path_per_floor":["M","M","M","M","?","R","?","?","T","M","M"],"character_chosen":"DEFECT","items_purchased":[],"campfire_rested":0,"item_purchase_floors":[],"current_hp_per_floor":[50,50,50,15,12,12,12,37,37,37,18,0],"gold":211,"neow_bonus":"RANDOM_COLORLESS_2","is_prod":false,"is_daily":false,"chose_seed":false,"campfire_upgraded":1,"win_rate":0,"timestamp":1540841279,"path_taken":["M","M","M","M","?","R","?","?","T","M","M","?"],"build_version":"2018-10-25v2","purchased_purges":0,"victory":false,"max_hp_per_floor":[75,75,75,75,75,75,75,75,75,75,75,75],"card_choices":[{"not_picked":["Sunder","Redo"],"picked":"Tempest","floor":1},{"not_picked":["Redo","Undo"],"picked":"Conserve Battery","floor":2},{"not_picked":["FTL","Go for the Eyes"],"picked":"Coolheaded","floor":3},{"not_picked":["Compile Driver","Capacitor"],"picked":"Creative AI","floor":4},{"not_picked":["Coolheaded","Ball Lightning"],"picked":"Heatsinks","floor":10},{"not_picked":["Compile Driver","Redo"],"picked":"Fission","floor":11}],"player_experience":326028,"relics_obtained":[{"floor":9,"key":"Vajra"}],"event_choices":[{"damage_healed":0,"gold_gain":0,"player_choice":"Success","damage_taken":3,"relics_obtained":["Ancient Tea Set"],"max_hp_gain":0,"max_hp_loss":0,"event_name":"Scrap Ooze","floor":5,"gold_loss":0},{"damage_healed":0,"gold_gain":0,"player_choice":"Ignored","damage_taken":0,"max_hp_gain":0,"max_hp_loss":0,"event_name":"Golden Wing","floor":7,"gold_loss":0},{"damage_healed":25,"gold_gain":0,"player_choice":"Banana","damage_taken":0,"max_hp_gain":0,"max_hp_loss":0,"event_name":"Big Fish","floor":8,"gold_loss":0}],"is_beta":false,"boss_relics":[],"items_purged_floors":[],"is_endless":false,"potions_floor_spawned":[2,3,4,10],"killed_by":"Lots of Slimes","ascension_level":10}