{"gold_per_floor":[112,112,126,126,137,169,169,1,48,78,94,105,125,143,143,247,247,266,118,132,142,160,185,185,211,211,1,12,12,12,12,12,114,114,132,132,54,1,18,18,118,118,118,118,128,138,153,169,169,169],"floor_reached":50,"playtime":2099,"items_purged":[],"score":498,"play_id":"c3b0eb78-f2a1-4f3e-ba26-f546b3d5f115","local_time":"20190107023310","daily_mods":["SealedDeck"],"is_ascension_mode":false,"campfire_choices":[{"data":"Body Slam","floor":7,"key":"SMITH"},{"data":"Apotheosis","floor":15,"key":"SMITH"},{"floor":24,"key":"REST"},{"floor":29,"key":"REST"},{"floor":32,"key":"REST"},{"floor":40,"key":"RECALL"},{"floor":42,"key":"REST"},{"floor":49,"key":"REST"}],"neow_cost":"","seed_source_timestamp":0,"circlet_count":0,"master_deck":["Iron Wave+1","Corruption","Cleave+1","Headbutt","Armaments","Headbutt","Shrug It Off","Body Slam+1","Entrench","Body Slam","Apotheosis+1","Inflame","Double Tap","Spot Weakness","Demon Form","Whirlwind","Heavy Blade","Seeing Red+1","Shrug It Off+1","Impervious+1","Inflame","Rage+1","Battle Trance+1"],"relics":["Burning Blood","Bag of Marbles","Strawberry","Sozu","Whetstone","Happy Flower","Shuriken","Toxic Egg 2","Sling","Fusion Hammer","Self Forming Clay","Letter Opener"],"potions_floor_usage":[31,47,50],"damage_taken":[{"damage":0,"enemies":"2 Louse","floor":1,"turns":3},{"damage":0,"enemies":"Cultist","floor":3,"turns":4},{"damage":1,"enemies":"Jaw Worm","floor":5,"turns":4},{"damage":13,"enemies":"3 Sentries","floor":6,"turns":8},{"damage":28,"enemies":"Lagavulin","floor":10,"turns":6},{"damage":6,"enemies":"Red Slaver","floor":11,"turns":2},{"damage":11,"enemies":"Large Slime","floor":12,"turns":5},{"damage":0,"enemies":"Exordium Thugs","floor":13,"turns":4},{"damage":0,"enemies":"Gremlin Gang","floor":14,"turns":4},{"damage":51,"enemies":"Slime Boss","floor":16,"turns":8},{"damage":7,"enemies":"Shell Parasite","floor":18,"turns":3},{"damage":3,"enemies":"Chosen","floor":20,"turns":4},{"damage":27,"enemies":"Snecko","floor":21,"turns":5},{"damage":37,"enemies":"Snake Plant","floor":22,"turns":4},{"damage":33,"enemies":"Book of Stabbing","floor":23,"turns":4},{"damage":11,"enemies":"Gremlin Leader","floor":25,"turns":5},{"damage":12,"enemies":"Centurion and Healer","floor":28,"turns":3},{"damage":0,"enemies":"Sentry and Sphere","floor":31,"turns":1},{"damage":35,"enemies":"Champ","floor":33,"turns":7},{"damage":20,"enemies":"3 Darklings","floor":35,"turns":3},{"damage":0,"enemies":"Orb Walker","floor":39,"turns":1},{"damage":44,"enemies":"4 Shapes","floor":45,"turns":4},{"damage":2,"enemies":"Jaw Worm Horde","floor":46,"turns":3},{"damage":40,"enemies":"Maw","floor":47,"turns":5},{"damage":15,"enemies":"3 Darklings","floor":48,"turns":4},{"damage":55,"enemies":"Time Eater","floor":50,"turns":4}],"seed_played":"-5262786022322475917","potions_obtained":[{"floor":10,"key":"Regen Potion"},{"floor":12,"key":"SmokeBomb"},{"floor":13,"key":"PowerPotion"}],"is_trial":true,"path_per_floor":["M","$","M","?","M","E","R","$","T","E","M","M","M","M","R","B",null,"M","$","M","M","M","E","R","E","T","$","M","R","?","M","R","B",null,"M","?","$","?","M","R","?","R","T","$","M","M","M","M","R","B"],"character_chosen":"IRONCLAD","items_purchased":["Apotheosis","Whetstone","Sling","Inflame"],"campfire_rested":5,"item_purchase_floors":[8,19,27,37],"current_hp_per_floor":[80,80,80,80,80,73,73,73,73,58,58,53,59,65,65,20,87,86,86,87,66,35,8,34,29,29,29,23,49,49,55,81,52,87,73,73,73,73,79,79,79,87,87,87,49,53,19,10,36,0],"gold":169,"neow_bonus":"","is_prod":false,"is_daily":false,"chose_seed":false,"campfire_upgraded":2,"win_rate":0,"timestamp":1546846390,"path_taken":["M","$","M","?","M","E","R","?","T","E","?","M","M","M","R","BOSS","M","$","M","M","M","E","R","E","T","$","M","R","?","?","R","BOSS","M","?","?","?","?","R","?","R","T","$","M","?","M","M","R","BOSS"],"build_version":"2019-01-03v4","purchased_purges":0,"victory":false,"max_hp_per_floor":[80,80,80,80,80,80,80,80,80,87,87,87,87,87,87,87,87,87,87,87,87,87,87,87,87,87,87,87,87,87,87,87,87,87,87,87,87,87,87,87,87,87,87,87,87,87,87,87,87,87],"card_choices":[{"not_picked":["Havoc","Intimidate","Rampage"],"picked":"SKIP","floor":1},{"not_picked":["Anger","Second Wind","Clash"],"picked":"SKIP","floor":3},{"not_picked":["Pummel","Searing Blow","Havoc"],"picked":"SKIP","floor":5},{"not_picked":["Wild Strike","Twin Strike"],"picked":"Body Slam","floor":6},{"not_picked":["Anger","Perfected Strike"],"picked":"Inflame","floor":10},{"not_picked":["Wild Strike","True Grit"],"picked":"Double Tap","floor":11},{"not_picked":["True Grit","Pommel Strike","Armaments"],"picked":"SKIP","floor":12},{"not_picked":["Body Slam","Cleave"],"picked":"Spot Weakness","floor":13},{"not_picked":["Anger","Warcry","Sword Boomerang"],"picked":"SKIP","floor":14},{"not_picked":["Fiend Fire","Offering"],"picked":"Demon Form","floor":16},{"not_picked":["True Grit","Second Wind"],"picked":"Whirlwind","floor":18},{"not_picked":["Perfected Strike","Cleave","True Grit+1"],"picked":"SKIP","floor":20},{"not_picked":["Pummel","Pommel Strike"],"picked":"Heavy Blade","floor":21},{"not_picked":["Flex+1","Uppercut+1","Fire Breathing"],"picked":"SKIP","floor":22},{"not_picked":["Carnage","Rage"],"picked":"Seeing Red+1","floor":23},{"not_picked":["Pummel+1","Havoc","Power Through"],"picked":"SKIP","floor":25},{"not_picked":["Searing Blow","Corruption+1"],"picked":"Shrug It Off+1","floor":28},{"not_picked":["Juggernaut","Offering+1"],"picked":"Impervious+1","floor":33},{"not_picked":["Combust+1","Iron Wave+1","True Grit+1"],"picked":"SKIP","floor":35},{"not_picked":["Anger+1","Twin Strike","Heavy Blade+1"],"picked":"SKIP","floor":39},{"not_picked":["Clothesline","Flex+1","Rupture+1"],"picked":"SKIP","floor":45},{"not_picked":["Infernal Blade+1","Flex+1"],"picked":"Rage+1","floor":46},{"not_picked":["Havoc+1","Evolve","Warcry+1"],"picked":"SKIP","floor":47},{"not_picked":["Iron Wave+1","Rupture+1"],"picked":"Battle Trance+1","floor":48}],"player_experience":456865,"relics_obtained":[{"floor":6,"key":"Bag of Marbles"},{"floor":10,"key":"Strawberry"},{"floor":23,"key":"Happy Flower"},{"floor":25,"key":"Shuriken"},{"floor":26,"key":"Toxic Egg 2"},{"floor":43,"key":"Letter Opener"}],"event_choices":[{"cards_removed":["Pommel Strike"],"damage_healed":0,"gold_gain":0,"player_choice":"Card Removal","damage_taken":0,"max_hp_gain":0,"max_hp_loss":0,"event_name":"Wheel of Change","floor":4,"gold_loss":0},{"damage_healed":0,"gold_gain":0,"player_choice":"0 cards matched","damage_taken":0,"max_hp_gain":0,"max_hp_loss":0,"event_name":"Match and Keep!","floor":30,"gold_loss":0,"cards_obtained":[]},{"damage_healed":0,"gold_gain":0,"player_choice":"Ignored","damage_taken":0,"max_hp_gain":0,"max_hp_loss":0,"event_name":"NoteForYourself","floor":36,"gold_loss":0},{"damage_healed":0,"gold_gain":0,"player_choice":"Paid Gold","damage_taken":0,"relics_obtained":["Self Forming Clay"],"max_hp_gain":0,"max_hp_loss":0,"event_name":"WeMeetAgain","floor":38,"gold_loss":53},{"damage_healed":0,"gold_gain":100,"player_choice":"Pray","damage_taken":0,"max_hp_gain":0,"max_hp_loss":0,"event_name":"Golden Shrine","floor":41,"gold_loss":0}],"is_beta":false,"boss_relics":[{"not_picked":["Runic Cube","Lizard Tail"],"picked":"Sozu"},{"not_picked":["Tiny House","Black Blood"],"picked":"Fusion Hammer"}],"items_purged_floors":[],"is_endless":false,"potions_floor_spawned":[10,12,13,20,23,28,35,45,48],"killed_by":"Time Eater","ascension_level":0}