{"gold_per_floor":[219,219,232,249,249,249,276,276,276,276,3,32,32,44,44,118,118,131,131,10,58,74,74,74,28,28,57,76,76,86,98,98,177,177,194,221,221,221,236,236,236,261,339,339,355,367,28,63,63,63],"floor_reached":50,"playtime":2341,"items_purged":["Shame","Pain"],"score":1127,"play_id":"ddd15eb7-b8e4-40fe-9c29-3140f477f494","local_time":"20181224035626","is_ascension_mode":true,"campfire_choices":[{"data":"Body Slam","floor":6.0,"key":"SMITH"},{"data":"Perfected Strike","floor":8.0,"key":"SMITH"},{"data":"Bash","floor":10.0,"key":"SMITH"},{"data":"Perfected Strike","floor":15.0,"key":"SMITH"},{"data":"Perfected Strike","floor":23.0,"key":"SMITH"},{"data":"Entrench","floor":29.0,"key":"SMITH"},{"floor":32.0,"key":"REST"},{"floor":41.0,"key":"RECALL"},{"floor":49.0,"key":"REST"}],"neow_cost":"NONE","seed_source_timestamp":729109182084314,"circlet_count":0,"master_deck":["AscendersBane","Strike_R","Strike_R","Strike_R","Defend_R","Defend_R","Defend_R","Defend_R","Bash+1","Body Slam+1","Perfected Strike+1","Shrug It Off","Perfected Strike+1","Twin Strike","Pommel Strike","Twin Strike","Barricade","Perfected Strike+1","Entrench+1","Parasite","Injury","Body Slam+1","Bloodletting+1","Impervious","Twin Strike","Decay","Shrug It Off+1","Battle Trance","Ghostly Armor","Rupture+1"],"special_seed":0,"relics":["Burning Blood","Pen Nib","Gremlin Horn","Shuriken","Happy Flower","Art of War","Cursed Key","The Courier","Vajra","Frozen Egg 2","Centennial Puzzle","Mark of Pain","Juzu Bracelet","Paper Frog","Singing Bowl"],"potions_floor_usage":[50],"damage_taken":[{"damage":8.0,"enemies":"Cultist","floor":1.0,"turns":6.0},{"damage":10.0,"enemies":"Small Slimes","floor":3.0,"turns":4.0},{"damage":0.0,"enemies":"Jaw Worm","floor":4.0,"turns":3.0},{"damage":20.0,"enemies":"Lagavulin","floor":7.0,"turns":5.0},{"damage":16.0,"enemies":"Gremlin Nob","floor":12.0,"turns":3.0},{"damage":0.0,"enemies":"2 Fungi Beasts","floor":14.0,"turns":2.0},{"damage":44.0,"enemies":"Hexaghost","floor":16.0,"turns":7.0},{"damage":12.0,"enemies":"Chosen","floor":18.0,"turns":3.0},{"damage":17.0,"enemies":"2 Thieves","floor":22.0,"turns":3.0},{"damage":0.0,"enemies":"Slavers","floor":24.0,"turns":1.0},{"damage":0.0,"enemies":"Gremlin Leader","floor":27.0,"turns":4.0},{"damage":11.0,"enemies":"Sentry and Sphere","floor":28.0,"turns":3.0},{"damage":5.0,"enemies":"Snecko","floor":30.0,"turns":3.0},{"damage":18.0,"enemies":"Centurion and Healer","floor":31.0,"turns":2.0},{"damage":18.0,"enemies":"Champ","floor":33.0,"turns":7.0},{"damage":15.0,"enemies":"3 Shapes","floor":35.0,"turns":3.0},{"damage":1.0,"enemies":"Orb Walker","floor":39.0,"turns":3.0},{"damage":0.0,"enemies":"Giant Head","floor":40.0,"turns":1.0},{"damage":24.0,"enemies":"Reptomancer","floor":42.0,"turns":6.0},{"damage":8.0,"enemies":"Writhing Mass","floor":45.0,"turns":4.0},{"damage":13.0,"enemies":"Jaw Worm Horde","floor":46.0,"turns":3.0},{"damage":10.0,"enemies":"Nemesis","floor":48.0,"turns":2.0},{"damage":69,"enemies":"Donu and Deca","floor":50,"turns":5}],"seed_played":"3390750981402743599","potions_obtained":[{"floor":3.0,"key":"Energy Potion"},{"floor":4.0,"key":"SteroidPotion"},{"floor":12.0,"key":"Explosive Potion"},{"floor":18.0,"key":"SmokeBomb"},{"floor":30.0,"key":"SmokeBomb"},{"floor":31.0,"key":"SteroidPotion"},{"floor":42.0,"key":"FearPotion"},{"floor":48.0,"key":"AttackPotion"}],"is_trial":false,"path_per_floor":["M","T","M","M","?","R","E","R","T","R","$","E","?","M","R","B",null,"M","T","$","T","M","R","E","$","T","E","M","R","M","M","R","B",null,"M","T","?","?","M","E","R","E","T","?","M","M","$","E","R","B"],"character_chosen":"IRONCLAD","items_purchased":["Perfected Strike","Twin Strike","Happy Flower","Entrench","Energy Potion","Battle Trance","Ghostly Armor","LiquidBronze","Rupture+1"],"campfire_rested":2,"item_purchase_floors":[11,11,11,20,25,47,47,47,47],"current_hp_per_floor":[66,66,62,68,68,68,54,54,54,54,54,44,44,50,50,12,59,53,53,53,53,42,42,48,48,48,54,49,49,50,38,60,48,68,59,59,59,59,64,70,70,52,52,52,50,43,43,41,64,0],"gold":63,"neow_bonus":"HUNDRED_GOLD","is_prod":false,"is_daily":false,"chose_seed":false,"campfire_upgraded":6,"win_rate":0,"timestamp":1545591386,"path_taken":["M","?","M","M","?","R","E","R","T","R","$","E","?","M","R","BOSS","M","?","$","?","?","R","E","$","T","E","M","R","M","M","R","BOSS","M","?","?","?","M","E","R","E","T","?","M","M","$","E","R","BOSS"],"build_version":"2018-12-20","purchased_purges":2,"victory":false,"max_hp_per_floor":[75,75,75,75,75,75,75,75,75,75,75,75,75,75,75,75,75,75,75,75,75,75,75,75,75,75,75,75,75,75,75,75,75,75,75,75,75,75,75,75,75,75,75,75,75,75,75,77,77,77],"card_choices":[{"not_picked":["Thunderclap","Entrench"],"picked":"Body Slam","floor":1.0},{"not_picked":["Sword Boomerang","Thunderclap"],"picked":"Perfected Strike","floor":3.0},{"not_picked":["True Grit","Rampage"],"picked":"Shrug It Off","floor":4.0},{"not_picked":["Thunderclap","Disarm","Clash"],"picked":"SKIP","floor":7.0},{"not_picked":["Brutality","Thunderclap"],"picked":"Pommel Strike","floor":12.0},{"not_picked":["Blood for Blood","Sentinel"],"picked":"Twin Strike","floor":14.0},{"not_picked":["Limit Break","Demon Form"],"picked":"Barricade","floor":16.0},{"not_picked":["Pommel Strike","Iron Wave"],"picked":"Perfected Strike","floor":18.0},{"not_picked":["Intimidate","Armaments","Anger"],"picked":"SKIP","floor":22.0},{"not_picked":["Iron Wave","Intimidate+1"],"picked":"Body Slam+1","floor":27.0},{"not_picked":["Second Wind","Body Slam","Pommel Strike"],"picked":"SKIP","floor":28.0},{"not_picked":["Dual Wield","Iron Wave","Body Slam"],"picked":"SKIP","floor":30.0},{"not_picked":["Clothesline","Bloodletting+1","Rampage"],"picked":"SKIP","floor":31.0},{"not_picked":["Clothesline","Rampage"],"picked":"Bloodletting+1","floor":31.0},{"not_picked":["Berserk+1","Fiend Fire"],"picked":"Impervious","floor":33.0},{"not_picked":["Heavy Blade+1","Iron Wave+1"],"picked":"Twin Strike","floor":35.0},{"not_picked":["Seeing Red","Wild Strike","Body Slam"],"picked":"SKIP","floor":39.0},{"not_picked":["Seeing Red+1","Bloodletting"],"picked":"Shrug It Off+1","floor":42.0},{"not_picked":["Armaments+1","Anger","Thunderclap+1"],"picked":"SKIP","floor":45.0},{"not_picked":["Limit Break","Flex","Havoc"],"picked":"SKIP","floor":46.0},{"not_picked":["Armaments+1","Ghostly Armor","Heavy Blade"],"picked":"Singing Bowl","floor":48.0}],"player_experience":752883,"relics_obtained":[{"floor":2.0,"key":"Pen Nib"},{"floor":7.0,"key":"Gremlin Horn"},{"floor":9.0,"key":"Shuriken"},{"floor":12.0,"key":"Art of War"},{"floor":19.0,"key":"The Courier"},{"floor":21.0,"key":"Vajra"},{"floor":26.0,"key":"Frozen Egg 2"},{"floor":27.0,"key":"Centennial Puzzle"},{"floor":42.0,"key":"Juzu Bracelet"},{"floor":43.0,"key":"Paper Frog"},{"floor":48.0,"key":"Singing Bowl"}],"event_choices":[{"damage_healed":0.0,"max_hp_gain":0.0,"max_hp_loss":0.0,"gold_gain":0.0,"event_name":"Liars Game","player_choice":"Ignored","floor":5.0,"gold_loss":0.0,"damage_taken":0.0},{"cards_removed":["Strike_R"],"damage_healed":0.0,"max_hp_gain":0.0,"max_hp_loss":0.0,"gold_gain":0.0,"event_name":"Bonfire Elementals","player_choice":"Offered Basic","floor":13.0,"gold_loss":0.0,"damage_taken":0.0},{"damage_healed":0.0,"max_hp_gain":0.0,"max_hp_loss":0.0,"gold_gain":0.0,"event_name":"Mysterious Sphere","player_choice":"Ignored","floor":37.0,"gold_loss":0.0,"damage_taken":0.0},{"damage_healed":0.0,"max_hp_gain":0.0,"max_hp_loss":0.0,"gold_gain":0.0,"event_name":"Tomb of Lord Red Mask","player_choice":"Ignored","floor":38.0,"gold_loss":0.0,"damage_taken":0.0},{"cards_removed":["Strike_R"],"damage_healed":0.0,"max_hp_gain":0.0,"max_hp_loss":0.0,"gold_gain":0.0,"event_name":"Falling","player_choice":"Removed Attack","floor":44.0,"gold_loss":0.0,"damage_taken":0.0}],"is_beta":false,"boss_relics":[{"not_picked":["Ectoplasm","Coffee Dripper"],"picked":"Cursed Key"},{"not_picked":["Tiny House","Eternal Feather"],"picked":"Mark of Pain"}],"items_purged_floors":[20,47],"is_endless":false,"potions_floor_spawned":[3,4,12,18,30,31,39,42,48],"killed_by":"Donu and Deca","ascension_level":16}