{"gold_per_floor":[111,130,14,14,25,25,56,56,56,88,102,102,23,40,40,40],"floor_reached":16,"playtime":553,"items_purged":["Strike_R"],"score":198,"play_id":"ed6d1a15-9148-46f7-8812-9dfeb83ec8bb","local_time":"20181224031054","is_ascension_mode":true,"campfire_choices":[{"data":"Whirlwind","floor":6.0,"key":"SMITH"},{"data":"Flex","floor":12,"key":"SMITH"},{"data":"Bash","floor":15,"key":"SMITH"}],"neow_cost":"NONE","seed_source_timestamp":728479209501266,"circlet_count":0,"master_deck":["AscendersBane","Strike_R","Strike_R","Strike_R","Strike_R","Defend_R","Defend_R","Defend_R","Defend_R","Bash+1","Feel No Pain","Whirlwind+1","Evolve","Flex+1","Wild Strike","Seeing Red"],"special_seed":0,"relics":["Burning Blood","Ornamental Fan","Red Skull","Regal Pillow"],"potions_floor_usage":[7,7,11],"damage_taken":[{"damage":2.0,"enemies":"2 Louse","floor":1.0,"turns":3.0},{"damage":4.0,"enemies":"Small Slimes","floor":2.0,"turns":4.0},{"damage":7.0,"enemies":"Jaw Worm","floor":5.0,"turns":7.0},{"damage":35,"enemies":"Lagavulin","floor":7,"turns":7},{"damage":20,"enemies":"3 Sentries","floor":10,"turns":4},{"damage":24,"enemies":"Exordium Thugs","floor":11,"turns":4},{"damage":8,"enemies":"Blue Slaver","floor":14,"turns":3},{"damage":20,"enemies":"Hexaghost","floor":16,"turns":9}],"seed_played":"1866661994292142493","potions_obtained":[{"floor":0.0,"key":"Fruit Juice"},{"floor":0.0,"key":"GamblersBrew"},{"floor":0.0,"key":"SkillPotion"},{"floor":1.0,"key":"Poison Potion"},{"floor":10,"key":"SpeedPotion"},{"floor":14,"key":"GamblersBrew"}],"is_trial":false,"path_per_floor":["M","M","$","?","M","R","E","?","T","E","M","R","$","M","R","B"],"character_chosen":"IRONCLAD","items_purchased":["Evolve","Seeing Red"],"campfire_rested":0,"item_purchase_floors":[3,13],"current_hp_per_floor":[77,79,79,84,83,83,54,54,54,40,22,22,22,20,20,0],"gold":40,"neow_bonus":"THREE_SMALL_POTIONS","is_prod":false,"is_daily":false,"chose_seed":false,"campfire_upgraded":3,"win_rate":0,"timestamp":1545588654,"path_taken":["M","M","$","?","M","R","E","?","T","E","M","R","?","M","R","BOSS"],"build_version":"2018-12-20","purchased_purges":1,"victory":false,"max_hp_per_floor":[80,80,80,85,85,85,85,85,85,85,85,85,85,85,85,85],"card_choices":[{"not_picked":["Clothesline","Body Slam"],"picked":"Feel No Pain","floor":1.0},{"not_picked":["Havoc","Perfected Strike"],"picked":"Whirlwind","floor":2.0},{"not_picked":["Blood for Blood","Perfected Strike"],"picked":"Flex","floor":5.0},{"not_picked":["Twin Strike","Armaments"],"picked":"Wild Strike","floor":7},{"not_picked":["Perfected Strike","Warcry","Headbutt"],"picked":"SKIP","floor":10},{"not_picked":["Infernal Blade","Heavy Blade","Searing Blow"],"picked":"SKIP","floor":11},{"not_picked":["Entrench","Hemokinesis","Whirlwind"],"picked":"SKIP","floor":14}],"player_experience":752330,"relics_obtained":[{"floor":7,"key":"Ornamental Fan"},{"floor":9,"key":"Red Skull"},{"floor":10,"key":"Regal Pillow"}],"event_choices":[{"damage_healed":0.0,"max_hp_gain":5.0,"max_hp_loss":0.0,"gold_gain":0.0,"event_name":"Big Fish","player_choice":"Donut","floor":4.0,"gold_loss":0.0,"damage_taken":0.0},{"damage_healed":0,"gold_gain":0,"player_choice":"Ignored","damage_taken":0,"max_hp_gain":0,"max_hp_loss":0,"event_name":"Liars Game","floor":8,"gold_loss":0}],"is_beta":false,"boss_relics":[],"items_purged_floors":[3],"is_endless":false,"potions_floor_spawned":[1,5,10,14],"killed_by":"Hexaghost","ascension_level":16}