{"gold_per_floor":[115,14,29,204,35,35,66,66,66,98,98,116,116,131,131,204,204,221,233,233,247,274,274,300,300,300,300,327,341,88,98,98,170,170,188,542,542,562,97,97,132,145,145,179,192,225,243,263,263,263,263,263,21,47,47],"floor_reached":55,"playtime":4657,"items_purged":["Doubt","Dualcast"],"score":1486,"play_id":"876b94da-084b-4ea3-8255-2a005f226177","local_time":"20190216064309","is_ascension_mode":true,"campfire_choices":[{"data":"Zap","floor":6.0,"key":"SMITH"},{"data":"Streamline","floor":8.0,"key":"SMITH"},{"data":"Defragment","floor":11.0,"key":"SMITH"},{"data":"Rainbow","floor":13.0,"key":"SMITH"},{"data":"Buffer","floor":15.0,"key":"SMITH"},{"data":"Fission","floor":23.0,"key":"SMITH"},{"data":"Fission","floor":25.0,"key":"SMITH"},{"data":"Chill","floor":27.0,"key":"SMITH"},{"data":"Echo Form","floor":32.0,"key":"SMITH"},{"data":"Fission","floor":40.0,"key":"SMITH"},{"floor":49.0,"key":"RECALL"},{"data":"Rainbow","floor":52.0,"key":"SMITH"}],"neow_cost":"NONE","seed_source_timestamp":0,"circlet_count":0,"master_deck":["AscendersBane","Zap+1","Scrape","Darkness","Fission+1","Amplify","Buffer+1","Scrape","Chill+1","Rebound","Streamline+1","Steam","Leap","Conserve Battery","FTL","Coolheaded","Defragment+1","Rainbow+1","Defragment","Gash","Fission+1","Compile Driver","Scrape","Self Repair+1","Echo Form+1","Defragment+1","Scrape+1","Impatience","Fission+1","Rainbow+1","Beam Cell","Seek","Gash+1","Chaos+1","Beam Cell","Steam Power","Go for the Eyes"],"special_seed":0,"relics":["Pandora\u0027s Box","Bottled Flame","Shuriken","Bottled Tornado","Coffee Dripper","Red Mask","Boot","Kunai","Lantern","Eternal Feather","Old Coin","Thread and Needle","Frozen Egg 2","Darkstone Periapt","Dodecahedron","Runic Capacitor","Mango"],"potions_floor_usage":[55,55],"damage_taken":[{"damage":6.0,"enemies":"Cultist","floor":1.0,"turns":3.0},{"damage":0.0,"enemies":"Small Slimes","floor":3.0,"turns":2.0},{"damage":19.0,"enemies":"Lagavulin","floor":7.0,"turns":4.0},{"damage":4.0,"enemies":"3 Sentries","floor":10.0,"turns":5.0},{"damage":0.0,"enemies":"Jaw Worm","floor":12.0,"turns":3.0},{"damage":3.0,"enemies":"3 Louse","floor":14.0,"turns":3.0},{"damage":31.0,"enemies":"Slime Boss","floor":16.0,"turns":10.0},{"damage":0.0,"enemies":"Spheric Guardian","floor":18.0,"turns":4.0},{"damage":6.0,"enemies":"Chosen","floor":19.0,"turns":5.0},{"damage":3.0,"enemies":"Snake Plant","floor":21.0,"turns":4.0},{"damage":8.0,"enemies":"Masked Bandits","floor":22.0,"turns":5.0},{"damage":33.0,"enemies":"Book of Stabbing","floor":24.0,"turns":6.0},{"damage":6.0,"enemies":"Slavers","floor":28.0,"turns":5.0},{"damage":0.0,"enemies":"Centurion and Healer","floor":29.0,"turns":5.0},{"damage":1.0,"enemies":"Shelled Parasite and Fungi","floor":31.0,"turns":5.0},{"damage":24.0,"enemies":"Automaton","floor":33.0,"turns":6.0},{"damage":0.0,"enemies":"3 Shapes","floor":35.0,"turns":5.0},{"damage":42.0,"enemies":"2 Orb Walkers","floor":36.0,"turns":6.0},{"damage":0.0,"enemies":"3 Darklings","floor":38.0,"turns":6.0},{"damage":18.0,"enemies":"Reptomancer","floor":41.0,"turns":4.0},{"damage":0.0,"enemies":"4 Shapes","floor":42.0,"turns":4.0},{"damage":0.0,"enemies":"Giant Head","floor":44.0,"turns":7.0},{"damage":14.0,"enemies":"Spire Growth","floor":45.0,"turns":4.0},{"damage":0.0,"enemies":"Reptomancer","floor":46.0,"turns":7.0},{"damage":14.0,"enemies":"Sphere and 2 Shapes","floor":47.0,"turns":5.0},{"damage":6.0,"enemies":"Maw","floor":48.0,"turns":5.0},{"damage":29.0,"enemies":"Awakened One","floor":50.0,"turns":8.0},{"damage":0.0,"enemies":"Shield and Spear","floor":54.0,"turns":4.0},{"damage":90,"enemies":"The Heart","floor":55,"turns":3}],"seed_played":"-8204111178897520210","potions_obtained":[{"floor":3.0,"key":"Poison Potion"},{"floor":7.0,"key":"Regen Potion"},{"floor":16.0,"key":"SteroidPotion"},{"floor":18.0,"key":"Strength Potion"},{"floor":28.0,"key":"LiquidBronze"},{"floor":36.0,"key":"Regen Potion"},{"floor":38.0,"key":"Strength Potion"},{"floor":54.0,"key":"LiquidBronze"}],"is_trial":false,"path_per_floor":["M","$","M","?","$","R","E","R","T","E","R","M","R","M","R","B",null,"M","M","?","M","?","R","E","R","T","R","E","M","$","M","R","B",null,"M","?","?","M","$","R","E","M","T","E","M","E","M","M","R","B",null,"R","$","E","B"],"character_chosen":"DEFECT","items_purchased":["Steam","Leap","FTL","Coolheaded","Impatience","Fission","Thread and Needle","Seek","Runic Capacitor","Go for the Eyes"],"campfire_rested":0,"item_purchase_floors":[2,2,5,5,30,30,39,39,53,53],"current_hp_per_floor":[62,62,62,62,62,62,43,43,43,51,51,51,51,48,48,17,61,61,55,55,52,44,44,21,21,21,21,35,45,45,54,54,30,64,74,52,52,72,72,75,67,67,67,75,61,71,67,75,75,46,68,75,75,89,0],"gold":47,"neow_bonus":"BOSS_RELIC","is_prod":false,"is_daily":false,"chose_seed":false,"campfire_upgraded":11,"win_rate":0,"timestamp":1550317389,"path_taken":["M","?","M","?","$","R","E","R","T","E","R","M","R","M","R","BOSS","M","M","?","M","?","R","E","R","T","R","E","M","$","M","R","BOSS","M","?","?","M","$","R","E","M","T","E","M","E","M","?","R","BOSS","R","$","E","BOSS"],"build_version":"2019-01-23","purchased_purges":2,"victory":false,"max_hp_per_floor":[75,75,75,75,75,75,75,75,75,75,75,75,75,75,75,75,75,75,75,75,75,75,75,75,75,75,75,75,75,75,75,75,75,75,75,75,75,75,75,75,75,75,75,75,75,75,75,75,75,75,75,75,75,89,89],"card_choices":[{"not_picked":["Cold Snap","Barrage"],"picked":"Streamline","floor":1.0},{"not_picked":["Doom and Gloom","Streamline"],"picked":"Conserve Battery","floor":3.0},{"not_picked":["Barrage","Sunder"],"picked":"Defragment","floor":7.0},{"not_picked":["White Noise","Streamline"],"picked":"Rainbow","floor":10.0},{"not_picked":["Rebound","Conserve Battery"],"picked":"Defragment","floor":12.0},{"not_picked":["Steam","Sweeping Beam"],"picked":"Gash","floor":14.0},{"not_picked":["Rainbow","Thunder Strike"],"picked":"Fission","floor":16.0},{"not_picked":["Streamline","Leap"],"picked":"Compile Driver","floor":18.0},{"not_picked":["Sunder","Steam","Go for the Eyes"],"picked":"SKIP","floor":19.0},{"not_picked":["Chill","Tempest+1"],"picked":"Scrape","floor":21.0},{"not_picked":["Blizzard","Redo"],"picked":"Self Repair+1","floor":22.0},{"not_picked":["Leap","Fusion"],"picked":"Echo Form","floor":24.0},{"not_picked":["Turbo","Cold Snap"],"picked":"Defragment+1","floor":28.0},{"not_picked":["Rip and Tear","Capacitor"],"picked":"Scrape+1","floor":29.0},{"not_picked":["Darkness","Leap","Conserve Battery"],"picked":"SKIP","floor":31.0},{"not_picked":["Hyperbeam","Creative AI"],"picked":"Rainbow","floor":33.0},{"not_picked":["Rebound","Hologram","Redo"],"picked":"SKIP","floor":35.0},{"not_picked":["Heatsinks","Reinforced Body"],"picked":"Beam Cell","floor":36.0},{"not_picked":["Recycle","Rebound","Tempest"],"picked":"SKIP","floor":38.0},{"not_picked":["Biased Cognition","Double Energy"],"picked":"Gash+1","floor":41.0},{"not_picked":["Cold Snap","Steam Power"],"picked":"Chaos+1","floor":42.0},{"not_picked":["Turbo+1","Barrage"],"picked":"Beam Cell","floor":44.0},{"not_picked":["Reinforced Body","Ball Lightning","Undo"],"picked":"SKIP","floor":45.0},{"not_picked":["Hologram","Lockon"],"picked":"Steam Power","floor":46.0},{"not_picked":["Turbo","Coolheaded","Steam"],"picked":"SKIP","floor":47.0},{"not_picked":["Doom and Gloom+1","Reprogram","Glacier"],"picked":"SKIP","floor":48.0},{"not_picked":["Streamline","Leap","Sweeping Beam+1"],"picked":"SKIP","floor":54.0}],"player_experience":433687,"relics_obtained":[{"floor":7.0,"key":"Bottled Flame"},{"floor":9.0,"key":"Shuriken"},{"floor":10.0,"key":"Bottled Tornado"},{"floor":22.0,"key":"Red Mask"},{"floor":24.0,"key":"Boot"},{"floor":26.0,"key":"Kunai"},{"floor":28.0,"key":"Lantern"},{"floor":36.0,"key":"Old Coin"},{"floor":41.0,"key":"Frozen Egg 2"},{"floor":44.0,"key":"Darkstone Periapt"},{"floor":46.0,"key":"Dodecahedron"},{"floor":54.0,"key":"Mango"}],"event_choices":[{"damage_healed":0.0,"max_hp_gain":0.0,"max_hp_loss":0.0,"gold_gain":175.0,"event_name":"Liars Game","player_choice":"AGREE","floor":4.0,"gold_loss":0.0,"damage_taken":0.0,"cards_obtained":["Doubt"]},{"damage_healed":0.0,"max_hp_gain":0.0,"max_hp_loss":0.0,"gold_gain":0.0,"event_name":"Vampires","player_choice":"Ignored","floor":20.0,"gold_loss":0.0,"damage_taken":0.0},{"damage_healed":0.0,"max_hp_gain":0.0,"max_hp_loss":0.0,"gold_gain":0.0,"event_name":"Masked Bandits","player_choice":"Fought Bandits","floor":22.0,"gold_loss":0.0,"damage_taken":0.0},{"damage_healed":0.0,"max_hp_gain":0.0,"max_hp_loss":0.0,"gold_gain":0.0,"event_name":"Mysterious Sphere","player_choice":"Fight","floor":36.0,"gold_loss":0.0,"damage_taken":0.0},{"damage_healed":0.0,"max_hp_gain":0.0,"max_hp_loss":0.0,"gold_gain":0.0,"event_name":"Lab","player_choice":"Got Potions","floor":37.0,"gold_loss":0.0,"damage_taken":0.0}],"is_beta":false,"boss_relics":[{"not_picked":["Astrolabe","Cursed Key"],"picked":"Coffee Dripper"},{"not_picked":["Black Star","Sozu"],"picked":"Eternal Feather"}],"items_purged_floors":[5,39],"is_endless":false,"potions_floor_spawned":[3,7,16,18,21,28,31,36,38,41,42,45,46,54],"killed_by":"The Heart","ascension_level":13}