{"gold_per_floor":[109,8,27,102,177,177,208,208,232,243,243,258,277,289,289,289],"floor_reached":16,"playtime":423,"items_purged":[],"score":204,"play_id":"9e9a39b3-cfd4-404f-bd1d-2b36e8e1cd93","local_time":"20190211132158","is_ascension_mode":true,"campfire_choices":[{"data":"Sunder","floor":6,"key":"SMITH"},{"data":"1","floor":8,"key":"LIFT"},{"data":"2","floor":11,"key":"LIFT"},{"data":"3","floor":15,"key":"LIFT"}],"neow_cost":"NONE","seed_source_timestamp":2169610885703705,"circlet_count":0,"master_deck":["AscendersBane","Strike_B","Strike_B","Strike_B","Strike_B","Defend_B","Defend_B","Defend_B","Defend_B","Zap","Dualcast","Sweeping Beam","Steam","Capacitor","Sunder+1","Self Repair","Coolheaded","Doom and Gloom","Defragment","Creative AI"],"relics":["Cracked Core","Girya","Orichalcum"],"potions_floor_usage":[12,16],"damage_taken":[{"damage":9,"enemies":"Jaw Worm","floor":1,"turns":4},{"damage":3,"enemies":"Small Slimes","floor":3,"turns":3},{"damage":29,"enemies":"Lagavulin","floor":7,"turns":6},{"damage":0,"enemies":"2 Louse","floor":10,"turns":1},{"damage":1,"enemies":"Large Slime","floor":12,"turns":4},{"damage":5,"enemies":"Blue Slaver","floor":13,"turns":2},{"damage":0,"enemies":"Gremlin Gang","floor":14,"turns":1},{"damage":25,"enemies":"Slime Boss","floor":16,"turns":7}],"seed_played":"-8493337286266885961","potions_obtained":[{"floor":10,"key":"Explosive Potion"},{"floor":13,"key":"Dexterity Potion"}],"is_trial":false,"path_per_floor":["M","$","M","?","?","R","E","R","T","M","R","M","M","M","R","B"],"character_chosen":"DEFECT","items_purchased":["Steam","Capacitor"],"campfire_rested":0,"item_purchase_floors":[2,2],"current_hp_per_floor":[62,62,59,48,48,48,19,19,19,19,19,25,20,20,20,0],"gold":289,"neow_bonus":"TEN_PERCENT_HP_BONUS","is_prod":false,"is_daily":false,"chose_seed":false,"campfire_upgraded":1,"win_rate":0,"timestamp":1549920118,"path_taken":["M","$","M","?","?","R","E","R","T","M","R","M","M","M","R","BOSS"],"build_version":"2019-01-23","purchased_purges":0,"victory":false,"max_hp_per_floor":[78,78,78,78,78,78,78,78,78,78,78,78,78,78,78,78],"card_choices":[{"not_picked":["Barrage","Skim"],"picked":"Sweeping Beam","floor":1},{"not_picked":["Compile Driver","Steam"],"picked":"Sunder","floor":3},{"not_picked":["Force Field","Compile Driver"],"picked":"Self Repair","floor":7},{"not_picked":["Compile Driver","Rebound"],"picked":"Coolheaded","floor":10},{"not_picked":["Compile Driver","Turbo"],"picked":"Doom and Gloom","floor":12},{"not_picked":["Streamline","FTL"],"picked":"Defragment","floor":13},{"not_picked":["Leap","Darkness"],"picked":"Creative AI","floor":14}],"player_experience":681599,"relics_obtained":[{"floor":7,"key":"Girya"},{"floor":9,"key":"Orichalcum"}],"event_choices":[{"damage_healed":0,"gold_gain":75,"player_choice":"Gather Gold","damage_taken":11,"max_hp_gain":0,"max_hp_loss":0,"event_name":"World of Goop","floor":4,"gold_loss":0},{"damage_healed":0,"gold_gain":75,"player_choice":"Gained Gold","damage_taken":0,"max_hp_gain":0,"max_hp_loss":0,"event_name":"Golden Wing","floor":5,"gold_loss":0}],"is_beta":false,"boss_relics":[],"items_purged_floors":[],"is_endless":false,"potions_floor_spawned":[10,13],"killed_by":"Slime Boss","ascension_level":20}