{"gold_per_floor":[109,29,29,179,179,179,205,205,205,217,217,243,114,147,147,226,226,226,166,166,166,166,166,166,166,166,166,166,166,166,56,56,56],"floor_reached":33,"playtime":963,"items_purged":["Doubt","Strike_B"],"score":712,"play_id":"25f59ded-0898-4d07-840d-5b444474e3cf","local_time":"20190122193504","is_ascension_mode":true,"campfire_choices":[{"data":"Ball Lightning","floor":6,"key":"SMITH"},{"data":"Hyperbeam","floor":8,"key":"SMITH"},{"data":"Loop","floor":11,"key":"SMITH"},{"floor":15,"key":"REST"},{"floor":23,"key":"REST"},{"floor":25,"key":"REST"},{"floor":27,"key":"REST"},{"floor":32,"key":"REST"}],"neow_cost":"NONE","seed_source_timestamp":1181340086947389,"circlet_count":0,"master_deck":["AscendersBane","Strike_B","Strike_B","Defend_B","Defend_B","Defend_B","Defend_B","Zap","Dualcast","Ball Lightning+1","Loop+1","Hyperbeam+1","Amplify","Auto Shields","Hologram","Conserve Battery","Reboot","Fusion","Compile Driver+1","Go for the Eyes+1","Conserve Battery","Hologram","Skim"],"relics":["Cracked Core","NeowsBlessing","Turnip","Symbiotic Virus","Blue Candle","Mercury Hourglass","Ectoplasm","Anchor","The Courier"],"potions_floor_usage":[33],"damage_taken":[{"damage":0,"enemies":"2 Louse","floor":1,"turns":1},{"damage":0,"enemies":"Lagavulin","floor":7,"turns":2},{"damage":0,"enemies":"Jaw Worm","floor":10,"turns":1},{"damage":14,"enemies":"3 Sentries","floor":12,"turns":4},{"damage":25,"enemies":"Gremlin Nob","floor":14,"turns":4},{"damage":0,"enemies":"Slime Boss","floor":16,"turns":6},{"damage":14,"enemies":"Shell Parasite","floor":18,"turns":3},{"damage":15,"enemies":"2 Thieves","floor":19,"turns":3},{"damage":3,"enemies":"Snecko","floor":21,"turns":3},{"damage":25,"enemies":"Chosen and Byrds","floor":22,"turns":5},{"damage":36,"enemies":"Slavers","floor":24,"turns":5},{"damage":11,"enemies":"Sentry and Sphere","floor":28,"turns":3},{"damage":0,"enemies":"3 Cultists","floor":30,"turns":2},{"damage":84,"enemies":"Collector","floor":33,"turns":8}],"seed_played":"-8829705596571180457","potions_obtained":[{"floor":1,"key":"Strength Potion"},{"floor":7,"key":"Weak Potion"},{"floor":28,"key":"SkillPotion"}],"is_trial":false,"path_per_floor":["?","?","?","?","?"],"character_chosen":"DEFECT","items_purchased":["Loop","Hologram","Skim"],"campfire_rested":5,"item_purchase_floors":[2,13,31],"current_hp_per_floor":[64,64,64,64,59,59,59,59,59,59,59,45,45,20,41,41,64,50,35,49,46,21,42,6,27,27,48,37,37,37,37,58,0],"gold":56,"neow_bonus":"THREE_ENEMY_KILL","is_prod":false,"is_daily":false,"chose_seed":false,"campfire_upgraded":3,"win_rate":0,"timestamp":1548203704,"path_taken":["M","$","?","?","?","R","E","R","T","M","R","E","$","E","R","BOSS","M","M","?","M","M","R","E","R","T","R","M","?","M","$","R","BOSS"],"build_version":"2019-01-20","purchased_purges":2,"victory":false,"max_hp_per_floor":[71,71,71,71,71,71,71,71,71,71,71,71,71,71,71,71,71,71,71,71,71,71,71,71,71,71,71,71,71,71,71,71,71],"card_choices":[{"not_picked":["Steam Power","Stack"],"picked":"Ball Lightning","floor":1},{"not_picked":["Beam Cell","Reprogram"],"picked":"Amplify","floor":7},{"not_picked":["Steam","Streamline"],"picked":"Auto Shields","floor":10},{"not_picked":["Sweeping Beam","Hello World","Turbo"],"picked":"SKIP","floor":12},{"not_picked":["Static Discharge","Capacitor"],"picked":"Conserve Battery","floor":14},{"not_picked":["Electrodynamics","Meteor Strike"],"picked":"Reboot","floor":16},{"not_picked":["Steam+1","Go for the Eyes"],"picked":"Fusion","floor":18},{"not_picked":["Beam Cell","Storm","Consume"],"picked":"SKIP","floor":19},{"not_picked":["Heatsinks","Ball Lightning+1"],"picked":"Compile Driver+1","floor":21},{"not_picked":["Heatsinks","Ball Lightning+1"],"picked":"Go for the Eyes+1","floor":22},{"not_picked":["Rainbow","Streamline"],"picked":"Conserve Battery","floor":24},{"not_picked":["Beam Cell","Redo"],"picked":"Hologram","floor":28},{"not_picked":["Cold Snap","Barrage","Streamline"],"picked":"SKIP","floor":30}],"player_experience":493536,"relics_obtained":[{"floor":7,"key":"Turnip"},{"floor":9,"key":"Symbiotic Virus"},{"floor":12,"key":"Blue Candle"},{"floor":14,"key":"Mercury Hourglass"},{"floor":24,"key":"Anchor"},{"floor":26,"key":"The Courier"}],"event_choices":[{"damage_healed":0,"gold_gain":0,"cards_transformed":["Strike_B"],"player_choice":"Change","damage_taken":0,"max_hp_gain":0,"max_hp_loss":0,"event_name":"Living Wall","floor":3,"gold_loss":0,"cards_obtained":["Hyperbeam"]},{"damage_healed":0,"gold_gain":150,"player_choice":"AGREE","damage_taken":0,"max_hp_gain":0,"max_hp_loss":0,"event_name":"Liars Game","floor":4,"gold_loss":0,"cards_obtained":["Doubt"]},{"damage_healed":0,"gold_gain":0,"player_choice":"Fled","damage_taken":5,"max_hp_gain":0,"max_hp_loss":0,"event_name":"Scrap Ooze","floor":5,"gold_loss":0},{"damage_healed":14,"gold_gain":0,"player_choice":"Heal","damage_taken":0,"max_hp_gain":0,"max_hp_loss":0,"event_name":"The Library","floor":20,"gold_loss":0},{"damage_healed":0,"gold_gain":50,"player_choice":"Stole From Cult","damage_taken":0,"max_hp_gain":0,"max_hp_loss":0,"event_name":"Nest","floor":29,"gold_loss":0}],"is_beta":true,"boss_relics":[{"not_picked":["Runic Pyramid","Astrolabe"],"picked":"Ectoplasm"}],"items_purged_floors":[13,31],"is_endless":false,"potions_floor_spawned":[1,7,12,18,21,28],"killed_by":"Collector","ascension_level":20}