{"gold_per_floor":[112,131,147,158,11,11,11,11,11,11,11,11,11,30,30,107,107,118,118],"floor_reached":19,"playtime":716,"items_purged":[],"score":290,"play_id":"9c1fb055-5271-4bfc-abf5-98fceab59647","local_time":"20180928001123","is_ascension_mode":true,"campfire_choices":[{"data":"Rip and Tear","floor":6,"key":"SMITH"},{"data":"Auto Shields","floor":8,"key":"SMITH"},{"data":"Dualcast","floor":11,"key":"SMITH"},{"data":"Defend_B","floor":15,"key":"SMITH"}],"neow_cost":"NONE","seed_source_timestamp":1144637165697230,"circlet_count":0,"master_deck":["Strike_B","Strike_B","Strike_B","Strike_B","Defend_B+1","Defend_B","Defend_B","Defend_B","Zap+1","Dualcast+1","AscendersBane","Rip and Tear+1","Force Field","Auto Shields+1","Gash","FTL","Echo Form","Force Field"],"relics":["Cracked Core","Unceasing Top","Nuclear Battery"],"potions_floor_usage":[16,16],"damage_taken":[{"damage":2,"enemies":"Jaw Worm","floor":1,"turns":3},{"damage":0,"enemies":"Small Slimes","floor":2,"turns":2},{"damage":3,"enemies":"2 Louse","floor":3,"turns":2},{"damage":41,"enemies":"Large Slime","floor":4,"turns":8},{"damage":1,"enemies":"Exordium Wildlife","floor":14,"turns":2},{"damage":16,"enemies":"The Guardian","floor":16,"turns":11},{"damage":35,"enemies":"Chosen","floor":18,"turns":4},{"damage":23,"enemies":"Spheric Guardian","floor":19,"turns":5}],"seed_played":"-7066002391918155073","potions_obtained":[{"floor":1,"key":"GamblersBrew"},{"floor":4,"key":"GamblersBrew"},{"floor":13,"key":"FocusPotion"},{"floor":18,"key":"Energy Potion"}],"is_trial":false,"path_per_floor":["M","M","M","M","$","R","?","R","T","?","R","?","?","M","R","B",null,"M"],"character_chosen":"DEFECT","items_purchased":["Gash","FTL"],"campfire_rested":0,"item_purchase_floors":[5,5],"current_hp_per_floor":[62,62,59,18,18,18,18,18,18,18,18,18,18,17,17,1,54,19,0],"gold":118,"neow_bonus":"UPGRADE_CARD","is_prod":false,"is_daily":false,"chose_seed":false,"campfire_upgraded":4,"win_rate":0,"timestamp":1538107883,"path_taken":["M","M","M","M","$","R","?","R","T","?","R","?","?","M","R","BOSS","M","M"],"build_version":"2018-09-27","purchased_purges":0,"victory":false,"max_hp_per_floor":[71,71,71,71,71,71,71,71,71,71,71,71,71,71,71,71,71,71,71],"card_choices":[{"not_picked":["Tempest","Turbo"],"picked":"Rip and Tear","floor":1},{"not_picked":["Steam","Compile Driver"],"picked":"Coolheaded","floor":2},{"not_picked":["Steam","Compile Driver"],"picked":"Force Field","floor":3},{"not_picked":["Coolheaded","Barrage"],"picked":"Auto Shields","floor":4},{"not_picked":["Sunder","Barrage","Sweeping Beam"],"picked":"SKIP","floor":14},{"not_picked":["Buffer","Reboot"],"picked":"Echo Form","floor":16},{"not_picked":["Barrage","Lockon"],"picked":"Force Field","floor":18}],"player_experience":269402,"relics_obtained":[{"floor":9,"key":"Unceasing Top"}],"event_choices":[{"event_name":"Liars Game","player_choice":"disagreed","floor":7,"damage_taken":0},{"event_name":"Living Wall","player_choice":"Forget","floor":10,"damage_taken":0},{"event_name":"Shining Light","player_choice":"Ignored","floor":12,"damage_taken":0},{"event_name":"The Lab","player_choice":"Got Potions","floor":13,"damage_taken":0}],"is_beta":false,"boss_relics":[{"not_picked":["Orrery","Runic Pyramid"],"picked":"Nuclear Battery"}],"items_purged_floors":[],"is_endless":false,"potions_floor_spawned":[1,4,18],"killed_by":"Spheric Guardian","ascension_level":17}