{"gold_per_floor":[113,113,113,124,144,173,173,186,212,287,287,287,0,25,25,102,102,117,117,117,42,56,89,106,106,132,132],"floor_reached":27,"playtime":752,"items_purged":[],"score":430,"play_id":"bbf3e3a3-00a4-4838-80df-8817ef23f798","local_time":"20181027054832","is_ascension_mode":true,"campfire_choices":[{"data":"Fiend Fire","floor":7.0,"key":"SMITH"},{"floor":12.0,"key":"REST"},{"data":"Feel No Pain","floor":15.0,"key":"SMITH"},{"data":"Battle Trance","floor":25,"key":"SMITH"}],"neow_cost":"NONE","seed_source_timestamp":571669181130402,"circlet_count":0,"master_deck":["Strike_R","Strike_R","Strike_R+1","Defend_R","Defend_R","Defend_R+1","Defend_R","Bash","AscendersBane","Battle Trance+1","Berserk","Clothesline","Metallicize","Fiend Fire+1","Shrug It Off","Feel No Pain+1","Inflame+1","Havoc+1","Shockwave+1"],"special_seed":0,"relics":["Burning Blood","Red Skull","Centennial Puzzle","Toxic Egg 2","Juzu Bracelet","Sozu","Gremlin Horn","Regal Pillow"],"potions_floor_usage":[],"damage_taken":[{"damage":8.0,"enemies":"2 Louse","floor":1.0,"turns":4.0},{"damage":5.0,"enemies":"Cultist","floor":4.0,"turns":4.0},{"damage":7.0,"enemies":"Jaw Worm","floor":5.0,"turns":3.0},{"damage":35.0,"enemies":"Gremlin Nob","floor":6.0,"turns":4.0},{"damage":1.0,"enemies":"Red Slaver","floor":8.0,"turns":3.0},{"damage":14.0,"enemies":"3 Sentries","floor":14.0,"turns":6.0},{"damage":35.0,"enemies":"Slime Boss","floor":16.0,"turns":4.0},{"damage":5,"enemies":"Shell Parasite","floor":18,"turns":6},{"damage":8,"enemies":"Chosen","floor":22,"turns":2},{"damage":33,"enemies":"Gremlin Leader","floor":23,"turns":2},{"damage":1,"enemies":"Snecko","floor":24,"turns":5},{"damage":12,"enemies":"Cultist and Chosen","floor":27,"turns":12}],"seed_played":"-1797858696632418195","potions_obtained":[{"floor":0.0,"key":"Fire Potion"},{"floor":0.0,"key":"FearPotion"},{"floor":6.0,"key":"Dexterity Potion"}],"is_trial":false,"path_per_floor":["M","?","?","M","M","E","R","M","T","?","?","R","$","E","R","B",null,"M","?","?","?","M","E","M","R","T"],"character_chosen":"IRONCLAD","items_purchased":["Toxic Egg 2"],"campfire_rested":1,"item_purchase_floors":[13],"current_hp_per_floor":[66,66,43,44,43,14,14,19,19,8,26,48,48,40,40,11,59,60,85,82,82,80,53,58,58,58,46],"gold":132,"neow_bonus":"THREE_SMALL_POTIONS","is_prod":false,"is_daily":false,"chose_seed":false,"campfire_upgraded":3,"win_rate":0,"timestamp":1540586912,"path_taken":["M","?","?","?","M","E","R","M","T","?","?","R","$","E","R","BOSS","BOSS","M","?","?","?","M","E","M","R","T","M"],"build_version":"2018-10-25v2","purchased_purges":0,"victory":false,"max_hp_per_floor":[75,75,75,75,75,75,75,75,75,75,75,75,75,75,75,75,75,75,85,82,82,82,82,82,82,82,82],"card_choices":[{"not_picked":["Evolve","Reckless Charge"],"picked":"Battle Trance","floor":1.0},{"not_picked":["Cleave","Dropkick"],"picked":"Clothesline","floor":4.0},{"not_picked":["Pummel","Sword Boomerang"],"picked":"Metallicize","floor":5.0},{"not_picked":["Clash","Sword Boomerang"],"picked":"Fiend Fire","floor":6.0},{"not_picked":["Havoc","Bloodletting"],"picked":"Shrug It Off","floor":8.0},{"not_picked":["Intimidate+1","Sword Boomerang"],"picked":"Feel No Pain","floor":14.0},{"not_picked":["Juggernaut","Bludgeon"],"picked":"Feed","floor":16},{"not_picked":["Second Wind+1","Pommel Strike"],"picked":"Inflame+1","floor":18},{"not_picked":["Heavy Blade","Headbutt"],"picked":"Havoc+1","floor":22},{"not_picked":["Iron Wave","Perfected Strike"],"picked":"Shockwave+1","floor":23},{"not_picked":["Shockwave+1","Evolve","Perfected Strike"],"picked":"SKIP","floor":24}],"player_experience":726761,"relics_obtained":[{"floor":6.0,"key":"Red Skull"},{"floor":9.0,"key":"Centennial Puzzle"},{"floor":14.0,"key":"Juzu Bracelet"},{"floor":23,"key":"Gremlin Horn"},{"floor":26,"key":"Regal Pillow"}],"event_choices":[{"damage_healed":0.0,"max_hp_gain":0.0,"max_hp_loss":0.0,"gold_gain":0.0,"cards_transformed":["Strike_R"],"event_name":"Transmorgrifier","player_choice":"Transformed","floor":2.0,"gold_loss":0.0,"damage_taken":0.0,"cards_obtained":["Berserk"]},{"damage_healed":0.0,"max_hp_gain":0.0,"max_hp_loss":0.0,"gold_gain":0.0,"event_name":"Shining Light","player_choice":"Entered Light","floor":3.0,"gold_loss":0.0,"damage_taken":23.0,"cards_upgraded":["Defend_R","Strike_R"]},{"damage_healed":0.0,"max_hp_gain":0.0,"max_hp_loss":0.0,"gold_gain":75.0,"event_name":"World of Goop","player_choice":"Gather Gold","floor":10.0,"gold_loss":0.0,"damage_taken":11.0},{"damage_healed":18.0,"max_hp_gain":0.0,"max_hp_loss":0.0,"gold_gain":0.0,"event_name":"Mushrooms","player_choice":"Healed and dodged fight","floor":11.0,"gold_loss":0.0,"damage_taken":0.0,"cards_obtained":["Parasite"]},{"cards_removed":["Feed"],"damage_healed":15,"gold_gain":0,"player_choice":"Offered Rare","damage_taken":0,"max_hp_gain":10,"max_hp_loss":0,"event_name":"Bonfire Elementals","floor":19,"gold_loss":0},{"cards_removed":["Parasite"],"damage_healed":0,"gold_gain":0,"player_choice":"Purged","damage_taken":0,"max_hp_gain":0,"max_hp_loss":0,"event_name":"Purifier","floor":20,"gold_loss":0},{"cards_removed":["Strike_R"],"damage_healed":0,"gold_gain":0,"player_choice":"Gave Gold","damage_taken":0,"max_hp_gain":0,"max_hp_loss":0,"event_name":"Beggar","floor":21,"gold_loss":75}],"is_beta":false,"boss_relics":[{"not_picked":["Fusion Hammer","Snecko Eye"],"picked":"Sozu"}],"items_purged_floors":[],"is_endless":false,"potions_floor_spawned":[4,6,8,18],"killed_by":"Cultist and Chosen","ascension_level":16}