{"path_per_floor":["M","?","M","M","?","R","?","E","T","?","R","M","R","E","R","B",null,"M","M","$","?","M","R","M","R","T","E","R","E","M","?","R","B",null,"M","?","?","T","$","R","E","?","T","?","M","M","$","E","R","B"],"character_chosen":"IRONCLAD","items_purchased":["Ice Cream","Ancient Tea Set","Limit Break","Ornamental Fan"],"gold_per_floor":[118,118,131,142,142,142,142,174,174,239,239,255,255,283,283,383,383,398,417,34,34,52,52,69,69,369,404,404,430,449,374,374,470,470,487,537,537,590,341,341,368,368,393,393,410,422,45,79,79,79],"floor_reached":51,"campfire_rested":2,"playtime":3495,"current_hp_per_floor":[80,73,79,79,84,84,84,66,66,48,48,54,54,40,40,30,85,82,85,85,85,78,78,73,73,73,25,65,62,58,58,58,50,85,83,85,85,92,92,92,92,92,92,92,69,63,63,55,92,70],"items_purged":["Warcry","Strike_R"],"gold":79,"score":854,"play_id":"f77e226a-aa92-4a2c-852e-6eaef5e0f6d0","local_time":"20180410233435","is_prod":false,"is_daily":false,"is_ascension_mode":true,"campfire_upgraded":8,"timestamp":1523396075,"path_taken":["M","?","M","M","?","R","?","E","T","?","R","?","R","E","R","BOSS","M","M","$","?","M","R","?","R","T","E","R","E","M","?","R","BOSS","M","?","?","?","$","R","E","?","T","?","M","M","$","E","R","BOSS"],"build_version":"2018-04-05v2","purchased_purges":2,"victory":true,"master_deck":["Strike_R+1","Strike_R","Defend_R+1","Defend_R","Defend_R+1","Defend_R","Bash+1","Pommel Strike+1","Headbutt+1","Pummel+1","Armaments+1","Clothesline+1","Demon Form+1","Pommel Strike+1","Uppercut+1","Demon Form+1","Shrug It Off","Writhe","Pommel Strike+1","Limit Break","Heavy Blade+1"],"max_hp_per_floor":[80,80,80,80,85,85,85,85,85,85,85,85,85,85,85,85,85,85,85,85,85,85,85,85,85,85,85,85,85,85,85,85,85,85,85,85,85,92,92,92,92,92,92,92,92,92,92,92,92,92],"relics":["Burning Blood","War Paint","Dream Catcher","Anchor","Whetstone","Regal Pillow","Snecko Eye","Ice Cream","Old Coin","Juzu Bracelet","Mummified Hand","Velvet Choker","Unceasing Top","Strawberry","Ancient Tea Set","Magic Flower","Lantern","Ornamental Fan","Pen Nib"],"card_choices":[{"not_picked":["Carnage","Iron Wave"],"picked":"Pommel Strike","floor":1},{"not_picked":["Fiend Fire","Perfected Strike"],"picked":"Headbutt","floor":3},{"not_picked":["Anger","Twin Strike"],"picked":"Pummel","floor":4},{"not_picked":["Flame Barrier","Clothesline"],"picked":"Armaments","floor":8},{"not_picked":["Thunderclap","Twin Strike"],"picked":"Clothesline","floor":12},{"not_picked":["Heavy Blade","Seeing Red"],"picked":"Warcry","floor":14},{"not_picked":["Impervious","Brutality"],"picked":"Demon Form","floor":16},{"not_picked":["Armaments","Hemokinesis"],"picked":"Pommel Strike","floor":24},{"not_picked":["Rupture","Exhume"],"picked":"Shrug It Off","floor":27},{"not_picked":["Shockwave","Carnage"],"picked":"Uppercut","floor":28},{"not_picked":["Berserk","Bludgeon"],"picked":"Demon Form","floor":33},{"not_picked":["Pommel Strike","Searing Blow"],"picked":"Shrug It Off","floor":35},{"not_picked":["Clash","Perfected Strike"],"picked":"Pommel Strike","floor":45},{"not_picked":["Body Slam","Flex"],"picked":"Heavy Blade","floor":48}],"player_experience":184455,"potions_floor_usage":[16,16,19,30,33,33,36,48,50,50],"damage_taken":[{"damage":0,"enemies":"Small Slimes","floor":1,"turns":4},{"damage":0,"enemies":"Jaw Worm","floor":3,"turns":3},{"damage":6,"enemies":"2 Louse","floor":4,"turns":3},{"damage":24,"enemies":"Gremlin Nob","floor":8,"turns":4},{"damage":24,"enemies":"3 Sentries","floor":10,"turns":10},{"damage":0,"enemies":"Looter","floor":12,"turns":2},{"damage":20,"enemies":"3 Sentries","floor":14,"turns":10},{"damage":16,"enemies":"The Guardian","floor":16,"turns":14},{"damage":9,"enemies":"3 Byrds","floor":18,"turns":6},{"damage":0,"enemies":"2 Thieves","floor":19,"turns":4},{"damage":13,"enemies":"Sentry and Sphere","floor":22,"turns":4},{"damage":11,"enemies":"Centurion and Healer","floor":24,"turns":4},{"damage":54,"enemies":"Gremlin Leader","floor":27,"turns":5},{"damage":9,"enemies":"Book of Stabbing","floor":29,"turns":4},{"damage":10,"enemies":"3 Cultists","floor":30,"turns":4},{"damage":14,"enemies":"Automaton","floor":33,"turns":6},{"damage":8,"enemies":"3 Shapes","floor":35,"turns":3},{"damage":4,"enemies":"Mysterious Sphere","floor":36,"turns":4},{"damage":1,"enemies":"Giant Head","floor":41,"turns":5},{"damage":32,"enemies":"3 Darklings","floor":45,"turns":4},{"damage":15,"enemies":"Maw","floor":46,"turns":5},{"damage":17,"enemies":"Nemesis","floor":48,"turns":5},{"damage":51,"enemies":"Donu and Deca","floor":50,"turns":6}],"event_choices":[{"event_name":"Golden Wing","player_choice":"Card Removal","floor":2,"damage_taken":0},{"event_name":"Big Fish","player_choice":"Donut","floor":5,"damage_taken":0},{"event_name":"Liars Game","player_choice":"disagreed","floor":7,"damage_taken":0},{"event_name":"Dead Adventurer","player_choice":"Searched \u00271\u0027 times","floor":10,"damage_taken":0},{"event_name":"Vampires","player_choice":"Ignored","floor":21,"damage_taken":0},{"event_name":"Beggar","player_choice":"Gave Gold","floor":31,"damage_taken":0},{"event_name":"Mysterious Sphere","player_choice":"Fight","floor":36,"damage_taken":0},{"event_name":"Winding Halls","player_choice":"Writhe","floor":42,"damage_taken":0},{"event_name":"SensoryStone","player_choice":"Memory 1","floor":44,"damage_taken":0}],"boss_relics":[{"not_picked":["Orrery","Philosopher\u0027s Stone"],"picked":"Snecko Eye"},{"not_picked":["Runic Pyramid","Black Blood"],"picked":"Velvet Choker"}],"potions_floor_spawned":[4,10,10,16,19,29,30,36,45,46],"seed_played":"-8878904389799570285","ascension_level":3,"is_trial":false}