{"gold_per_floor":[112,128,128,128,128,128,142,142,198,198,220,220,220,238,238,340,340,357,456,170,170,170,170,184,184,184,184,184,202,202,222,222,320,320,340,355,355,105,118,118,130,130,181,181,234,264,281,293,293,293],"floor_reached":51,"playtime":2617,"items_purged":["Writhe"],"score":838,"play_id":"e1e521f3-1acf-4d7a-8ece-9a5efd529792","local_time":"20181214164243","daily_mods":["SealedDeck"],"is_ascension_mode":false,"campfire_choices":[{"data":"Defragment","floor":6,"key":"SMITH"},{"data":"Cold Snap","floor":8,"key":"SMITH"},{"data":"Cold Snap","floor":13,"key":"SMITH"},{"data":"Cold Snap","floor":15,"key":"SMITH"},{"data":"Apotheosis","floor":23,"key":"SMITH"},{"data":"Cold Snap","floor":25,"key":"SMITH"},{"data":"Echo Form","floor":27,"key":"SMITH"},{"data":"Glacier","floor":32,"key":"SMITH"},{"floor":40,"key":"REST"},{"data":"Conserve Battery","floor":42,"key":"SMITH"},{"floor":49,"key":"REST"}],"neow_cost":"","seed_source_timestamp":0,"circlet_count":0,"master_deck":["BootSequence+1","Cold Snap+1","Defragment+1","Glacier+1","Cold Snap+1","Cold Snap+1","Beam Cell+1","Gash","Gash","Blizzard+1","Apotheosis+1","Cold Snap+1","Coolheaded","Conserve Battery+1","Coolheaded+1","Cold Snap"],"relics":["Cracked Core","Tiny Chest","Odd Mushroom","Smiling Mask","Lizard Tail","Lantern","Gremlin Horn","Inserter","Membership Card","Bag of Preparation","Nunchaku","Kunai"],"potions_floor_usage":[33,33,35,35,46,47],"damage_taken":[{"damage":0,"enemies":"Cultist","floor":1,"turns":3},{"damage":0,"enemies":"Small Slimes","floor":2,"turns":2},{"damage":0,"enemies":"2 Louse","floor":7,"turns":2},{"damage":5,"enemies":"The Mushroom Lair","floor":11,"turns":3},{"damage":0,"enemies":"Blue Slaver","floor":14,"turns":2},{"damage":13,"enemies":"The Guardian","floor":16,"turns":8},{"damage":9,"enemies":"3 Byrds","floor":18,"turns":5},{"damage":2,"enemies":"Shell Parasite","floor":24,"turns":4},{"damage":0,"enemies":"Snake Plant","floor":29,"turns":5},{"damage":0,"enemies":"Snecko","floor":31,"turns":5},{"damage":0,"enemies":"Champ","floor":33,"turns":9},{"damage":26,"enemies":"3 Darklings","floor":35,"turns":4},{"damage":0,"enemies":"Orb Walker","floor":36,"turns":5},{"damage":15,"enemies":"3 Darklings","floor":39,"turns":6},{"damage":0,"enemies":"Spire Growth","floor":41,"turns":6},{"damage":47,"enemies":"2 Orb Walkers","floor":45,"turns":6},{"damage":0,"enemies":"Giant Head","floor":46,"turns":9},{"damage":2,"enemies":"4 Shapes","floor":47,"turns":5},{"damage":0,"enemies":"Transient","floor":48,"turns":5},{"damage":0,"enemies":"Awakened One","floor":50,"turns":13}],"seed_played":"8312585651698834618","potions_obtained":[{"floor":11,"key":"Explosive Potion"},{"floor":16,"key":"SteroidPotion"},{"floor":18,"key":"EssenceOfSteel"},{"floor":28,"key":"AttackPotion"},{"floor":33,"key":"PowerPotion"},{"floor":39,"key":"Ancient Potion"},{"floor":45,"key":"SkillPotion"},{"floor":47,"key":"SpeedPotion"}],"is_trial":true,"path_per_floor":["M","M","?","$","?","R","M","R","T","$","?","T","R","M","R","B",null,"M","?","$","?","T","R","M","R","T","R","?","M","$","M","R","B",null,"M","M","?","$","M","R","M","R","T","?","?","E","M","M","R","B",null],"character_chosen":"DEFECT","items_purchased":["Apotheosis","Cold Snap","Coolheaded","Membership Card"],"campfire_rested":2,"item_purchase_floors":[20,20,20,38],"current_hp_per_floor":[75,75,75,75,60,60,60,60,60,60,55,55,55,55,55,42,75,66,66,66,66,66,66,64,64,64,64,64,64,64,64,64,64,75,49,49,68,68,53,75,75,75,75,75,28,28,26,26,48,48],"gold":293,"neow_bonus":"","is_prod":false,"is_daily":false,"chose_seed":false,"campfire_upgraded":9,"win_rate":0,"timestamp":1544823763,"path_taken":["M","?","?","$","?","R","M","R","T","$","?","?","R","M","R","BOSS","M","?","$","?","?","R","M","R","T","R","?","M","$","?","R","BOSS","M","M","?","$","M","R","M","R","T","?","?","E","M","M","R","BOSS"],"build_version":"2018-12-13","purchased_purges":1,"victory":true,"max_hp_per_floor":[75,75,75,75,75,75,75,75,75,75,75,75,75,75,75,75,75,75,75,75,75,75,75,75,75,75,75,75,75,75,75,75,75,75,75,75,75,75,75,75,75,75,75,75,75,75,75,75,75,75],"card_choices":[{"not_picked":["Ball Lightning","Hologram"],"picked":"Blizzard","floor":1},{"not_picked":["Ball Lightning","Beam Cell","FTL"],"picked":"SKIP","floor":2},{"not_picked":["Rebound","Conserve Battery","FTL"],"picked":"SKIP","floor":7},{"not_picked":["Rebound","Leap","Electrodynamics"],"picked":"SKIP","floor":14},{"not_picked":["Seek","Multi-Cast"],"picked":"Echo Form","floor":16},{"not_picked":["Steam+1","Double Energy","Redo"],"picked":"SKIP","floor":18},{"not_picked":["Core Surge","Compile Driver+1"],"picked":"Conserve Battery","floor":24},{"not_picked":["Redo","Streamline","Self Repair"],"picked":"SKIP","floor":29},{"not_picked":["Go for the Eyes","Stack","Streamline"],"picked":"SKIP","floor":31},{"not_picked":["Rebound+1","Doom and Gloom","Melter+1"],"picked":"SKIP","floor":35},{"not_picked":["White Noise","Rebound"],"picked":"Coolheaded+1","floor":36},{"not_picked":["Ball Lightning","Heatsinks","Core Surge"],"picked":"SKIP","floor":39},{"not_picked":["Rip and Tear","Hologram+1","Sweeping Beam"],"picked":"SKIP","floor":41},{"not_picked":["Steam+1","Chaos+1","Double Energy"],"picked":"SKIP","floor":46},{"not_picked":["Compile Driver","Turbo+1","Ball Lightning"],"picked":"SKIP","floor":47},{"not_picked":["Coolheaded+1","Redo+1"],"picked":"Cold Snap","floor":48}],"player_experience":290736,"relics_obtained":[{"floor":9,"key":"Tiny Chest"},{"floor":11,"key":"Odd Mushroom"},{"floor":12,"key":"Smiling Mask"},{"floor":22,"key":"Lantern"},{"floor":26,"key":"Gremlin Horn"},{"floor":43,"key":"Bag of Preparation"},{"floor":45,"key":"Nunchaku"},{"floor":46,"key":"Kunai"}],"event_choices":[{"damage_healed":0,"gold_gain":0,"player_choice":"Grow","damage_taken":0,"max_hp_gain":0,"max_hp_loss":0,"event_name":"Living Wall","floor":3,"gold_loss":0,"cards_upgraded":["Blizzard"]},{"damage_healed":0,"gold_gain":0,"player_choice":"Entered Light","damage_taken":15,"max_hp_gain":0,"max_hp_loss":0,"event_name":"Shining Light","floor":5,"gold_loss":0,"cards_upgraded":["Beam Cell","BootSequence"]},{"damage_healed":0,"gold_gain":0,"player_choice":"Fought Mushrooms","damage_taken":0,"max_hp_gain":0,"max_hp_loss":0,"event_name":"Mushrooms","floor":11,"gold_loss":0},{"damage_healed":0,"gold_gain":99,"player_choice":"Stole From Cult","damage_taken":0,"max_hp_gain":0,"max_hp_loss":0,"event_name":"Nest","floor":19,"gold_loss":0},{"cards_removed":["Beam Cell"],"damage_healed":0,"gold_gain":0,"player_choice":"Elegance","damage_taken":0,"max_hp_gain":0,"max_hp_loss":0,"event_name":"Back to Basics","floor":21,"gold_loss":0},{"damage_healed":0,"gold_gain":0,"player_choice":"Got Potions","damage_taken":0,"max_hp_gain":0,"max_hp_loss":0,"event_name":"Lab","floor":28,"gold_loss":0},{"damage_healed":19,"gold_gain":0,"player_choice":"Writhe","damage_taken":0,"max_hp_gain":0,"max_hp_loss":0,"event_name":"Winding Halls","floor":37,"gold_loss":0,"cards_obtained":["Writhe"]},{"cards_removed":["Echo Form"],"damage_healed":0,"gold_gain":0,"player_choice":"Removed Power","damage_taken":0,"max_hp_gain":0,"max_hp_loss":0,"event_name":"Falling","floor":44,"gold_loss":0},{"damage_healed":0,"gold_gain":0,"player_choice":"Fight","damage_taken":0,"max_hp_gain":0,"max_hp_loss":0,"event_name":"Mysterious Sphere","floor":45,"gold_loss":0}],"is_beta":false,"boss_relics":[{"not_picked":["White Beast Statue","Calling Bell"],"picked":"Lizard Tail"},{"not_picked":["Eternal Feather","Coffee Dripper"],"picked":"Inserter"}],"items_purged_floors":[38],"is_endless":false,"potions_floor_spawned":[11,16,18,29,33,39,45,47],"ascension_level":0}