{"gold_per_floor":[12,12,12,26,26,61,61,61,108,138,38,38,38,38,38,143,143,161,161,175,175,91,91,110,110,110,124,138,138,154,168,168,273,323,343,62,82,32,0,0,34,50,50,50,50,85,101,113,113,113],"floor_reached":50,"playtime":928,"items_purged":["Defend_R","Defend_R","Defend_R+1","Infernal Blade+1"],"score":533,"play_id":"53224910-fc33-424b-bd1e-184e2871db8a","local_time":"20180929225102","is_ascension_mode":false,"campfire_choices":[{"data":"Spot Weakness","floor":8,"key":"SMITH"},{"data":"Sword Boomerang","floor":12,"key":"SMITH"},{"data":"Shockwave","floor":15,"key":"SMITH"},{"data":"Heavy Blade","floor":23,"key":"SMITH"},{"data":"Flex","floor":29,"key":"SMITH"},{"data":"Dual Wield","floor":32,"key":"SMITH"},{"data":"Whirlwind","floor":40,"key":"SMITH"},{"data":"Offering","floor":44,"key":"SMITH"},{"floor":49,"key":"REST"}],"neow_cost":"NO_GOLD","seed_source_timestamp":105209092548134,"circlet_count":0,"master_deck":["Strike_R+1","Strike_R+1","Strike_R+1","Strike_R+1","Strike_R+1","Bash+1","Cleave+1","Clash+1","Spot Weakness+1","Shockwave+1","Sword Boomerang+1","Offering+1","Heavy Blade+1","Inflame+1","Clash+1","Flash of Steel+1","Flex+1","Dual Wield+1","Feed+1","Dropkick+1","Twin Strike+1","Whirlwind+1","Battle Trance+1","Thunderclap+1"],"relics":["Burning Blood","StoneCalendar","Ornamental Fan","Smiling Mask","Happy Flower","Ancient Tea Set","Meat on the Bone","Sozu","Bottled Flame","Tiny House","Pen Nib","Red Mask","Orichalcum","Pantograph","Mark of the Bloom","Matryoshka"],"potions_floor_usage":[6,16,18,50],"damage_taken":[{"damage":7,"enemies":"2 Louse","floor":1,"turns":3},{"damage":1,"enemies":"Cultist","floor":4,"turns":3},{"damage":8,"enemies":"3 Sentries","floor":6,"turns":7},{"damage":23,"enemies":"Gremlin Nob","floor":10,"turns":4},{"damage":20,"enemies":"Hexaghost","floor":16,"turns":5},{"damage":20,"enemies":"2 Thieves","floor":18,"turns":3},{"damage":6,"enemies":"Shell Parasite","floor":20,"turns":2},{"damage":12,"enemies":"Snake Plant","floor":24,"turns":2},{"damage":8,"enemies":"Chosen and Byrds","floor":27,"turns":4},{"damage":8,"enemies":"3 Cultists","floor":28,"turns":3},{"damage":6,"enemies":"Centurion and Healer","floor":30,"turns":2},{"damage":16,"enemies":"Snake Plant","floor":31,"turns":2},{"damage":24,"enemies":"Automaton","floor":33,"turns":6},{"damage":21,"enemies":"3 Darklings","floor":35,"turns":3},{"damage":6,"enemies":"Orb Walker","floor":37,"turns":2},{"damage":6,"enemies":"2 Orb Walkers","floor":41,"turns":2},{"damage":11,"enemies":"Maw","floor":42,"turns":5},{"damage":14,"enemies":"Nemesis","floor":46,"turns":3},{"damage":2,"enemies":"3 Darklings","floor":47,"turns":3},{"damage":6,"enemies":"Transient","floor":48,"turns":5},{"damage":44,"enemies":"Donu and Deca","floor":50,"turns":3}],"seed_played":"-5896078752723068766","potions_obtained":[{"floor":1,"key":"SkillPotion"},{"floor":4,"key":"Fire Potion"},{"floor":6,"key":"Ancient Potion"},{"floor":16,"key":"BloodPotion"}],"is_trial":false,"path_per_floor":["M","?","?","M","$","E","T","R","T","E","$","R","$","?","R","B",null,"M","?","M","?","$","R","M","?","T","M","M","R","M","M","R","B",null,"M","$","M","$","?","R","E","M","T","R","?","E","M","M","R"],"character_chosen":"IRONCLAD","items_purchased":["Sword Boomerang","Inflame","Whirlwind","Pen Nib"],"campfire_rested":1,"item_purchase_floors":[11,22,36,36],"current_hp_per_floor":[79,67,67,72,72,70,70,70,70,53,53,53,53,53,53,51,80,74,74,74,74,74,74,68,68,68,66,64,64,64,54,54,48,85,70,70,70,70,70,70,70,65,65,65,65,51,49,43,43,0],"gold":113,"neow_bonus":"ONE_RARE_RELIC","is_prod":false,"is_daily":false,"chose_seed":false,"campfire_upgraded":8,"win_rate":0,"timestamp":1538229062,"path_taken":["M","?","?","?","?","E","?","R","T","E","$","R","$","?","R","BOSS","M","?","M","?","$","R","M","?","T","M","M","R","M","M","R","BOSS","M","$","M","$","?","R","E","M","T","R","?","E","M","M","R","BOSS"],"build_version":"2018-09-27","purchased_purges":4,"victory":false,"max_hp_per_floor":[80,80,80,80,80,80,80,80,80,80,80,80,80,80,80,80,80,80,80,80,80,80,80,80,80,80,80,80,80,80,80,80,80,85,85,85,85,85,85,85,85,85,85,85,85,85,85,85,85,85],"card_choices":[{"not_picked":["Intimidate","Twin Strike"],"picked":"Cleave","floor":1},{"not_picked":["Sword Boomerang","Wild Strike"],"picked":"Clash","floor":4},{"not_picked":["True Grit","Twin Strike"],"picked":"Spot Weakness","floor":6},{"not_picked":["Havoc","Reckless Charge"],"picked":"Shockwave","floor":10},{"not_picked":["Reaper","Impervious"],"picked":"Offering","floor":16},{"not_picked":["Power Through","Infernal Blade"],"picked":"Heavy Blade","floor":18},{"not_picked":["Uppercut","Wild Strike+1","Second Wind"],"picked":"SKIP","floor":20},{"not_picked":["Twin Strike","Warcry"],"picked":"Clash","floor":24},{"not_picked":["Wild Strike+1","Metallicize"],"picked":"Infernal Blade+1","floor":27},{"not_picked":["Intimidate","Sword Boomerang"],"picked":"Flex","floor":28},{"not_picked":["True Grit","Shockwave"],"picked":"Dual Wield","floor":30},{"not_picked":["Burning Pact","True Grit","Sword Boomerang"],"picked":"SKIP","floor":31},{"not_picked":["Immolate","Brutality"],"picked":"Feed","floor":33},{"not_picked":["Headbutt","Uppercut"],"picked":"Dropkick+1","floor":34},{"not_picked":["Feel No Pain","Body Slam"],"picked":"Twin Strike+1","floor":35},{"not_picked":["Sword Boomerang","Hemokinesis+1"],"picked":"Battle Trance+1","floor":37},{"not_picked":["Power Through","Rampage+1"],"picked":"Thunderclap+1","floor":41},{"not_picked":["Fire Breathing","Corruption+1","Blood for Blood+1"],"picked":"SKIP","floor":42},{"not_picked":["Clash","Body Slam+1","Entrench+1"],"picked":"SKIP","floor":46},{"not_picked":["Reckless Charge","True Grit","Uppercut"],"picked":"SKIP","floor":47},{"not_picked":["Wild Strike+1","Twin Strike+1","Warcry+1"],"picked":"SKIP","floor":48}],"player_experience":688089,"relics_obtained":[{"floor":6,"key":"Smiling Mask"},{"floor":7,"key":"Happy Flower"},{"floor":9,"key":"Ancient Tea Set"},{"floor":10,"key":"Meat on the Bone"},{"floor":26,"key":"Bottled Flame"},{"floor":41,"key":"Orichalcum"},{"floor":43,"key":"Pantograph"},{"floor":46,"key":"Matryoshka"}],"event_choices":[{"event_name":"Scrap Ooze","player_choice":"success","floor":2,"damage_taken":12},{"event_name":"The Cleric","player_choice":"Leave","floor":3,"damage_taken":0},{"event_name":"Living Wall","player_choice":"Forget","floor":14,"damage_taken":0},{"event_name":"The Lab","player_choice":"Got Potions","floor":19,"damage_taken":0},{"event_name":"Ghosts","player_choice":"Ignored","floor":21,"damage_taken":0},{"event_name":"Match and Keep!","player_choice":"1 cards matched","floor":25,"damage_taken":0},{"event_name":"Tomb of Lord Red Mask","player_choice":"Paid","floor":39,"damage_taken":0},{"event_name":"MindBloom","player_choice":"Upgrade","floor":45,"damage_taken":0}],"is_beta":false,"boss_relics":[{"not_picked":["Runic Pyramid","Eternal Feather"],"picked":"Sozu"},{"not_picked":["Pandora\u0027s Box","Orrery"],"picked":"Tiny House"}],"items_purged_floors":[11,22,36,38],"is_endless":false,"potions_floor_spawned":[1,4,6,16,20,30,31,33,37,41,42],"killed_by":"Donu and Deca","ascension_level":0}