{"gold_per_floor":[359,42,56,68,68,96,119,119,119,139,139,154,167,184,184,184],"floor_reached":16,"playtime":479,"items_purged":[],"score":182,"play_id":"605e98f4-7bad-4463-a074-3f8bf0bbaf1f","local_time":"20180728163842","is_ascension_mode":true,"campfire_choices":[{"data":"Self Repair","floor":8,"key":"SMITH"},{"data":"Hologram","floor":11,"key":"SMITH"},{"data":"Coolheaded","floor":15,"key":"SMITH"}],"neow_cost":"TEN_PERCENT_HP_LOSS","seed_source_timestamp":359594636996500,"circlet_count":0,"master_deck":["Strike_B","Strike_B","Strike_B","Defend_B","Defend_B","Defend_B","Defend_B","Zap","Dualcast","AscendersBane","Rip and Tear","Hologram+1","Gash","Rebound","Self Repair+1","Core Surge","Coolheaded+1"],"relics":["Cracked Core","Gremlin Horn","Odd Mushroom","Dream Catcher"],"potions_floor_usage":[7,16,16],"damage_taken":[{"damage":0,"enemies":"Cultist","floor":1,"turns":3},{"damage":0,"enemies":"2 Louse","floor":3,"turns":2},{"damage":7,"enemies":"Small Slimes","floor":4,"turns":2},{"damage":32,"enemies":"Gremlin Nob","floor":6,"turns":4},{"damage":0,"floor":7,"turns":2},{"damage":0,"enemies":"3 Louse","floor":10,"turns":1},{"damage":16,"enemies":"Blue Slaver","floor":12,"turns":3},{"damage":9,"enemies":"Red Slaver","floor":13,"turns":3},{"damage":1,"enemies":"2 Fungi Beasts","floor":14,"turns":2},{"damage":20,"enemies":"Slime Boss","floor":16,"turns":7}],"seed_played":"-1912410524230179255","potions_obtained":[{"floor":1,"key":"AttackPotion"},{"floor":4,"key":"Explosive Potion"},{"floor":7,"key":"EssenceOfSteel"}],"is_trial":false,"path_per_floor":["M","$","M","M","?","E","?","R","T","M","R","M","M","M","R"],"character_chosen":"DEFECT","items_purchased":["Gremlin Horn","Rip and Tear"],"campfire_rested":0,"item_purchase_floors":[2,2],"current_hp_per_floor":[64,64,64,57,50,18,18,18,18,18,18,12,13,22,22,2],"gold":184,"neow_bonus":"TWO_FIFTY_GOLD","is_prod":false,"is_daily":false,"chose_seed":false,"campfire_upgraded":3,"win_rate":0,"timestamp":1532763522,"path_taken":["M","$","?","M","?","E","?","R","T","M","R","?","M","M","R","BOSS"],"build_version":"2018-07-26","purchased_purges":0,"victory":false,"max_hp_per_floor":[64,64,64,64,64,64,64,64,64,64,64,64,64,64,64,64],"card_choices":[{"not_picked":["Recycle","Redo","Leap"],"picked":"SKIP","floor":1},{"not_picked":["Coolheaded","White Noise"],"picked":"Hologram","floor":3},{"not_picked":["Cold Snap","Turbo"],"picked":"Gash","floor":4},{"not_picked":["Leap","Sweeping Beam"],"picked":"Rebound","floor":6},{"not_picked":["Chaos","Tempest"],"picked":"Self Repair","floor":7},{"not_picked":["Ball Lightning","White Noise"],"picked":"Core Surge","floor":10},{"not_picked":["Compile Driver","Aggregate","Redo"],"picked":"SKIP","floor":12},{"not_picked":["Redo","Rebound"],"picked":"Coolheaded","floor":13},{"not_picked":["Ball Lightning","Static Discharge","Stack"],"picked":"SKIP","floor":14}],"player_experience":561562,"relics_obtained":[{"floor":7,"key":"Odd Mushroom"},{"floor":9,"key":"Dream Catcher"}],"event_choices":[{"event_name":"Golden Wing","player_choice":"Card Removal","floor":5,"damage_taken":0},{"event_name":"Mushrooms","player_choice":"Fought Mushrooms","floor":7,"damage_taken":0}],"is_beta":false,"boss_relics":[],"items_purged_floors":[],"is_endless":false,"potions_floor_spawned":[1,4,7,12,14],"killed_by":"Slime Boss","ascension_level":15}