{"gold_per_floor":[113,113,113,131,144,175,189,202,202,202,230,230,264,278,278,352,352,371,0,10,10,20,30,48,48],"floor_reached":25,"playtime":1429,"items_purged":["Pain"],"score":420,"play_id":"7f65ef89-9ab2-4858-a317-17f5ee81472d","local_time":"20190220132157","is_ascension_mode":true,"campfire_choices":[{"floor":10,"key":"REST"},{"data":"Whirlwind","floor":12,"key":"SMITH"},{"data":"Thunderclap","floor":15,"key":"SMITH"}],"neow_cost":"TEN_PERCENT_HP_LOSS","seed_source_timestamp":52710795677210,"circlet_count":0,"master_deck":["AscendersBane","Strike_R","Strike_R","Strike_R+1","Defend_R","Defend_R","Defend_R","Defend_R+1","Bash","Pommel Strike","Shrug It Off+1","Clothesline","Reckless Charge","Whirlwind+1","True Grit+1","Sentinel","Sever Soul","Thunderclap+1","Dark Embrace","Power Through+1","Rampage","Evolve","Iron Wave","Inflame"],"special_seed":0,"relics":["Burning Blood","WarpedTongs","Regal Pillow","War Paint","Art of War","Ornamental Fan","Mark of Pain","OrangePellets"],"potions_floor_usage":[7,8,13,24,24,25],"damage_taken":[{"damage":12.0,"enemies":"Jaw Worm","floor":1.0,"turns":3.0},{"damage":8.0,"enemies":"Small Slimes","floor":4.0,"turns":3.0},{"damage":4.0,"enemies":"Cultist","floor":5.0,"turns":4.0},{"damage":30.0,"enemies":"3 Sentries","floor":6.0,"turns":9.0},{"damage":7,"enemies":"Lots of Slimes","floor":7,"turns":5},{"damage":1,"enemies":"Large Slime","floor":8,"turns":5},{"damage":13,"enemies":"Gremlin Nob","floor":11,"turns":3},{"damage":12,"enemies":"3 Sentries","floor":13,"turns":5},{"damage":0,"enemies":"2 Fungi Beasts","floor":14,"turns":2},{"damage":49,"enemies":"Hexaghost","floor":16,"turns":12},{"damage":17,"enemies":"2 Thieves","floor":18,"turns":5},{"damage":8,"enemies":"Chosen","floor":20,"turns":5},{"damage":34,"enemies":"Sentry and Sphere","floor":22,"turns":8},{"damage":9,"enemies":"Snecko","floor":23,"turns":8},{"damage":8,"enemies":"Cultist and Chosen","floor":24,"turns":4},{"damage":0,"enemies":"Book of Stabbing","floor":25,"turns":4}],"seed_played":"8878613929501721498","potions_obtained":[{"floor":1.0,"key":"Dexterity Potion"},{"floor":5.0,"key":"Weak Potion"},{"floor":8,"key":"Fire Potion"},{"floor":16,"key":"PowerPotion"},{"floor":20,"key":"GamblersBrew"},{"floor":22,"key":"EntropicBrew"}],"is_trial":false,"path_per_floor":["M","?","?","M","M","E","M","M","T","R","E","R","E","M","R","B",null,"M","$","M","$","M","M","M","E"],"character_chosen":"IRONCLAD","items_purchased":["Rampage","OrangePellets"],"campfire_rested":1,"item_purchase_floors":[19,19],"current_hp_per_floor":[62,42,42,40,42,18,17,22,22,57,50,50,44,50,50,7,53,42,42,40,40,12,9,7,7],"gold":48,"neow_bonus":"REMOVE_TWO","is_prod":false,"is_daily":false,"chose_seed":false,"campfire_upgraded":2,"win_rate":0,"timestamp":1550686917,"path_taken":["M","?","?","?","M","E","M","M","T","R","E","R","E","M","R","BOSS","M","$","M","?","M","M","M","E"],"build_version":"2019-01-23","purchased_purges":1,"victory":false,"max_hp_per_floor":[68,68,68,68,68,68,68,68,68,68,68,68,68,68,68,68,68,68,68,68,68,68,68,68,68],"card_choices":[{"not_picked":["Dropkick","Shrug It Off"],"picked":"Pommel Strike","floor":1.0},{"not_picked":["Inflame","Clash"],"picked":"Shrug It Off","floor":4.0},{"not_picked":["Shockwave","Thunderclap"],"picked":"Clothesline","floor":5.0},{"not_picked":["Body Slam","Entrench"],"picked":"Reckless Charge","floor":6.0},{"not_picked":["Intimidate","Seeing Red"],"picked":"Whirlwind","floor":7},{"not_picked":["Shrug It Off","Havoc"],"picked":"True Grit","floor":8},{"not_picked":["Intimidate","Brutality"],"picked":"Sentinel","floor":11},{"not_picked":["Pommel Strike","Twin Strike"],"picked":"Sever Soul","floor":13},{"not_picked":["Entrench","Warcry"],"picked":"Thunderclap","floor":14},{"not_picked":["Feed","Impervious"],"picked":"Dark Embrace","floor":16},{"not_picked":["Thunderclap","Sever Soul"],"picked":"Power Through+1","floor":18},{"not_picked":["Sword Boomerang","Ghostly Armor"],"picked":"Evolve","floor":20},{"not_picked":["Wild Strike","Whirlwind"],"picked":"Iron Wave","floor":22},{"not_picked":["Cleave","Wild Strike"],"picked":"Inflame","floor":23},{"not_picked":["Thunderclap","Rampage","Clothesline"],"picked":"SKIP","floor":24}],"player_experience":523979,"relics_obtained":[{"floor":6.0,"key":"Regal Pillow"},{"floor":9,"key":"War Paint"},{"floor":11,"key":"Art of War"},{"floor":13,"key":"Ornamental Fan"}],"event_choices":[{"damage_healed":0.0,"max_hp_gain":0.0,"max_hp_loss":0.0,"gold_gain":0.0,"event_name":"Shining Light","player_choice":"Entered Light","floor":2.0,"gold_loss":0.0,"damage_taken":20.0,"cards_upgraded":["Defend_R","Strike_R"]},{"damage_healed":0.0,"max_hp_gain":0.0,"max_hp_loss":0.0,"gold_gain":0.0,"event_name":"Accursed Blacksmith","player_choice":"Rummage","floor":3.0,"gold_loss":0.0,"damage_taken":0.0,"relics_obtained":["WarpedTongs"],"cards_obtained":["Pain"]}],"is_beta":false,"boss_relics":[{"not_picked":["Sozu","Coffee Dripper"],"picked":"Mark of Pain"}],"items_purged_floors":[19],"is_endless":false,"potions_floor_spawned":[1,5,6,8,16,20,22,23],"killed_by":"Book of Stabbing","ascension_level":17}