{"gold_per_floor":[115,130,147,167,183,183,36,36,36,36,50,80,155,165,165,266,266,277,20,39,39,53,80,99,99,126,126,86,111,64,76,76,176,176,194,206,8,0,0,0,12,29,29,29,39,39],"floor_reached":46,"playtime":1748,"items_purged":["Iron Wave"],"score":539,"play_id":"3149a3da-e43e-4e6b-ba09-086b4607e9b8","local_time":"20180914184055","daily_mods":["Draft"],"is_ascension_mode":false,"campfire_choices":[{"data":"Heavy Blade","floor":6,"key":"SMITH"},{"data":"Spot Weakness","floor":8,"key":"SMITH"},{"data":"Inflame","floor":15,"key":"SMITH"},{"data":"Apotheosis","floor":25,"key":"SMITH"},{"data":"Limit Break","floor":27,"key":"SMITH"},{"floor":32,"key":"REST"},{"floor":40,"key":"REST"}],"neow_cost":"","seed_source_timestamp":0,"circlet_count":0,"master_deck":["Heavy Blade","Carnage","Flex","Flex","Whirlwind","Anger","Sword Boomerang","Anger","Heavy Blade+1","Clash","Anger","Rage","Inflame+1","Clash","Clash","Spot Weakness+1","Inflame+1","Limit Break+1","Spot Weakness","Apotheosis+1","Anger","J.A.X.+1","Anger+1","Offering","Flex","Anger+1"],"relics":["Burning Blood","Red Skull","Lantern","Velvet Choker","Bottled Tornado","Juzu Bracelet","Singing Bowl","Busted Crown","Toolbox","Red Mask","Darkstone Periapt"],"potions_floor_usage":[12,12,20,20,23,23,33,41,46,46,46],"damage_taken":[{"damage":5,"enemies":"2 Louse","floor":1,"turns":2},{"damage":0,"enemies":"Small Slimes","floor":2,"turns":2},{"damage":0,"enemies":"Cultist","floor":3,"turns":2},{"damage":0,"enemies":"Blue Slaver","floor":4,"turns":1},{"damage":0,"enemies":"3 Louse","floor":5,"turns":2},{"damage":0,"enemies":"Large Slime","floor":11,"turns":2},{"damage":24,"enemies":"3 Sentries","floor":12,"turns":3},{"damage":0,"enemies":"Blue Slaver","floor":14,"turns":1},{"damage":6,"enemies":"Slime Boss","floor":16,"turns":6},{"damage":0,"enemies":"3 Byrds","floor":18,"turns":2},{"damage":10,"enemies":"Spheric Guardian","floor":20,"turns":3},{"damage":0,"enemies":"3 Cultists","floor":22,"turns":3},{"damage":19,"enemies":"Slavers","floor":23,"turns":3},{"damage":10,"enemies":"Cultist and Chosen","floor":24,"turns":2},{"damage":33,"enemies":"Book of Stabbing","floor":29,"turns":3},{"damage":21,"enemies":"Snake Plant","floor":31,"turns":2},{"damage":31,"enemies":"Champ","floor":33,"turns":4},{"damage":10,"enemies":"Orb Walker","floor":35,"turns":2},{"damage":52,"enemies":"3 Shapes","floor":36,"turns":3},{"damage":25,"enemies":"Sphere and 2 Shapes","floor":41,"turns":2},{"damage":12,"enemies":"Transient","floor":42,"turns":5},{"damage":18,"enemies":"4 Shapes","floor":45,"turns":3},{"damage":45,"enemies":"Nemesis","floor":46,"turns":2}],"seed_played":"-6914808510748881764","potions_obtained":[{"floor":2,"key":"Regen Potion"},{"floor":4,"key":"LiquidBronze"},{"floor":12,"key":"Regen Potion"},{"floor":14,"key":"LiquidBronze"},{"floor":16,"key":"Energy Potion"},{"floor":20,"key":"Block Potion"},{"floor":23,"key":"SpeedPotion"},{"floor":31,"key":"Swift Potion"},{"floor":33,"key":"Dexterity Potion"},{"floor":36,"key":"AttackPotion"},{"floor":45,"key":"Fruit Juice"}],"is_trial":true,"path_per_floor":["M","M","M","M","M","R","$","R","T","?","M","E","?","M","R","B",null,"M","$","M","?","M","E","M","R","T","R","?","E","$","M","R","B",null,"M","M","$","?","$","R","M","M","T","?","M"],"character_chosen":"IRONCLAD","items_purchased":["Spot Weakness","Inflame","Apotheosis","Flex","Toolbox"],"campfire_rested":2,"item_purchase_floors":[7,7,19,30,37],"current_hp_per_floor":[80,80,80,80,80,80,80,80,80,80,80,67,56,62,62,62,80,80,80,76,76,80,67,63,63,63,63,63,36,36,21,45,22,82,80,36,36,36,36,61,44,44,44,44,34,0],"gold":39,"neow_bonus":"","is_prod":false,"is_daily":false,"chose_seed":false,"campfire_upgraded":5,"win_rate":0,"timestamp":1536964855,"path_taken":["M","M","M","M","M","R","$","R","T","?","M","E","?","M","R","BOSS","M","$","M","?","M","E","?","R","T","R","?","E","$","M","R","BOSS","M","M","$","?","?","R","M","M","T","?","M","E"],"build_version":"2018-09-06","purchased_purges":1,"victory":false,"max_hp_per_floor":[80,80,80,80,80,80,80,80,80,80,80,80,80,80,80,80,80,80,80,80,80,80,80,80,80,80,80,80,80,80,80,80,82,82,84,86,86,86,86,86,88,90,90,90,92,97],"card_choices":[{"not_picked":["Rupture","Twin Strike"],"picked":"Heavy Blade","floor":0},{"not_picked":["Warcry","Feel No Pain"],"picked":"Carnage","floor":0},{"not_picked":["Headbutt","Twin Strike"],"picked":"Flex","floor":0},{"not_picked":["Thunderclap","True Grit"],"picked":"Flex","floor":0},{"not_picked":["Thunderclap","Warcry"],"picked":"Whirlwind","floor":0},{"not_picked":["Dropkick","Feel No Pain"],"picked":"Anger","floor":0},{"not_picked":["Bloodletting","Clothesline"],"picked":"Sword Boomerang","floor":0},{"not_picked":["Ghostly Armor","Warcry"],"picked":"Anger","floor":0},{"not_picked":["Perfected Strike","Whirlwind"],"picked":"Heavy Blade","floor":0},{"not_picked":["Body Slam","Metallicize"],"picked":"Warcry","floor":0},{"not_picked":["Body Slam","Hemokinesis"],"picked":"Clash","floor":0},{"not_picked":["Armaments","Dual Wield"],"picked":"Anger","floor":0},{"not_picked":["True Grit","Perfected Strike"],"picked":"Iron Wave","floor":0},{"not_picked":["Sentinel","Perfected Strike"],"picked":"Rage","floor":0},{"not_picked":["Iron Wave","Warcry"],"picked":"Inflame","floor":0},{"not_picked":["Cleave","Iron Wave"],"picked":"Clash","floor":1},{"not_picked":["Dual Wield","Entrench","Wild Strike"],"picked":"SKIP","floor":2},{"not_picked":["Armaments","Warcry"],"picked":"Clash","floor":3},{"not_picked":["Rampage","Burning Pact","Flame Barrier"],"picked":"SKIP","floor":4},{"not_picked":["Disarm","Clothesline","Burning Pact"],"picked":"SKIP","floor":5},{"not_picked":["Intimidate","True Grit","Armaments"],"picked":"SKIP","floor":11},{"not_picked":["Berserk","Dropkick","Combust"],"picked":"SKIP","floor":12},{"not_picked":["Iron Wave","Corruption","Shrug It Off"],"picked":"SKIP","floor":14},{"not_picked":["Demon Form","Berserk"],"picked":"Limit Break","floor":16},{"not_picked":["Sword Boomerang","Clothesline"],"picked":"Spot Weakness","floor":18},{"not_picked":["Corruption","Inflame+1"],"picked":"Anger","floor":20},{"not_picked":["Wild Strike","Havoc","Pummel"],"picked":"SKIP","floor":22},{"not_picked":["Iron Wave","True Grit"],"picked":"Anger+1","floor":23},{"not_picked":["Wild Strike","Shrug It Off+1","Burning Pact+1"],"picked":"SKIP","floor":24},{"not_picked":["Spot Weakness","Combust"],"picked":"Offering","floor":29},{"not_picked":["Wild Strike","Sword Boomerang"],"picked":"Anger+1","floor":31},{"not_picked":["Dark Embrace","Offering","Berserk"],"picked":"Singing Bowl","floor":33},{"not_picked":["Armaments"],"picked":"Singing Bowl","floor":35},{"not_picked":["Wild Strike"],"picked":"Singing Bowl","floor":36},{"not_picked":["Wild Strike"],"picked":"Singing Bowl","floor":41},{"not_picked":["Second Wind"],"picked":"Singing Bowl","floor":42},{"not_picked":["Perfected Strike"],"picked":"Singing Bowl","floor":45}],"player_experience":137110,"relics_obtained":[{"floor":9,"key":"Red Skull"},{"floor":12,"key":"Lantern"},{"floor":23,"key":"Bottled Tornado"},{"floor":26,"key":"Juzu Bracelet"},{"floor":29,"key":"Singing Bowl"},{"floor":43,"key":"Darkstone Periapt"}],"event_choices":[{"event_name":"Living Wall","player_choice":"Grow","floor":10,"damage_taken":0},{"event_name":"World of Goop","player_choice":"Gather Gold","floor":13,"damage_taken":0},{"event_name":"Drug Dealer","player_choice":"Got JAX","floor":21,"damage_taken":0},{"event_name":"Designer","player_choice":"Upgrade Card","floor":28,"damage_taken":0},{"event_name":"Tomb of Lord Red Mask","player_choice":"Paid","floor":38,"damage_taken":0},{"event_name":"Falling","player_choice":"Removed Skill","floor":44,"damage_taken":0}],"is_beta":false,"boss_relics":[{"not_picked":["Coffee Dripper","White Beast Statue"],"picked":"Velvet Choker"},{"not_picked":["Pandora\u0027s Box","Runic Pyramid"],"picked":"Busted Crown"}],"items_purged_floors":[19],"is_endless":false,"potions_floor_spawned":[2,4,12,14,16,20,23,31,33,36,45],"killed_by":"Nemesis","ascension_level":0}