{"path_per_floor":["M","M","$","?","M","E","R","$","T","R","?","?","E","M","R","B",null,"M","$","?","$","M","R","E","R","T","R","M","E","$","E","R","B",null,"M","M","$","?","?"],"character_chosen":"DEFECT","items_purchased":["Glacier","Capacitor","Coolheaded","Capacitor"],"gold_per_floor":[109,123,48,48,61,102,102,25,50,50,0,0,44,62,62,183,183,208,59,59,36,59,59,99,99,125,125,145,181,56,87,87,212,212,226,244,67,67,67,67],"floor_reached":40,"campfire_rested":0,"playtime":1537,"current_hp_per_floor":[75,68,68,50,42,21,21,21,21,21,21,21,20,20,20,1,82,81,81,81,81,81,81,63,63,63,63,63,67,67,57,57,57,92,92,92,92,82,70,0],"items_purged":["Strike_B","Strike_B","Defend_B","Zap"],"gold":67,"score":600,"play_id":"fdcc6fb1-21f8-46fd-9fc6-5896579ecea5","local_time":"20180507204230","is_prod":false,"is_daily":false,"chose_seed":false,"is_ascension_mode":true,"campfire_upgraded":7,"timestamp":1525693350,"path_taken":["M","?","$","?","?","E","R","?","T","R","?","?","E","?","R","BOSS","M","$","?","$","M","R","E","R","T","R","M","E","$","E","R","BOSS","M","M","$","?","?","E"],"build_version":"2018-05-03","seed_source_timestamp":459402995215900,"purchased_purges":5,"victory":false,"master_deck":["Defend_B","Defend_B","Defend_B","Dualcast+1","Beam Cell","Chill+1","Doom and Gloom+1","Glacier","Multi-Cast+1","Leap+1","Capacitor","Coolheaded","Defragment+1","Glacier","Impulse+1","Redo","Go for the Eyes+1","Capacitor","Madness","Madness"],"max_hp_per_floor":[75,75,75,75,75,82,82,82,82,82,82,82,82,82,82,82,82,82,82,82,82,82,82,82,82,82,82,82,92,92,92,92,92,92,92,92,92,92,92,92],"relics":["Cracked Core","Golden Idol","Strawberry","Omamori","Regal Pillow","Cursed Key","Matryoshka","Bag of Preparation","Ancient Tea Set","Pear","Bag of Marbles","Sozu"],"card_choices":[{"not_picked":["Go for the Eyes","Capacitor"],"picked":"Beam Cell","floor":1},{"not_picked":["Rebound","Stack"],"picked":"Chill","floor":2},{"not_picked":["Sweeping Beam","Skim"],"picked":"Doom and Gloom","floor":5},{"not_picked":["Fusion","Fission"],"picked":"Multi-Cast","floor":16},{"not_picked":["Streamline","Sweeping Beam"],"picked":"Leap","floor":18},{"not_picked":["Capacitor","Chill"],"picked":"Defragment","floor":22},{"not_picked":["Stack","Lockon"],"picked":"Glacier","floor":24},{"not_picked":["Ball Lightning","Seek"],"picked":"Impulse","floor":29},{"not_picked":["Reboot","Thunder Strike"],"picked":"Redo","floor":33},{"not_picked":["Rebound","Chill"],"picked":"Go for the Eyes","floor":35}],"player_experience":479421,"potions_floor_usage":[13,16,24,40,40],"damage_taken":[{"damage":0,"enemies":"Cultist","floor":1,"turns":2},{"damage":7,"enemies":"Jaw Worm","floor":2,"turns":3},{"damage":8,"enemies":"2 Louse","floor":5,"turns":2},{"damage":28,"enemies":"Gremlin Nob","floor":6,"turns":4},{"damage":1,"enemies":"Lagavulin","floor":13,"turns":6},{"damage":0,"enemies":"Exordium Wildlife","floor":14,"turns":1},{"damage":19,"enemies":"Hexaghost","floor":16,"turns":13},{"damage":1,"enemies":"3 Byrds","floor":18,"turns":5},{"damage":0,"enemies":"Shell Parasite","floor":22,"turns":5},{"damage":18,"enemies":"Slavers","floor":24,"turns":9},{"damage":0,"enemies":"3 Cultists","floor":28,"turns":6},{"damage":6,"enemies":"Gremlin Leader","floor":29,"turns":8},{"damage":10,"enemies":"Slavers","floor":31,"turns":4},{"damage":0,"enemies":"Champ","floor":33,"turns":11},{"damage":0,"enemies":"Orb Walker","floor":35,"turns":2},{"damage":0,"enemies":"3 Shapes","floor":36,"turns":2},{"damage":75,"enemies":"2 Orb Walkers","floor":40,"turns":10}],"event_choices":[{"event_name":"Golden Idol","player_choice":"Take Damage","floor":4,"damage_taken":0},{"event_name":"The Cleric","player_choice":"Card Removal","floor":11,"damage_taken":0},{"event_name":"Living Wall","player_choice":"Forget","floor":12,"damage_taken":0},{"event_name":"Vampires","player_choice":"Ignored","floor":20,"damage_taken":0},{"event_name":"SensoryStone","player_choice":"Memory 3","floor":38,"damage_taken":0},{"event_name":"Winding Halls","player_choice":"Embrace Madness","floor":39,"damage_taken":0}],"boss_relics":[{"not_picked":["Runic Pyramid","Ectoplasm"],"picked":"Cursed Key"},{"not_picked":["Lizard Tail","Runic Dome"],"picked":"Sozu"}],"potions_floor_spawned":[2,5,14,22,24,29,31,33],"seed_played":"558376611561733066","killed_by":"2 Orb Walkers","ascension_level":2,"is_trial":false}