{"gold_per_floor":[109,129,54,54,65,65,100,110,110,110,136,152,152],"floor_reached":13,"playtime":479,"items_purged":[],"score":190,"play_id":"0c8ce051-31d5-43d1-a7a7-715ea978b12d","local_time":"20190224070235","is_ascension_mode":true,"campfire_choices":[{"data":"Zap","floor":6,"key":"SMITH"},{"data":"Chill","floor":10,"key":"SMITH"}],"neow_cost":"NONE","seed_source_timestamp":1544847750916500,"circlet_count":0,"master_deck":["AscendersBane","Strike_B","Strike_B","Strike_B","Defend_B","Defend_B","Defend_B","Defend_B","Zap+1","Dualcast","Go for the Eyes","Compile Driver","Coolheaded","Chill+1","Reinforced Body","Hologram","Redo"],"relics":["Cracked Core","Darkstone Periapt","Kunai","Mummified Hand"],"potions_floor_usage":[8],"damage_taken":[{"damage":5,"enemies":"Small Slimes","floor":1,"turns":3},{"damage":12,"enemies":"Jaw Worm","floor":2,"turns":4},{"damage":0,"enemies":"Cultist","floor":5,"turns":3},{"damage":22,"enemies":"Gremlin Nob","floor":7,"turns":4},{"damage":9,"enemies":"Gremlin Gang","floor":8,"turns":5},{"damage":35,"enemies":"3 Sentries","floor":11,"turns":11},{"damage":2,"enemies":"3 Louse","floor":12,"turns":6},{"damage":14,"enemies":"Exordium Thugs","floor":13,"turns":2}],"seed_played":"-5189439159265985461","potions_obtained":[{"floor":2,"key":"Energy Potion"},{"floor":11,"key":"SteroidPotion"},{"floor":12,"key":"Swift Potion"}],"is_trial":false,"path_per_floor":["M","M","?","?","M","R","E","M","T","R","E","M","M"],"character_chosen":"DEFECT","items_purchased":[],"campfire_rested":0,"item_purchase_floors":[],"current_hp_per_floor":[66,54,54,78,78,78,56,47,47,47,12,10,0],"gold":152,"neow_bonus":"TEN_PERCENT_HP_BONUS","is_prod":false,"is_daily":false,"chose_seed":false,"campfire_upgraded":2,"win_rate":0,"timestamp":1551020555,"path_taken":["M","M","?","?","M","R","E","M","T","R","E","M","M"],"build_version":"2019-01-23","purchased_purges":0,"victory":false,"max_hp_per_floor":[78,78,78,78,78,78,78,78,78,78,78,78,78],"card_choices":[{"not_picked":["Barrage","Redo"],"picked":"Go for the Eyes","floor":1},{"not_picked":["Heatsinks","Go for the Eyes"],"picked":"Compile Driver","floor":2},{"not_picked":["Lockon","Steam Power"],"picked":"Coolheaded","floor":5},{"not_picked":["Stack","Leap"],"picked":"Chill","floor":7},{"not_picked":["Turbo","Meteor Strike"],"picked":"Reinforced Body","floor":8},{"not_picked":["Beam Cell","Barrage"],"picked":"Hologram","floor":11},{"not_picked":["Storm","Leap"],"picked":"Redo","floor":12}],"player_experience":765713,"relics_obtained":[{"floor":7,"key":"Darkstone Periapt"},{"floor":9,"key":"Kunai"},{"floor":11,"key":"Mummified Hand"}],"event_choices":[{"cards_removed":["Strike_B"],"damage_healed":0,"gold_gain":0,"player_choice":"Card Removal","damage_taken":0,"max_hp_gain":0,"max_hp_loss":0,"event_name":"The Cleric","floor":3,"gold_loss":75},{"damage_healed":24,"gold_gain":0,"player_choice":"Full Heal","damage_taken":0,"max_hp_gain":0,"max_hp_loss":0,"event_name":"Wheel of Change","floor":4,"gold_loss":0}],"is_beta":false,"boss_relics":[],"items_purged_floors":[],"is_endless":false,"potions_floor_spawned":[2,11,12],"killed_by":"Exordium Thugs","ascension_level":20}