{"gold_per_floor":[113,63,83,102,102,138,156,189,189,189,189,189,232,232],"floor_reached":14,"playtime":472,"items_purged":[],"score":140,"play_id":"8008e0cd-1997-4976-b45b-b82febef85b2","local_time":"20190130181343","is_ascension_mode":true,"campfire_choices":[{"data":"Hologram","floor":10.0,"key":"SMITH"},{"data":"Zap","floor":12.0,"key":"SMITH"}],"neow_cost":"NONE","seed_source_timestamp":568782870034321,"circlet_count":0,"master_deck":["Strike_B","Strike_B","Strike_B","Defend_B","Defend_B","Defend_B","Defend_B","Zap+1","Dualcast","Steam","Gash","Aggregate","Gash","Hologram+1","Steam","Seek"],"special_seed":0,"relics":["Cracked Core","Golden Idol","Bag of Marbles","Nunchaku","Du-Vu Doll","Singing Bowl"],"potions_floor_usage":[14],"damage_taken":[{"damage":0.0,"enemies":"2 Louse","floor":1.0,"turns":3.0},{"damage":2.0,"enemies":"Jaw Worm","floor":3.0,"turns":4.0},{"damage":1.0,"enemies":"Cultist","floor":4.0,"turns":4.0},{"damage":25.0,"enemies":"3 Sentries","floor":6.0,"turns":10.0},{"damage":9.0,"enemies":"Red Slaver","floor":7.0,"turns":3.0},{"damage":11.0,"enemies":"Lagavulin","floor":8.0,"turns":5.0},{"damage":25.0,"enemies":"3 Sentries","floor":13.0,"turns":5.0},{"damage":3,"enemies":"Blue Slaver","floor":14,"turns":2}],"seed_played":"-6673908029451332343","potions_obtained":[{"floor":3.0,"key":"SpeedPotion"},{"floor":7.0,"key":"LiquidBronze"},{"floor":13.0,"key":"FearPotion"}],"is_trial":false,"path_per_floor":["M","?","M","M","?","E","M","E","T","R","T","R","E","M"],"character_chosen":"DEFECT","items_purchased":[],"campfire_rested":0,"item_purchase_floors":[],"current_hp_per_floor":[75,75,73,72,72,47,38,27,27,27,27,27,2,0],"gold":232,"neow_bonus":"TEN_PERCENT_HP_BONUS","is_prod":false,"is_daily":false,"chose_seed":false,"campfire_upgraded":2,"win_rate":0,"timestamp":1548890023,"path_taken":["M","?","M","M","?","E","M","E","T","R","?","R","E","?"],"build_version":"2019-01-23","purchased_purges":0,"victory":false,"max_hp_per_floor":[82,82,82,82,76,76,76,76,76,76,76,76,76,76],"card_choices":[{"not_picked":["Leap","Stack"],"picked":"Steam","floor":1.0},{"not_picked":["Sweeping Beam","Storm"],"picked":"Gash","floor":3.0},{"not_picked":["Barrage","Turbo"],"picked":"Aggregate","floor":4.0},{"not_picked":["Darkness","Genetic Algorithm"],"picked":"Gash","floor":6.0},{"not_picked":["White Noise","Steam"],"picked":"Hologram","floor":7.0},{"not_picked":["Turbo","Tempest"],"picked":"Steam","floor":8.0},{"not_picked":["Storm","Loop"],"picked":"Seek","floor":13.0}],"player_experience":253883,"relics_obtained":[{"floor":6.0,"key":"Bag of Marbles"},{"floor":8.0,"key":"Nunchaku"},{"floor":11.0,"key":"Du-Vu Doll"},{"floor":13.0,"key":"Singing Bowl"}],"event_choices":[{"cards_removed":["Strike_B"],"damage_healed":0.0,"max_hp_gain":0.0,"max_hp_loss":0.0,"gold_gain":0.0,"event_name":"The Cleric","player_choice":"Card Removal","floor":2.0,"gold_loss":50.0,"damage_taken":0.0},{"damage_healed":0.0,"max_hp_gain":0.0,"max_hp_loss":6.0,"gold_gain":0.0,"event_name":"Golden Idol","player_choice":"Lose Max HP","floor":5.0,"gold_loss":0.0,"damage_taken":0.0,"relics_obtained":["Golden Idol"]}],"is_beta":false,"boss_relics":[],"items_purged_floors":[],"is_endless":false,"potions_floor_spawned":[3,7,13],"killed_by":"Blue Slaver","ascension_level":6}