{"gold_per_floor":[11,11,24,40,5,5,32,32,32,51,51,67,79,97,97,174,174,194,23,23,23,43,43,62,62,62,88,13,28,58,80,92,181,193,222,248,260,372,394,406,430,472,484,496,508,531,556,582,594,606,618],"floor_reached":52,"playtime":2015,"items_purged":[],"score":1856,"play_id":"bbffa437-c8d4-4ada-ab20-08ac17f29623","local_time":"20181030182457","is_ascension_mode":true,"campfire_choices":[{"data":"Bash","floor":6.0,"key":"SMITH"},{"data":"Whirlwind","floor":8.0,"key":"SMITH"},{"floor":11.0,"key":"REST"},{"data":"Offering","floor":15.0,"key":"SMITH"},{"data":"RitualDagger","floor":23.0,"key":"SMITH"},{"floor":25.0,"key":"REST"},{"floor":32.0,"key":"REST"},{"data":"Inflame","floor":40.0,"key":"SMITH"},{"data":"Inflame","floor":45.0,"key":"SMITH"},{"data":"Metallicize","floor":49.0,"key":"SMITH"}],"neow_cost":"NO_GOLD","seed_source_timestamp":1466769152676486,"circlet_count":0,"master_deck":["Strike_R+1","Strike_R+1","Defend_R+1","Defend_R+1","Defend_R+1","Bash+1","AscendersBane","Spot Weakness","Battle Trance","Whirlwind+1","Ghostly Armor","Shrug It Off","Offering+1","Offering","RitualDagger+1","Shrug It Off","Inflame+1","Shockwave+1","Metallicize+1","Reaper","Armaments+1","Inflame+1","Shrug It Off","Reaper","Inflame"],"special_seed":0,"relics":["Burning Blood","Prayer Wheel","Pantograph","Cursed Key","Omamori","Letter Opener","Bag of Marbles","MawBank","Philosopher\u0027s Stone","Incense Burner","PreservedInsect","Bag of Preparation"],"potions_floor_usage":[],"damage_taken":[{"damage":6.0,"enemies":"Cultist","floor":1.0,"turns":3.0},{"damage":14.0,"enemies":"Small Slimes","floor":3.0,"turns":5.0},{"damage":10.0,"enemies":"2 Louse","floor":4.0,"turns":4.0},{"damage":35.0,"enemies":"Lagavulin","floor":7.0,"turns":5.0},{"damage":12.0,"enemies":"Looter","floor":10.0,"turns":3.0},{"damage":3.0,"enemies":"Lots of Slimes","floor":12.0,"turns":2.0},{"damage":0.0,"enemies":"Red Slaver","floor":13.0,"turns":4.0},{"damage":11.0,"enemies":"2 Fungi Beasts","floor":14.0,"turns":3.0},{"damage":8.0,"enemies":"Slime Boss","floor":16.0,"turns":5.0},{"damage":12.0,"enemies":"2 Thieves","floor":18.0,"turns":1.0},{"damage":9.0,"enemies":"Spheric Guardian","floor":22.0,"turns":3.0},{"damage":12.0,"enemies":"Chosen and Byrds","floor":24.0,"turns":4.0},{"damage":14.0,"enemies":"Gremlin Leader","floor":27.0,"turns":3.0},{"damage":12.0,"enemies":"Snake Plant","floor":29.0,"turns":2.0},{"damage":10.0,"enemies":"Slavers","floor":30.0,"turns":2.0},{"damage":27.0,"enemies":"Shelled Parasite and Fungi","floor":31.0,"turns":4.0},{"damage":26.0,"enemies":"Collector","floor":33.0,"turns":7.0},{"damage":12.0,"enemies":"3 Shapes","floor":35.0,"turns":3.0},{"damage":12.0,"enemies":"3 Darklings","floor":36.0,"turns":1.0},{"damage":12.0,"enemies":"Mind Bloom Boss Battle","floor":38.0,"turns":7.0},{"damage":12.0,"enemies":"Jaw Worm Horde","floor":39.0,"turns":2.0},{"damage":27.0,"enemies":"Sphere and 2 Shapes","floor":41.0,"turns":2.0},{"damage":9.0,"enemies":"Reptomancer","floor":42.0,"turns":5.0},{"damage":6.0,"enemies":"Spire Growth","floor":46.0,"turns":2.0},{"damage":10.0,"enemies":"Maw","floor":47.0,"turns":8.0},{"damage":12.0,"enemies":"Jaw Worm Horde","floor":48.0,"turns":3.0},{"damage":51.0,"enemies":"Donu and Deca","floor":50.0,"turns":7.0},{"damage":64,"enemies":"Time Eater","floor":51,"turns":7}],"seed_played":"-171362463378816424","potions_obtained":[{"floor":7.0,"key":"Fire Potion"},{"floor":13.0,"key":"FearPotion"},{"floor":16.0,"key":"Strength Potion"},{"floor":22.0,"key":"Dexterity Potion"},{"floor":30.0,"key":"Fire Potion"},{"floor":31.0,"key":"Ancient Potion"},{"floor":35.0,"key":"GamblersBrew"},{"floor":36.0,"key":"SteroidPotion"},{"floor":48.0,"key":"Fire Potion"}],"is_trial":false,"path_per_floor":["M","?","M","M","?","R","E","R","T","M","R","M","M","M","R","B",null,"M","$","?","?","M","R","M","R","T","E","?","M","E","M","R","B",null,"M","M","?","?","M","R","M","E","T","?","R","M","M","M","R","B","B"],"character_chosen":"IRONCLAD","items_purchased":["Omamori"],"campfire_rested":3,"item_purchase_floors":[19],"current_hp_per_floor":[68,73,65,61,80,80,51,51,51,45,69,72,78,73,73,78,80,74,74,68,68,65,65,59,80,80,72,72,66,62,41,65,60,75,69,63,63,80,74,74,53,78,78,78,78,78,80,74,74,45,63],"gold":630,"neow_bonus":"REMOVE_TWO","is_prod":false,"is_daily":false,"chose_seed":false,"campfire_upgraded":7,"win_rate":0,"timestamp":1540949097,"path_taken":["M","?","M","M","?","R","E","R","T","M","R","?","M","M","R","BOSS","M","$","?","?","M","R","M","R","T","E","?","M","E","M","R","BOSS","M","M","?","?","M","R","?","E","T","?","R","M","?","M","R","BOSS","BOSS"],"build_version":"2018-10-25v2","purchased_purges":0,"victory":true,"max_hp_per_floor":[75,80,80,80,80,80,80,80,80,80,80,80,80,80,80,80,80,80,80,80,80,80,80,80,80,80,80,80,80,80,80,80,80,80,80,80,80,80,80,80,80,80,80,80,80,80,80,80,80,80,80],"card_choices":[{"not_picked":["True Grit","Anger"],"picked":"Spot Weakness","floor":1.0},{"not_picked":["Iron Wave","Perfected Strike"],"picked":"Battle Trance","floor":3.0},{"not_picked":["Blood for Blood","Body Slam","Pommel Strike"],"picked":"SKIP","floor":4.0},{"not_picked":["Ghostly Armor","Iron Wave"],"picked":"Whirlwind","floor":7.0},{"not_picked":["Headbutt","Body Slam"],"picked":"Ghostly Armor","floor":10.0},{"not_picked":["Double Tap","Reckless Charge","Battle Trance"],"picked":"SKIP","floor":10.0},{"not_picked":["Iron Wave","Wild Strike"],"picked":"Shrug It Off","floor":12.0},{"not_picked":["Clothesline","Anger","Heavy Blade"],"picked":"SKIP","floor":12.0},{"not_picked":["Wild Strike","Bloodletting","Twin Strike"],"picked":"SKIP","floor":13.0},{"not_picked":["Dark Embrace","Headbutt","Power Through"],"picked":"SKIP","floor":13.0},{"not_picked":["Wild Strike","Flex"],"picked":"Offering","floor":14.0},{"not_picked":["Sever Soul","Carnage","Wild Strike"],"picked":"SKIP","floor":14.0},{"not_picked":["Exhume","Impervious"],"picked":"Offering","floor":16.0},{"not_picked":["Iron Wave","Heavy Blade","Bloodletting"],"picked":"SKIP","floor":18.0},{"not_picked":["Flex","Havoc","Body Slam"],"picked":"SKIP","floor":18.0},{"not_picked":["Wild Strike","Cleave"],"picked":"Shrug It Off","floor":22.0},{"not_picked":["Havoc","Clash","Corruption"],"picked":"SKIP","floor":22.0},{"not_picked":["Anger","Perfected Strike"],"picked":"Inflame","floor":24.0},{"not_picked":["Blood for Blood","Dual Wield"],"picked":"Shockwave+1","floor":24.0},{"not_picked":["Pommel Strike+1","Sword Boomerang","Juggernaut"],"picked":"SKIP","floor":27.0},{"not_picked":["Anger","True Grit","Flex"],"picked":"SKIP","floor":29.0},{"not_picked":["Flex","Blood for Blood","Searing Blow"],"picked":"SKIP","floor":29.0},{"not_picked":["True Grit","Inflame"],"picked":"Metallicize","floor":30.0},{"not_picked":["Thunderclap","Perfected Strike","Twin Strike+1"],"picked":"SKIP","floor":31.0},{"not_picked":["Rampage","Armaments","Perfected Strike"],"picked":"SKIP","floor":31.0},{"not_picked":["Immolate","Barricade"],"picked":"Reaper","floor":33.0},{"not_picked":["Fire Breathing","Second Wind"],"picked":"Armaments+1","floor":35.0},{"not_picked":["Flex","Twin Strike","Perfected Strike"],"picked":"SKIP","floor":35.0},{"not_picked":["Sword Boomerang","Flex+1"],"picked":"Inflame","floor":36.0},{"not_picked":["Rampage","Clothesline+1","Cleave"],"picked":"SKIP","floor":36.0},{"not_picked":["Clash","Headbutt","Body Slam"],"picked":"SKIP","floor":39.0},{"not_picked":["Brutality","Heavy Blade+1","Combust"],"picked":"SKIP","floor":39.0},{"not_picked":["Havoc+1","Fiend Fire"],"picked":"Shrug It Off","floor":41.0},{"not_picked":["Headbutt+1","Pommel Strike","Havoc"],"picked":"SKIP","floor":41.0},{"not_picked":["Twin Strike","Sever Soul","Carnage"],"picked":"SKIP","floor":42.0},{"not_picked":["Shrug It Off","Cleave"],"picked":"Reaper","floor":46.0},{"not_picked":["Warcry","Perfected Strike","Clothesline+1"],"picked":"SKIP","floor":46.0},{"not_picked":["Body Slam","Pommel Strike"],"picked":"Inflame","floor":47.0},{"not_picked":["Clothesline","Anger","Cleave+1"],"picked":"SKIP","floor":47.0},{"not_picked":["Rampage","Seeing Red","Dropkick"],"picked":"SKIP","floor":48.0},{"not_picked":["Power Through+1","Clothesline","Body Slam"],"picked":"SKIP","floor":48.0}],"player_experience":576001,"relics_obtained":[{"floor":7.0,"key":"Prayer Wheel"},{"floor":9.0,"key":"Pantograph"},{"floor":26.0,"key":"Letter Opener"},{"floor":27.0,"key":"Bag of Marbles"},{"floor":30.0,"key":"MawBank"},{"floor":38.0,"key":"Incense Burner"},{"floor":42.0,"key":"PreservedInsect"},{"floor":43.0,"key":"Bag of Preparation"}],"event_choices":[{"damage_healed":0.0,"max_hp_gain":5.0,"max_hp_loss":0.0,"gold_gain":0.0,"event_name":"Big Fish","player_choice":"Donut","floor":2.0,"gold_loss":0.0,"damage_taken":0.0},{"damage_healed":20.0,"max_hp_gain":0.0,"max_hp_loss":0.0,"gold_gain":0.0,"event_name":"The Cleric","player_choice":"Healed","floor":5.0,"gold_loss":35.0,"damage_taken":0.0},{"damage_healed":0.0,"max_hp_gain":0.0,"max_hp_loss":0.0,"gold_gain":0.0,"event_name":"Nest","player_choice":"Joined the Cult","floor":20.0,"gold_loss":0.0,"damage_taken":6.0,"cards_obtained":["RitualDagger"]},{"damage_healed":0.0,"max_hp_gain":0.0,"max_hp_loss":0.0,"gold_gain":0.0,"event_name":"Back to Basics","player_choice":"Simplicity","floor":21.0,"gold_loss":0.0,"damage_taken":0.0,"cards_upgraded":["Strike_R","Strike_R","Strike_R","Strike_R","Defend_R","Defend_R","Defend_R"]},{"cards_removed":["Strike_R"],"damage_healed":0.0,"max_hp_gain":0.0,"max_hp_loss":0.0,"gold_gain":0.0,"event_name":"Beggar","player_choice":"Gave Gold","floor":28.0,"gold_loss":75.0,"damage_taken":0.0},{"cards_removed":["Strike_R"],"damage_healed":0.0,"max_hp_gain":0.0,"max_hp_loss":0.0,"gold_gain":0.0,"event_name":"Purifier","player_choice":"Purged","floor":37.0,"gold_loss":0.0,"damage_taken":0.0},{"damage_healed":0.0,"max_hp_gain":0.0,"max_hp_loss":0.0,"gold_gain":0.0,"event_name":"MindBloom","player_choice":"Fight","floor":38.0,"gold_loss":0.0,"damage_taken":0.0},{"damage_healed":0.0,"max_hp_gain":0.0,"max_hp_loss":0.0,"gold_gain":0.0,"event_name":"Tomb of Lord Red Mask","player_choice":"Ignored","floor":44.0,"gold_loss":0.0,"damage_taken":0.0}],"is_beta":false,"boss_relics":[{"not_picked":["Runic Cube","Runic Dome"],"picked":"Cursed Key"},{"not_picked":["Lizard Tail","Tiny House"],"picked":"Philosopher\u0027s Stone"}],"items_purged_floors":[],"is_endless":false,"potions_floor_spawned":[7,13,14,16,22,29,30,31,35,36,39,48],"ascension_level":20}