{"path_per_floor":["M","M","M","M","?","?","R","E","T","M","R","E","$","M","R","B",null,"M","M","M","$","M","E","?"],"character_chosen":"IRONCLAD","items_purchased":["Lantern","Metallicize"],"gold_per_floor":[114,125,140,159,159,109,109,135,191,210,210,235,79,95,95,192,192,205,225,240,88,98,125,125,125],"floor_reached":25,"campfire_rested":0,"playtime":1539,"current_hp_per_floor":[72,78,79,65,65,65,65,54,54,59,59,46,46,52,52,49,72,71,70,62,62,37,21,21,0],"items_purged":["Defend_R"],"gold":125,"score":329,"play_id":"88e03731-3d4f-451f-b44d-e908896456d2","local_time":"20180417234258","is_prod":false,"is_daily":false,"chose_seed":false,"is_ascension_mode":true,"campfire_upgraded":3,"timestamp":1524001378,"path_taken":["M","M","M","?","?","?","R","E","T","M","R","E","?","M","R","BOSS","M","M","M","$","M","E","?","E"],"build_version":"2018-04-12","seed_source_timestamp":19113284674969,"purchased_purges":1,"victory":false,"master_deck":["Strike_R","Strike_R","Strike_R","Defend_R","Defend_R+1","Defend_R+1","Bash+1","Cleave+1","Metallicize+1","Pummel","Pummel","Metallicize","Clothesline+1","Demon Form+1","Rage","Metallicize"],"max_hp_per_floor":[80,80,80,80,80,80,80,80,80,80,80,80,80,80,80,80,80,80,80,80,80,80,80,80,80],"relics":["Burning Blood","War Paint","Tiny Chest","Question Card","Lantern","Cursed Key","Mercury Hourglass"],"card_choices":[{"not_picked":["Havoc","Spot Weakness"],"picked":"Metallicize","floor":1},{"not_picked":["Clash","Sentinel"],"picked":"Pummel","floor":2},{"not_picked":["True Grit","Second Wind"],"picked":"Pummel","floor":3},{"not_picked":["Anger","Entrench"],"picked":"Metallicize","floor":4},{"not_picked":["Armaments","Reckless Charge"],"picked":"Clothesline","floor":10},{"not_picked":["Limit Break","Dark Embrace","Reaper"],"picked":"Demon Form","floor":16},{"not_picked":["Fire Breathing","Blood for Blood","Twin Strike"],"picked":"Rage","floor":19}],"player_experience":346802,"potions_floor_usage":[16,23],"damage_taken":[{"damage":6,"enemies":"Cultist","floor":1,"turns":3},{"damage":0,"enemies":"2 Louse","floor":2,"turns":2},{"damage":5,"enemies":"Small Slimes","floor":3,"turns":4},{"damage":20,"enemies":"3 Louse","floor":4,"turns":4},{"damage":17,"enemies":"3 Sentries","floor":8,"turns":6},{"damage":1,"enemies":"Exordium Wildlife","floor":10,"turns":3},{"damage":19,"enemies":"Gremlin Nob","floor":12,"turns":4},{"damage":0,"enemies":"Blue Slaver","floor":14,"turns":4},{"damage":24,"enemies":"The Guardian","floor":16,"turns":16},{"damage":7,"enemies":"Chosen","floor":18,"turns":6},{"damage":7,"enemies":"Shell Parasite","floor":19,"turns":5},{"damage":14,"enemies":"3 Cultists","floor":20,"turns":5},{"damage":31,"enemies":"Snake Plant","floor":22,"turns":5},{"damage":22,"enemies":"Slavers","floor":23,"turns":8},{"damage":26,"enemies":"Book of Stabbing","floor":25,"turns":4}],"event_choices":[{"event_name":"Upgrade Shrine","player_choice":"Upgraded","floor":5,"damage_taken":0},{"event_name":"The Cleric","player_choice":"Card Removal","floor":6,"damage_taken":0},{"event_name":"Accursed Blacksmith","player_choice":"Forge","floor":24,"damage_taken":0}],"boss_relics":[{"not_picked":["Orrery","Tiny House"],"picked":"Cursed Key"}],"potions_floor_spawned":[1,3,16,20,22],"seed_played":"-4035399902535762460","killed_by":"Book of Stabbing","ascension_level":8,"is_trial":false}