{"gold_per_floor":[117,130,141,160,173,173,205,205,205,235,200,200,217,233,233,331,331,344,344,357,14,24,24,35,35,61,80,80,80,105,116,116,221,221,239,249,249],"floor_reached":37,"playtime":3674,"items_purged":[],"score":405,"play_id":"1c89748e-9f9b-4271-8f36-3602e6112796","local_time":"20190304193332","is_ascension_mode":false,"campfire_choices":[{"floor":6,"key":"REST"},{"floor":8,"key":"REST"},{"floor":12,"key":"REST"},{"floor":15,"key":"REST"},{"floor":23,"key":"REST"},{"floor":25,"key":"REST"},{"floor":29,"key":"REST"},{"floor":32,"key":"REST"}],"neow_cost":"NONE","seed_source_timestamp":8057932264442,"circlet_count":0,"master_deck":["Strike_B","Strike_B","Strike_B","Strike_B","Defend_B","Defend_B","Defend_B","Defend_B","Zap","Dualcast","Go for the Eyes","Stack","Sweeping Beam","Redo","Fusion","Reinforced Body","Chaos","Electrodynamics","Coolheaded","Thunder Strike","Glacier+1","Redo","Redo","Storm","Cold Snap+1","Streamline","Double Energy","Storm","Ball Lightning","Multi-Cast","Compile Driver+1","Heatsinks"],"relics":["Cracked Core","NeowsBlessing","Boot","Bronze Scales","Orichalcum","Lizard Tail","Nilry\u0027s Codex","Matryoshka","Oddly Smooth Stone","Ancient Tea Set","Vajra","Inserter"],"potions_floor_usage":[7,7,10,16,24,31,33,33,37,37,37],"damage_taken":[{"damage":0,"enemies":"2 Louse","floor":1,"turns":1},{"damage":0,"enemies":"Jaw Worm","floor":2,"turns":1},{"damage":0,"enemies":"Small Slimes","floor":3,"turns":1},{"damage":26,"enemies":"Exordium Thugs","floor":4,"turns":4},{"damage":14,"enemies":"Blue Slaver","floor":5,"turns":3},{"damage":50,"enemies":"Gremlin Nob","floor":7,"turns":6},{"damage":26,"enemies":"3 Sentries","floor":10,"turns":5},{"damage":4,"enemies":"Looter","floor":13,"turns":3},{"damage":10,"enemies":"Large Slime","floor":14,"turns":5},{"damage":23,"enemies":"Slime Boss","floor":16,"turns":9},{"damage":11,"enemies":"3 Byrds","floor":18,"turns":3},{"damage":0,"enemies":"Spheric Guardian","floor":20,"turns":3},{"damage":11,"enemies":"Snecko","floor":22,"turns":4},{"damage":21,"enemies":"3 Cultists","floor":24,"turns":4},{"damage":22,"enemies":"Cultist and Chosen","floor":27,"turns":7},{"damage":64,"enemies":"Gremlin Leader","floor":30,"turns":9},{"damage":6,"enemies":"Centurion and Healer","floor":31,"turns":5},{"damage":19,"enemies":"Champ","floor":33,"turns":9},{"damage":21,"enemies":"Orb Walker","floor":35,"turns":4},{"damage":4,"enemies":"3 Shapes","floor":36,"turns":4},{"damage":50,"enemies":"2 Orb Walkers","floor":37,"turns":4}],"seed_played":"7570538216493229073","potions_obtained":[{"floor":1,"key":"Block Potion"},{"floor":2,"key":"FocusPotion"},{"floor":4,"key":"Block Potion"},{"floor":10,"key":"SkillPotion"},{"floor":16,"key":"Block Potion"},{"floor":18,"key":"SkillPotion"},{"floor":24,"key":"Weak Potion"},{"floor":31,"key":"Regen Potion"},{"floor":33,"key":"SpeedPotion"},{"floor":35,"key":"SkillPotion"},{"floor":36,"key":"PowerPotion"}],"is_trial":false,"path_per_floor":["?","?","?","?"],"character_chosen":"DEFECT","items_purchased":["Redo","Storm","Matryoshka"],"campfire_rested":8,"item_purchase_floors":[21,21,21],"current_hp_per_floor":[75,75,75,49,35,57,7,29,29,3,21,43,39,29,51,28,75,64,48,48,48,37,59,38,60,60,38,38,60,37,31,53,49,75,54,50,0],"gold":249,"neow_bonus":"THREE_ENEMY_KILL","is_prod":false,"is_daily":false,"chose_seed":false,"campfire_upgraded":0,"win_rate":0.0,"timestamp":1551724412,"path_taken":["M","M","M","M","M","R","E","R","T","E","?","R","M","M","R","BOSS","M","?","M","$","M","R","M","R","T","M","?","R","E","M","R","BOSS","M","M","?"],"build_version":"2019-01-23","purchased_purges":0,"victory":false,"max_hp_per_floor":[75,75,75,75,75,75,75,75,75,75,75,75,75,75,75,75,75,75,75,75,75,75,75,75,75,75,75,75,75,75,75,75,75,75,75,75,75],"card_choices":[{"not_picked":["Reprogram","Cold Snap"],"picked":"Go for the Eyes","floor":1},{"not_picked":["Tempest","Gash"],"picked":"Stack","floor":2},{"not_picked":["FTL","Aggregate"],"picked":"Sweeping Beam","floor":3},{"not_picked":["Ball Lightning","FTL"],"picked":"Redo","floor":4},{"not_picked":["BootSequence","Cold Snap"],"picked":"Fusion","floor":5},{"not_picked":["Redo","Melter"],"picked":"Reinforced Body","floor":7},{"not_picked":["Lockon","Capacitor"],"picked":"Chaos","floor":10},{"not_picked":["Compile Driver","Barrage"],"picked":"Electrodynamics","floor":13},{"not_picked":["Stack","Barrage"],"picked":"Coolheaded","floor":14},{"not_picked":["Fission","Machine Learning"],"picked":"Thunder Strike","floor":16},{"not_picked":["Leap","Conserve Battery"],"picked":"Glacier+1","floor":18},{"not_picked":["Gash","Lockon+1"],"picked":"Redo","floor":20},{"not_picked":["Fusion","Reboot"],"picked":"Cold Snap+1","floor":22},{"not_picked":["Leap","Barrage"],"picked":"Streamline","floor":24},{"not_picked":["Cold Snap+1","Doom and Gloom"],"picked":"Double Energy","floor":27},{"not_picked":["Go for the Eyes","Sweeping Beam"],"picked":"Storm","floor":30},{"not_picked":["Stack","Gash"],"picked":"Ball Lightning","floor":31},{"not_picked":["All For One","Thunder Strike"],"picked":"Multi-Cast","floor":33},{"not_picked":["Gash+1","Hologram"],"picked":"Compile Driver+1","floor":35},{"not_picked":["Melter","Conserve Battery+1"],"picked":"Heatsinks","floor":36}],"player_experience":6660,"relics_obtained":[{"floor":7,"key":"Boot"},{"floor":9,"key":"Bronze Scales"},{"floor":10,"key":"Orichalcum"},{"floor":19,"key":"Nilry\u0027s Codex"},{"floor":26,"key":"Oddly Smooth Stone"},{"floor":26,"key":"Ancient Tea Set"},{"floor":30,"key":"Vajra"}],"event_choices":[{"damage_healed":18,"gold_gain":0,"player_choice":"Healed","damage_taken":0,"max_hp_gain":0,"max_hp_loss":0,"event_name":"The Cleric","floor":11,"gold_loss":35},{"damage_healed":0,"gold_gain":0,"player_choice":"Obtained Book","damage_taken":16,"max_hp_gain":0,"max_hp_loss":0,"event_name":"Cursed Tome","floor":19,"gold_loss":0},{"damage_healed":0,"gold_gain":0,"player_choice":"Ignored","damage_taken":0,"max_hp_gain":0,"max_hp_loss":0,"event_name":"Beggar","floor":28,"gold_loss":0},{"damage_healed":0,"gold_gain":0,"player_choice":"Fight","damage_taken":0,"max_hp_gain":0,"max_hp_loss":0,"event_name":"Mysterious Sphere","floor":37,"gold_loss":0}],"is_beta":false,"boss_relics":[{"not_picked":["White Beast Statue","Tiny House"],"picked":"Lizard Tail"},{"not_picked":["Orrery","FrozenCore"],"picked":"Inserter"}],"items_purged_floors":[],"is_endless":false,"potions_floor_spawned":[1,2,4,10,16,18,24,31,33,35,36],"killed_by":"2 Orb Walkers","ascension_level":0}