{"gold_per_floor":[213,213,233,246,21,50,50,82,82,82],"floor_reached":10,"playtime":545,"items_purged":[],"score":84,"play_id":"3bbae6af-d05c-46c9-a91b-ad64f60a6938","local_time":"20190124153019","is_ascension_mode":true,"campfire_choices":[],"neow_cost":"NONE","seed_source_timestamp":40546195484759,"circlet_count":0,"master_deck":["Defend_G","Defend_G","Defend_G","Defend_G","Defend_G","Strike_G","Strike_G","Strike_G","Strike_G","Strike_G","Survivor","Neutralize","Dagger Spray","Quick Slash","HandOfGreed","Poisoned Stab","Slice","Dodge and Roll"],"relics":["Ring of the Snake","Pear","FaceOfCleric","Ornamental Fan","Gremlin Horn"],"potions_floor_usage":[6,10],"damage_taken":[{"damage":0,"enemies":"Jaw Worm","floor":1,"turns":5},{"damage":0,"enemies":"Cultist","floor":3,"turns":3},{"damage":0,"enemies":"2 Louse","floor":4,"turns":1},{"damage":47,"enemies":"Gremlin Nob","floor":6,"turns":6},{"damage":25,"enemies":"Lagavulin","floor":8,"turns":8},{"damage":1,"enemies":"3 Sentries","floor":10,"turns":2}],"seed_played":"-2664109781724201406","potions_obtained":[{"floor":1,"key":"SpeedPotion"},{"floor":6,"key":"PowerPotion"}],"is_trial":false,"path_per_floor":["M","?","M","M","$","E","?","E","T","E"],"character_chosen":"THE_SILENT","items_purchased":["HandOfGreed","Poisoned Stab"],"campfire_rested":0,"item_purchase_floors":[5,5],"current_hp_per_floor":[70,70,70,70,70,33,33,9,9,8],"gold":82,"neow_bonus":"HUNDRED_GOLD","is_prod":false,"is_daily":false,"chose_seed":false,"campfire_upgraded":0,"win_rate":0,"timestamp":1548361819,"path_taken":["M","?","M","?","$","E","?","E","T","E"],"build_version":"2019-01-23","purchased_purges":0,"victory":false,"max_hp_per_floor":[70,70,70,70,70,80,80,81,81,81],"card_choices":[{"not_picked":["Flying Knee","Dodge and Roll"],"picked":"Predator","floor":1},{"not_picked":["Sucker Punch","Backflip"],"picked":"Dagger Spray","floor":3},{"not_picked":["Dagger Spray","Sucker Punch"],"picked":"Quick Slash","floor":4},{"not_picked":["Underhanded Strike","Expertise"],"picked":"Slice","floor":6},{"not_picked":["PiercingWail","Tactician"],"picked":"Dodge and Roll","floor":8}],"player_experience":82544,"relics_obtained":[{"floor":6,"key":"Pear"},{"floor":8,"key":"Ornamental Fan"},{"floor":9,"key":"Gremlin Horn"}],"event_choices":[{"cards_removed":["Predator"],"damage_healed":0,"gold_gain":0,"player_choice":"Offered Uncommon","damage_taken":0,"max_hp_gain":0,"max_hp_loss":0,"event_name":"Bonfire Elementals","floor":2,"gold_loss":0},{"damage_healed":0,"gold_gain":0,"player_choice":"Trade","damage_taken":0,"relics_obtained":["FaceOfCleric"],"max_hp_gain":0,"max_hp_loss":0,"event_name":"FaceTrader","floor":7,"gold_loss":0}],"is_beta":false,"boss_relics":[],"items_purged_floors":[],"is_endless":false,"potions_floor_spawned":[1,6],"killed_by":"3 Sentries","ascension_level":2}