{"gold_per_floor":[110,125,30,30,40,70,42,54,54,54,73,90,107,132,132,206,206,220,420,340],"floor_reached":20,"playtime":757,"items_purged":[],"score":363,"play_id":"98c14cad-1a7e-4f9f-a253-e003a0c147a0","local_time":"20190204195313","is_ascension_mode":true,"campfire_choices":[{"data":"Strike_B","floor":10,"key":"PURGE"},{"data":"Strike_B","floor":15,"key":"PURGE"}],"neow_cost":"NONE","seed_source_timestamp":178105089072300,"circlet_count":0,"master_deck":["AscendersBane","Strike_B","Strike_B","Defend_B","Defend_B","Defend_B","Defend_B","Zap","Dualcast","Go for the Eyes","Cold Snap","Loop","Go for the Eyes","Redo","Beam Cell","Hologram","Gash","Ball Lightning","Seek","Coolheaded","Rebound","Cold Snap","Electrodynamics","Sweeping Beam"],"relics":["Cracked Core","Blood Vial","Pantograph","Peace Pipe","Ginger","Inserter"],"potions_floor_usage":[6,12,14,20],"damage_taken":[{"damage":7,"enemies":"Jaw Worm","floor":1,"turns":3},{"damage":0,"enemies":"Cultist","floor":2,"turns":3},{"damage":2,"enemies":"Small Slimes","floor":5,"turns":3},{"damage":24,"enemies":"Lagavulin","floor":6,"turns":5},{"damage":16,"enemies":"Red Slaver","floor":8,"turns":3},{"damage":12,"enemies":"2 Fungi Beasts","floor":11,"turns":3},{"damage":0,"enemies":"Exordium Thugs","floor":12,"turns":3},{"damage":7,"enemies":"Red Slaver","floor":13,"turns":2},{"damage":9,"enemies":"3 Sentries","floor":14,"turns":5},{"damage":16,"enemies":"Slime Boss","floor":16,"turns":11},{"damage":33,"enemies":"3 Byrds","floor":18,"turns":4},{"damage":28,"enemies":"2 Thieves","floor":20,"turns":2}],"seed_played":"1138637389002465349","potions_obtained":[{"floor":1,"key":"FearPotion"},{"floor":6,"key":"FairyPotion"},{"floor":8,"key":"SkillPotion"},{"floor":13,"key":"PowerPotion"},{"floor":16,"key":"Ancient Potion"},{"floor":18,"key":"Weak Potion"}],"is_trial":false,"path_per_floor":["M","M","$","?","M","E","$","M","T","R","M","M","M","E","R","B",null,"M","?","M"],"character_chosen":"DEFECT","items_purchased":["Loop","Go for the Eyes","Gash"],"campfire_rested":0,"item_purchase_floors":[3,3,7],"current_hp_per_floor":[59,61,61,61,61,39,39,25,25,25,15,17,12,5,5,16,57,26,26,0],"gold":340,"neow_bonus":"RANDOM_COMMON_RELIC","is_prod":false,"is_daily":false,"chose_seed":false,"campfire_upgraded":0,"win_rate":0,"timestamp":1549338793,"path_taken":["M","M","$","?","?","E","$","M","T","R","M","M","M","E","R","BOSS","M","?","M"],"build_version":"2019-01-23","purchased_purges":0,"victory":false,"max_hp_per_floor":[71,71,71,71,71,71,71,71,71,71,71,71,71,71,71,71,71,71,71,71],"card_choices":[{"not_picked":["Rip and Tear","Chaos"],"picked":"Go for the Eyes","floor":1},{"not_picked":["Melter","Conserve Battery"],"picked":"Cold Snap","floor":2},{"not_picked":["Leap","Heatsinks"],"picked":"Beam Cell","floor":5},{"not_picked":["Stack","Barrage"],"picked":"Hologram","floor":6},{"not_picked":["Heatsinks","Stack"],"picked":"Ball Lightning","floor":8},{"not_picked":["Cold Snap","Steam"],"picked":"Seek","floor":11},{"not_picked":["Force Field","Conserve Battery"],"picked":"Coolheaded","floor":12},{"not_picked":["Static Discharge","Chaos"],"picked":"Rebound","floor":13},{"not_picked":["Barrage","Rip and Tear"],"picked":"Cold Snap","floor":14},{"not_picked":["Seek","Multi-Cast"],"picked":"Electrodynamics","floor":16},{"not_picked":["Auto Shields","Reinforced Body"],"picked":"Sweeping Beam","floor":18}],"player_experience":625311,"relics_obtained":[{"floor":6,"key":"Pantograph"},{"floor":9,"key":"Peace Pipe"},{"floor":14,"key":"Ginger"}],"event_choices":[{"damage_healed":0,"gold_gain":0,"player_choice":"1 cards matched","damage_taken":0,"max_hp_gain":0,"max_hp_loss":0,"event_name":"Match and Keep!","floor":4,"gold_loss":0,"cards_obtained":["Redo"]},{"damage_healed":0,"gold_gain":250,"player_choice":"Bet on Owner","damage_taken":0,"max_hp_gain":0,"max_hp_loss":0,"event_name":"The Joust","floor":19,"gold_loss":50}],"is_beta":false,"boss_relics":[{"not_picked":["White Beast Statue","Eternal Feather"],"picked":"Inserter"}],"items_purged_floors":[],"is_endless":false,"potions_floor_spawned":[1,6,8,13,16,18],"killed_by":"2 Thieves","ascension_level":19}