{"gold_per_floor":[18,33,47,60,60,98,98,141,141,172,249,249,284,299,299,394,394,412,412,432,432,176,176,219,68,91,135,135,135,135,15,15,111,111,130,380,395,728,748,748],"floor_reached":40,"playtime":2948,"items_purged":["Sucker Punch"],"score":885,"play_id":"3264b435-082e-40aa-b893-088160ca5d25","local_time":"20180701163610","is_ascension_mode":true,"campfire_choices":[{"floor":7,"key":"REST"},{"floor":12,"key":"REST"},{"data":"Noxious Fumes","floor":15,"key":"SMITH"},{"floor":23,"key":"REST"},{"data":"Wraith Form v2","floor":29,"key":"SMITH"},{"floor":32,"key":"REST"}],"neow_cost":"NO_GOLD","seed_source_timestamp":1189658021366887,"circlet_count":0,"master_deck":["Survivor","Neutralize","AscendersBane","Predator","Sucker Punch","Quick Slash","Dagger Spray","Noxious Fumes+1","Leg Sweep","Glass Knife","Backflip+1","Backflip+1","Wraith Form v2+1","Outmaneuver+1","Backflip+1","Sucker Punch","Slice","Flying Knee","Dagger Throw","Dodge and Roll+1","Dodge and Roll+1","Dagger Throw","Dodge and Roll+1","Outmaneuver+1","Infinite Blades","Caltrops","Cloak And Dagger+1","Cloak And Dagger+1","After Image","Flechettes","Backflip+1"],"relics":["Ring of the Snake","Calipers","Gremlin Horn","Meat on the Bone","Toxic Egg 2","Tough Bandages","Pandora\u0027s Box","Mummified Hand","Pen Nib","Omamori","Strawberry","Ninja Scroll","Sozu"],"potions_floor_usage":[10,13,18,21,33],"damage_taken":[{"damage":4,"enemies":"Jaw Worm","floor":1,"turns":7},{"damage":0,"enemies":"Cultist","floor":2,"turns":4},{"damage":0,"enemies":"2 Louse","floor":3,"turns":2},{"damage":7,"enemies":"Large Slime","floor":4,"turns":10},{"damage":34,"enemies":"Lagavulin","floor":6,"turns":9},{"damage":14,"enemies":"3 Sentries","floor":8,"turns":7},{"damage":22,"enemies":"Lagavulin","floor":10,"turns":10},{"damage":9,"enemies":"3 Sentries","floor":13,"turns":7},{"damage":2,"enemies":"Blue Slaver","floor":14,"turns":4},{"damage":41,"enemies":"Hexaghost","floor":16,"turns":11},{"damage":0,"enemies":"Chosen","floor":18,"turns":5},{"damage":10,"enemies":"Shell Parasite","floor":20,"turns":7},{"damage":4,"enemies":"Snake Plant","floor":21,"turns":3},{"damage":0,"enemies":"Gremlin Leader","floor":24,"turns":8},{"damage":15,"enemies":"Book of Stabbing","floor":27,"turns":6},{"damage":30,"enemies":"Champ","floor":33,"turns":14},{"damage":0,"enemies":"Orb Walker","floor":35,"turns":4},{"damage":8,"enemies":"3 Darklings","floor":37,"turns":5},{"damage":0,"enemies":"Sphere and 2 Shapes","floor":39,"turns":6},{"damage":69,"enemies":"Giant Head","floor":40,"turns":10}],"seed_played":"-1155958157418578323","potions_obtained":[{"floor":1,"key":"SpeedPotion"},{"floor":2,"key":"Ancient Potion"},{"floor":10,"key":"Ancient Potion"},{"floor":20,"key":"SmokeBomb"},{"floor":33,"key":"Strength Potion"}],"is_trial":false,"path_per_floor":["M","M","M","M","?","E","R","E","T","E","?","R","E","M","R","B",null,"M","?","M","M","$","R","E","$","T","E","?","R","$","$","R","B",null,"M","?","M","?","M"],"character_chosen":"THE_SILENT","items_purchased":["Mummified Hand","Caltrops","GhostInAJar","Cloak And Dagger+1"],"campfire_rested":4,"item_purchase_floors":[22,25,31,31],"current_hp_per_floor":[67,67,67,60,60,26,47,33,33,23,23,44,47,45,45,16,57,57,57,47,43,43,64,64,64,64,56,56,56,56,56,78,48,71,71,71,63,63,63,0],"gold":748,"neow_bonus":"TWENTY_PERCENT_HP_BONUS","is_prod":false,"is_daily":false,"chose_seed":false,"campfire_upgraded":2,"win_rate":0,"timestamp":1530455770,"path_taken":["M","M","M","M","?","E","R","E","T","E","?","R","E","M","R","BOSS","M","?","?","M","$","R","E","$","T","E","?","R","?","$","R","BOSS","M","?","M","?","M","E"],"build_version":"2018-06-28","purchased_purges":1,"victory":false,"max_hp_per_floor":[78,78,78,78,71,71,71,71,71,71,71,71,71,71,71,71,71,71,71,71,71,71,71,71,71,71,78,78,78,78,78,78,78,78,78,78,78,78,78,78],"card_choices":[{"not_picked":["Accuracy","Prepared"],"picked":"Predator","floor":1},{"not_picked":["Expertise","Slice"],"picked":"Sucker Punch","floor":2},{"not_picked":["Prepared","Underhanded Strike"],"picked":"Quick Slash","floor":3},{"not_picked":["Slice","Quick Slash"],"picked":"Dagger Spray","floor":4},{"not_picked":["Poisoned Stab","Heel Hook"],"picked":"Noxious Fumes","floor":6},{"not_picked":["Riddle With Holes","Well Laid Plans"],"picked":"Leg Sweep","floor":8},{"not_picked":["Sucker Punch","Dagger Spray"],"picked":"Glass Knife","floor":10},{"not_picked":["Terror+1","Tactician+1"],"picked":"Backflip+1","floor":13},{"not_picked":["Concentrate+1","Riddle With Holes"],"picked":"Backflip+1","floor":14},{"not_picked":["Phantasmal Killer+1","Unload"],"picked":"Wraith Form v2","floor":16},{"not_picked":["Slice","Bouncing Flask+1"],"picked":"Dodge and Roll+1","floor":18},{"not_picked":["Flying Knee","Dagger Throw"],"picked":"Outmaneuver+1","floor":20},{"not_picked":["Reflex+1","Poisoned Stab"],"picked":"Infinite Blades","floor":24},{"not_picked":["Riddle With Holes","Slice"],"picked":"Cloak And Dagger+1","floor":27},{"not_picked":["Unload","Tactician+1"],"picked":"After Image","floor":33},{"not_picked":["Outmaneuver+1","Bane+1","Dodge and Roll+1"],"picked":"SKIP","floor":35},{"not_picked":["Dash","Prepared+1"],"picked":"Flechettes","floor":37},{"not_picked":["Dagger Throw+1","Concentrate+1"],"picked":"Backflip+1","floor":39}],"player_experience":722744,"relics_obtained":[{"floor":6,"key":"Calipers"},{"floor":8,"key":"Gremlin Horn"},{"floor":9,"key":"Meat on the Bone"},{"floor":10,"key":"Toxic Egg 2"},{"floor":13,"key":"Tough Bandages"},{"floor":24,"key":"Pen Nib"},{"floor":26,"key":"Omamori"},{"floor":27,"key":"Strawberry"}],"event_choices":[{"event_name":"Golden Idol","player_choice":"Lose Max HP","floor":5,"damage_taken":0},{"event_name":"Golden Wing","player_choice":"Gained Gold","floor":11,"damage_taken":0},{"event_name":"Vampires","player_choice":"Ignored","floor":19,"damage_taken":0},{"event_name":"The Mausoleum","player_choice":"Yes","floor":28,"damage_taken":0},{"event_name":"Golden Shrine","player_choice":"Desecrate","floor":36,"damage_taken":0},{"event_name":"The Moai Head","player_choice":"Gave Idol","floor":38,"damage_taken":0}],"boss_relics":[{"not_picked":["Astrolabe","Runic Pyramid"],"picked":"Pandora\u0027s Box"},{"not_picked":["Black Star","White Beast Statue"],"picked":"Sozu"}],"items_purged_floors":[25],"is_endless":false,"potions_floor_spawned":[1,2,10,20,33,35],"killed_by":"Giant Head","ascension_level":15}