{"gold_per_floor":[112,131,131,131,147,147,166,166,166,166,166,192,219,236,236,333,333,343,293,293,312,326,326,342,342,342,359,216,234,159,176,176,277,277,292,242,242,252,262,262,278,278,301,314,329,342,357,0,0,0],"floor_reached":51,"playtime":2749,"items_purged":["Undo","Blizzard"],"score":721,"play_id":"6859d5a5-3754-475d-9bdf-98d28f290fac","local_time":"20190305161400","is_ascension_mode":true,"campfire_choices":[{"data":"Zap","floor":6,"key":"SMITH"},{"data":"Dualcast","floor":8,"key":"SMITH"},{"data":"White Noise","floor":11,"key":"SMITH"},{"data":"Barrage","floor":15,"key":"SMITH"},{"data":"Biased Cognition","floor":23,"key":"SMITH"},{"data":"Double Energy","floor":25,"key":"SMITH"},{"data":"Sunder","floor":32,"key":"SMITH"},{"data":"Conserve Battery","floor":40,"key":"SMITH"},{"data":"Go for the Eyes","floor":42,"key":"SMITH"},{"floor":49,"key":"REST"}],"neow_cost":"NONE","seed_source_timestamp":100341937659659,"circlet_count":0,"master_deck":["Zap+1","Dualcast+1","Cold Snap","White Noise+1","Compile Driver","Conserve Battery+1","Barrage+1","Cold Snap","Echo Form","Double Energy+1","Go for the Eyes+1","Biased Cognition+1","Reinforced Body","Steam Power+1","Sweeping Beam+1","Tempest+1","Ball Lightning+1","Auto Shields","Sunder+1","Conserve Battery+1","Tempest+1","Glacier+1"],"relics":["Cracked Core","Bag of Marbles","Matryoshka","Pocketwatch","Smiling Mask","Blood Vial","Lantern","Pandora\u0027s Box","Regal Pillow","Happy Flower","Bronze Scales","Inserter","Pen Nib","Red Mask"],"potions_floor_usage":[7,13,16,16,21,31,38,39,46,50,50,50],"damage_taken":[{"damage":0,"enemies":"Small Slimes","floor":1,"turns":3},{"damage":3,"enemies":"2 Louse","floor":2,"turns":3},{"damage":2,"enemies":"Jaw Worm","floor":5,"turns":3},{"damage":0,"enemies":"Lots of Slimes","floor":7,"turns":1},{"damage":3,"enemies":"3 Sentries","floor":13,"turns":2},{"damage":0,"enemies":"Large Slime","floor":14,"turns":4},{"damage":14,"enemies":"Hexaghost","floor":16,"turns":8},{"damage":6,"enemies":"Chosen","floor":18,"turns":3},{"damage":0,"enemies":"Shell Parasite","floor":21,"turns":1},{"damage":9,"enemies":"Snake Plant","floor":22,"turns":3},{"damage":6,"enemies":"3 Cultists","floor":24,"turns":4},{"damage":13,"enemies":"Shelled Parasite and Fungi","floor":27,"turns":2},{"damage":0,"enemies":"Centurion and Healer","floor":29,"turns":3},{"damage":0,"enemies":"Snecko","floor":31,"turns":3},{"damage":10,"enemies":"Champ","floor":33,"turns":6},{"damage":44,"enemies":"3 Darklings","floor":35,"turns":4},{"damage":7,"enemies":"Orb Walker","floor":38,"turns":4},{"damage":0,"enemies":"Transient","floor":39,"turns":5},{"damage":24,"enemies":"Jaw Worm Horde","floor":41,"turns":3},{"damage":11,"enemies":"Sphere and 2 Shapes","floor":44,"turns":3},{"damage":4,"enemies":"3 Darklings","floor":45,"turns":3},{"damage":9,"enemies":"Transient","floor":46,"turns":5},{"damage":22,"enemies":"Maw","floor":47,"turns":5},{"damage":59,"enemies":"Awakened One","floor":50,"turns":11}],"seed_played":"2522476045992438350","potions_obtained":[{"floor":2,"key":"Swift Potion"},{"floor":5,"key":"PowerPotion"},{"floor":7,"key":"AttackPotion"},{"floor":13,"key":"Poison Potion"},{"floor":18,"key":"AttackPotion"},{"floor":27,"key":"PowerPotion"},{"floor":29,"key":"FearPotion"},{"floor":33,"key":"FearPotion"},{"floor":35,"key":"SkillPotion"},{"floor":38,"key":"Swift Potion"},{"floor":46,"key":"Dexterity Potion"},{"floor":47,"key":"SpeedPotion"}],"is_trial":false,"path_per_floor":["M","M","?","?","M","R","M","R","T","?","R","T","E","M","R","B",null,"M","$","?","M","M","R","M","R","T","M","$","M","?","M","R","B",null,"M","$","?","M","M","R","M","R","T","M","M","M","M","?","R","B",null],"character_chosen":"DEFECT","items_purchased":["Bronze Scales"],"campfire_rested":1,"item_purchase_floors":[28],"current_hp_per_floor":[75,72,57,50,48,48,48,48,48,45,45,45,44,46,46,34,75,69,69,69,71,64,64,60,60,60,49,49,51,51,53,53,45,75,31,31,85,78,80,80,58,58,58,49,47,40,20,20,60,3],"gold":0,"neow_bonus":"RANDOM_COMMON_RELIC","is_prod":false,"is_daily":false,"chose_seed":false,"campfire_upgraded":9,"win_rate":0,"timestamp":1551831240,"path_taken":["M","M","?","?","M","R","M","R","T","?","R","?","E","M","R","BOSS","M","$","?","M","M","R","M","R","T","M","$","M","?","M","R","BOSS","M","$","?","M","M","R","?","R","T","M","M","M","M","?","R","BOSS"],"build_version":"2019-01-23","purchased_purges":2,"victory":true,"max_hp_per_floor":[75,75,75,75,75,75,75,75,75,75,75,75,75,75,75,75,75,75,75,75,75,75,75,75,75,75,75,75,75,75,75,75,75,75,75,75,85,85,85,85,85,85,85,85,85,85,85,85,85,85],"card_choices":[{"not_picked":["Darkness","Melter"],"picked":"Cold Snap","floor":1},{"not_picked":["Storm","Turbo"],"picked":"White Noise","floor":2},{"not_picked":["Gash","Steam"],"picked":"Compile Driver","floor":5},{"not_picked":["Tempest","Reprogram"],"picked":"Conserve Battery","floor":7},{"not_picked":["Chaos","Genetic Algorithm"],"picked":"Barrage","floor":13},{"not_picked":["Stack","Amplify"],"picked":"Cold Snap","floor":14},{"not_picked":["Reboot","Biased Cognition"],"picked":"Echo Form","floor":16},{"not_picked":["Go for the Eyes+1","Beam Cell"],"picked":"Steam Power+1","floor":18},{"not_picked":["Chaos","Genetic Algorithm"],"picked":"Sweeping Beam+1","floor":21},{"not_picked":["Hologram","Redo"],"picked":"Tempest+1","floor":22},{"not_picked":["Reprogram","Rebound"],"picked":"Ball Lightning+1","floor":24},{"not_picked":["Beam Cell","Streamline"],"picked":"Auto Shields","floor":27},{"not_picked":["Compile Driver","Aggregate+1","Storm"],"picked":"SKIP","floor":29},{"not_picked":["Rebound","Coolheaded"],"picked":"Sunder","floor":31},{"not_picked":["Rainbow","Reboot"],"picked":"Creative AI","floor":33},{"not_picked":["Ball Lightning","Force Field+1"],"picked":"Conserve Battery+1","floor":35},{"not_picked":["Hello World+1","Chill+1"],"picked":"Tempest+1","floor":38},{"not_picked":["Barrage","Hologram","Tempest"],"picked":"SKIP","floor":39},{"not_picked":["Meteor Strike","Barrage","Redo+1"],"picked":"SKIP","floor":41},{"not_picked":["Chill","Coolheaded+1","Static Discharge+1"],"picked":"SKIP","floor":44},{"not_picked":["Redo","Cold Snap+1","Hologram"],"picked":"SKIP","floor":45},{"not_picked":["Go for the Eyes","Hello World","Steam Power+1"],"picked":"SKIP","floor":46},{"not_picked":["Steam+1","Barrage"],"picked":"Glacier+1","floor":47}],"player_experience":289720,"relics_obtained":[{"floor":9,"key":"Matryoshka"},{"floor":12,"key":"Smiling Mask"},{"floor":12,"key":"Blood Vial"},{"floor":13,"key":"Lantern"},{"floor":26,"key":"Regal Pillow"},{"floor":26,"key":"Happy Flower"},{"floor":43,"key":"Pen Nib"}],"event_choices":[{"damage_healed":0,"gold_gain":0,"player_choice":"Entered Light","damage_taken":15,"max_hp_gain":0,"max_hp_loss":0,"event_name":"Shining Light","floor":3,"gold_loss":0,"cards_upgraded":["Strike_B","Defend_B"]},{"cards_removed":["Strike_B"],"damage_healed":0,"gold_gain":0,"player_choice":"Card Removal","damage_taken":7,"max_hp_gain":0,"max_hp_loss":0,"event_name":"Golden Wing","floor":4,"gold_loss":0},{"damage_healed":0,"gold_gain":0,"player_choice":"Success","damage_taken":3,"relics_obtained":["Pocketwatch"],"max_hp_gain":0,"max_hp_loss":0,"event_name":"Scrap Ooze","floor":10,"gold_loss":0},{"damage_healed":0,"gold_gain":0,"player_choice":"Ignored","damage_taken":0,"max_hp_gain":0,"max_hp_loss":0,"event_name":"Ghosts","floor":20,"gold_loss":0},{"cards_removed":["Steam"],"damage_healed":0,"gold_gain":0,"player_choice":"Gave Gold","damage_taken":0,"max_hp_gain":0,"max_hp_loss":0,"event_name":"Beggar","floor":30,"gold_loss":75},{"cards_removed":["Creative AI"],"damage_healed":44,"gold_gain":0,"player_choice":"Offered Rare","damage_taken":0,"max_hp_gain":10,"max_hp_loss":0,"event_name":"Bonfire Elementals","floor":37,"gold_loss":0},{"damage_healed":0,"gold_gain":0,"player_choice":"Paid","damage_taken":0,"relics_obtained":["Red Mask"],"max_hp_gain":0,"max_hp_loss":0,"event_name":"Tomb of Lord Red Mask","floor":48,"gold_loss":357}],"is_beta":false,"boss_relics":[{"not_picked":["Calling Bell","Cursed Key"],"picked":"Pandora\u0027s Box"},{"not_picked":["Orrery","Astrolabe"],"picked":"Inserter"}],"items_purged_floors":[19,36],"is_endless":false,"potions_floor_spawned":[2,5,7,13,18,27,29,33,35,38,46,47],"ascension_level":3}