{"gold_per_floor":[111,125,135,149,165,181,181,213,213,213,225,225,244,255,255,255],"floor_reached":16,"playtime":1232,"items_purged":[],"score":108,"play_id":"549101a6-c5c1-443f-9b11-7d4ec4f4d3aa","local_time":"20180910112639","is_ascension_mode":false,"campfire_choices":[{"data":"Flex","floor":7,"key":"SMITH"},{"data":"Bash","floor":10,"key":"SMITH"},{"data":"Headbutt","floor":12,"key":"SMITH"},{"floor":15,"key":"REST"}],"neow_cost":"","seed_source_timestamp":308640573372373,"circlet_count":0,"master_deck":["Strike_R","Strike_R","Strike_R","Strike_R","Strike_R","Defend_R","Defend_R","Defend_R","Defend_R","Bash+1","Thunderclap","Flex+1","Anger","Iron Wave","Headbutt+1","Spot Weakness","Whirlwind"],"relics":["Burning Blood","Bronze Scales","Matryoshka"],"potions_floor_usage":[],"damage_taken":[{"damage":1,"enemies":"2 Louse","floor":1,"turns":3},{"damage":1,"enemies":"Cultist","floor":2,"turns":3},{"damage":6,"enemies":"Small Slimes","floor":3,"turns":4},{"damage":9,"enemies":"2 Fungi Beasts","floor":4,"turns":3},{"damage":19,"enemies":"Lots of Slimes","floor":5,"turns":5},{"damage":0,"enemies":"Large Slime","floor":6,"turns":5},{"damage":28,"enemies":"Gremlin Nob","floor":8,"turns":4},{"damage":10,"enemies":"Looter","floor":11,"turns":3},{"damage":11,"enemies":"Exordium Wildlife","floor":13,"turns":3},{"damage":6,"enemies":"3 Louse","floor":14,"turns":2},{"damage":35,"enemies":"Slime Boss","floor":16,"turns":5}],"seed_played":"-6309025137255394223","potions_obtained":[{"floor":1,"key":"LiquidBronze"},{"floor":3,"key":"LiquidBronze"},{"floor":4,"key":"Regen Potion"},{"floor":13,"key":"Energy Potion"}],"is_trial":false,"path_per_floor":["M","M","M","M","M","M","R","E","T","R","M","R","M","M","R"],"character_chosen":"IRONCLAD","items_purchased":[],"campfire_rested":1,"item_purchase_floors":[],"current_hp_per_floor":[80,80,80,77,64,70,70,48,48,48,44,44,39,39,63,28],"gold":255,"neow_bonus":"","is_prod":false,"is_daily":false,"chose_seed":false,"campfire_upgraded":3,"win_rate":0.0,"timestamp":1536593199,"path_taken":["M","M","M","M","M","M","R","E","T","R","M","R","M","M","R","BOSS"],"build_version":"2018-09-06","purchased_purges":0,"victory":false,"max_hp_per_floor":[80,80,80,80,80,80,80,80,80,80,80,80,80,80,80,80],"card_choices":[{"not_picked":["Burning Pact","Uppercut"],"picked":"Thunderclap","floor":1},{"not_picked":["Metallicize","Blood for Blood","Ghostly Armor"],"picked":"SKIP","floor":2},{"not_picked":["Power Through","Armaments"],"picked":"Flex","floor":3},{"not_picked":["Dual Wield","Perfected Strike"],"picked":"Anger","floor":4},{"not_picked":["Shrug It Off","True Grit","Combust"],"picked":"SKIP","floor":5},{"not_picked":["Anger","Wild Strike"],"picked":"Iron Wave","floor":6},{"not_picked":["Body Slam","Rupture","Shrug It Off"],"picked":"SKIP","floor":8},{"not_picked":["Blood for Blood","Thunderclap"],"picked":"Headbutt","floor":11},{"not_picked":["Sword Boomerang","Clash"],"picked":"Spot Weakness","floor":13},{"not_picked":["Iron Wave","True Grit"],"picked":"Whirlwind","floor":14}],"player_experience":54599,"relics_obtained":[{"floor":8,"key":"Bronze Scales"},{"floor":9,"key":"Matryoshka"}],"event_choices":[],"is_beta":false,"boss_relics":[],"items_purged_floors":[],"is_endless":false,"potions_floor_spawned":[1,3,4,8,13,14],"killed_by":"Slime Boss","ascension_level":0}