{"gold_per_floor":[113,7,7,7,7,39,39,66,113,123,123,123,135,135,135,211,211,226,241,241],"floor_reached":20,"playtime":515,"items_purged":[],"score":426,"play_id":"67ef6017-75b6-4648-bdee-382154691632","local_time":"20190116115646","is_ascension_mode":true,"campfire_choices":[{"data":"Sunder","floor":12,"key":"SMITH"},{"data":"Zap","floor":15,"key":"SMITH"}],"neow_cost":"NONE","seed_source_timestamp":502616815967800,"circlet_count":0,"master_deck":["AscendersBane","Strike_B","Strike_B","Defend_B","Defend_B","Defend_B","Defend_B","Zap+1","Dualcast","BootSequence","Storm","Leap","Sunder+1","Static Discharge","Capacitor","Hologram","Zap","Electrodynamics","Turbo","Glacier+1"],"relics":["Cracked Core","NeowsBlessing","Orichalcum","Boot","Juzu Bracelet","White Beast Statue"],"potions_floor_usage":[16,16,18,19],"damage_taken":[{"damage":0,"enemies":"Small Slimes","floor":1,"turns":1},{"damage":0,"enemies":"Lagavulin","floor":6,"turns":1},{"damage":0,"enemies":"Gremlin Nob","floor":8,"turns":1},{"damage":0,"enemies":"2 Louse","floor":10,"turns":1},{"damage":0,"enemies":"Cultist","floor":13,"turns":2},{"damage":6,"enemies":"The Guardian","floor":16,"turns":7},{"damage":21,"enemies":"3 Byrds","floor":18,"turns":3},{"damage":39,"enemies":"Shell Parasite","floor":19,"turns":6},{"damage":17,"enemies":"Sentry and Sphere","floor":20,"turns":3}],"seed_played":"2003887695507976255","potions_obtained":[{"floor":1,"key":"AttackPotion"},{"floor":13,"key":"FocusPotion"},{"floor":16,"key":"SkillPotion"},{"floor":18,"key":"PowerPotion"},{"floor":19,"key":"Weak Potion"}],"is_trial":false,"path_per_floor":["M","$","?","?","$","E","?","E","T","M","?","R","M","?","R","B",null,"M","M","M"],"character_chosen":"DEFECT","items_purchased":["Storm","Leap"],"campfire_rested":0,"item_purchase_floors":[2,2],"current_hp_per_floor":[64,64,57,62,62,62,62,62,62,62,62,62,62,62,62,56,71,50,11,0],"gold":241,"neow_bonus":"THREE_ENEMY_KILL","is_prod":false,"is_daily":false,"chose_seed":false,"campfire_upgraded":2,"win_rate":0,"timestamp":1547668606,"path_taken":["M","$","?","?","$","E","?","E","T","M","?","R","M","?","R","BOSS","M","M","M"],"build_version":"2019-01-10","purchased_purges":0,"victory":false,"max_hp_per_floor":[71,71,71,76,76,76,76,76,76,76,76,76,76,76,76,76,76,76,76,76],"card_choices":[{"not_picked":["Hello World","Stack"],"picked":"BootSequence","floor":1},{"not_picked":["Tempest","Stack"],"picked":"Sunder","floor":6},{"not_picked":["Heatsinks","Coolheaded"],"picked":"Static Discharge","floor":8},{"not_picked":["Force Field","Coolheaded"],"picked":"Capacitor","floor":10},{"not_picked":["Compile Driver","Conserve Battery"],"picked":"Hologram","floor":13},{"not_picked":["Core Surge","Machine Learning"],"picked":"Electrodynamics","floor":16},{"not_picked":["Streamline","Cold Snap"],"picked":"Turbo","floor":18},{"not_picked":["Hologram","Chill"],"picked":"Glacier+1","floor":19}],"player_experience":500049,"relics_obtained":[{"floor":6,"key":"Orichalcum"},{"floor":8,"key":"Boot"},{"floor":9,"key":"Juzu Bracelet"}],"event_choices":[{"cards_removed":["Strike_B"],"damage_healed":0,"gold_gain":0,"player_choice":"Card Removal","damage_taken":7,"max_hp_gain":0,"max_hp_loss":0,"event_name":"Golden Wing","floor":3,"gold_loss":0},{"damage_healed":0,"gold_gain":0,"player_choice":"Donut","damage_taken":0,"max_hp_gain":5,"max_hp_loss":0,"event_name":"Big Fish","floor":4,"gold_loss":0},{"damage_healed":0,"gold_gain":0,"player_choice":"Searched \u00270\u0027 times","damage_taken":0,"max_hp_gain":0,"max_hp_loss":0,"event_name":"Dead Adventurer","floor":7,"gold_loss":0},{"cards_removed":["Strike_B"],"damage_healed":0,"gold_gain":0,"player_choice":"Purged","damage_taken":0,"max_hp_gain":0,"max_hp_loss":0,"event_name":"Purifier","floor":11,"gold_loss":0},{"damage_healed":0,"gold_gain":0,"player_choice":"1 cards matched","damage_taken":0,"max_hp_gain":0,"max_hp_loss":0,"event_name":"Match and Keep!","floor":14,"gold_loss":0,"cards_obtained":["Zap"]}],"is_beta":false,"boss_relics":[{"not_picked":["Pandora\u0027s Box","Empty Cage"],"picked":"White Beast Statue"}],"items_purged_floors":[],"is_endless":false,"potions_floor_spawned":[1,13,16,18,19],"killed_by":"Sentry and Sphere","ascension_level":17}