{"gold_per_floor":[112,129,8,22,22,22,50,50,104,123,133,133,168,186,186,186],"floor_reached":16,"playtime":1491,"items_purged":[],"score":213,"play_id":"0a3ee494-1d5c-402e-8259-ca933a938cd6","local_time":"20190129165925","is_ascension_mode":true,"campfire_choices":[{"data":"Defragment","floor":6,"key":"SMITH"},{"floor":12,"key":"REST"},{"data":"Zap","floor":15,"key":"SMITH"}],"neow_cost":"TEN_PERCENT_HP_LOSS","seed_source_timestamp":971949001888881,"circlet_count":0,"master_deck":["AscendersBane","Strike_B","Strike_B","Strike_B","Strike_B","Defend_B","Defend_B","Defend_B","Defend_B","Zap+1","Dualcast","Creative AI","Turbo","Defragment+1","Bandage Up","Hologram","Genetic Algorithm","Chill","Ball Lightning","Go for the Eyes","Seek","Reinforced Body"],"relics":["Cracked Core","Strawberry","GremlinMask","Oddly Smooth Stone","Incense Burner"],"potions_floor_usage":[10,16,16],"damage_taken":[{"damage":2,"enemies":"2 Louse","floor":1,"turns":2},{"damage":4,"enemies":"Small Slimes","floor":2,"turns":4},{"damage":11,"enemies":"Cultist","floor":4,"turns":4},{"damage":27,"enemies":"Lagavulin","floor":7,"turns":7},{"damage":11,"enemies":"Gremlin Gang","floor":10,"turns":6},{"damage":4,"enemies":"Blue Slaver","floor":11,"turns":2},{"damage":5,"enemies":"3 Sentries","floor":13,"turns":7},{"damage":2,"enemies":"2 Fungi Beasts","floor":14,"turns":4},{"damage":59,"enemies":"Slime Boss","floor":16,"turns":13}],"seed_played":"-7711309993794086184","potions_obtained":[{"floor":4,"key":"Swift Potion"},{"floor":11,"key":"Poison Potion"},{"floor":13,"key":"PowerPotion"}],"is_trial":false,"path_per_floor":["M","M","$","M","?","R","E","?","T","M","M","R","E","M","R","B"],"character_chosen":"DEFECT","items_purchased":["Bandage Up","Hologram"],"campfire_rested":1,"item_purchase_floors":[3,3],"current_hp_per_floor":[62,58,58,51,51,51,35,35,35,28,28,49,48,50,50,0],"gold":186,"neow_bonus":"THREE_RARE_CARDS","is_prod":false,"is_daily":false,"chose_seed":false,"campfire_upgraded":2,"win_rate":0,"timestamp":1548777565,"path_taken":["M","M","$","M","?","R","E","?","T","?","?","R","E","M","R","BOSS"],"build_version":"2019-01-23","purchased_purges":0,"victory":false,"max_hp_per_floor":[64,64,64,64,64,64,71,71,71,71,71,71,71,71,71,71],"card_choices":[{"not_picked":["Thunder Strike","Hyperbeam"],"picked":"Creative AI","floor":0},{"not_picked":["Gash","Rebound"],"picked":"Turbo","floor":1},{"not_picked":["Storm","Hologram"],"picked":"Defragment","floor":2},{"not_picked":["Scrape","Streamline"],"picked":"Genetic Algorithm","floor":4},{"not_picked":["Aggregate","Tempest"],"picked":"Chill","floor":7},{"not_picked":["Gash","Barrage"],"picked":"Ball Lightning","floor":10},{"not_picked":["Gash","Conserve Battery"],"picked":"Go for the Eyes","floor":11},{"not_picked":["Leap","Scrape"],"picked":"Seek","floor":13},{"not_picked":["Consume","Stack"],"picked":"Reinforced Body","floor":14}],"player_experience":910410,"relics_obtained":[{"floor":7,"key":"Strawberry"},{"floor":9,"key":"Oddly Smooth Stone"},{"floor":13,"key":"Incense Burner"}],"event_choices":[{"damage_healed":0,"gold_gain":0,"player_choice":"Ignored","damage_taken":0,"max_hp_gain":0,"max_hp_loss":0,"event_name":"Liars Game","floor":5,"gold_loss":0},{"damage_healed":0,"gold_gain":0,"player_choice":"Trade","damage_taken":0,"relics_obtained":["GremlinMask"],"max_hp_gain":0,"max_hp_loss":0,"event_name":"FaceTrader","floor":8,"gold_loss":0}],"is_beta":true,"boss_relics":[],"items_purged_floors":[],"is_endless":false,"potions_floor_spawned":[4,11,13],"killed_by":"Slime Boss","ascension_level":18}