{"gold_per_floor":[116,116,188,19,33,33,64,42,42,55,55,55,65,79,79,179,179,179,1,1,1,1,1,1,1,1,1,1,1,1,1,1,1,1,1,1,1,1,1,1,1,1,1,1,1,1,1,1,1,1],"floor_reached":51,"playtime":3829,"items_purged":["Strike_B","Strike_B"],"score":1189,"play_id":"aa1fbc2d-ac27-49f1-8be7-dba5cdc2f2fb","local_time":"20181017225152","is_ascension_mode":true,"campfire_choices":[{"data":"Defragment","floor":6,"key":"SMITH"},{"data":"Defragment","floor":15,"key":"SMITH"},{"data":"Defragment","floor":23,"key":"SMITH"},{"data":"Creative AI","floor":32,"key":"SMITH"},{"data":"Defragment","floor":44,"key":"SMITH"},{"data":"Capacitor","floor":49,"key":"SMITH"}],"neow_cost":"NONE","seed_source_timestamp":269422478467374,"circlet_count":0,"master_deck":["Strike_B+1","Defend_B","Defend_B","Defend_B+1","Defend_B","Zap+1","Dualcast","Self Repair","Skim","Hello World","Beam Cell","Defragment+1","Hello World","Coolheaded","Defragment+1","Self Repair","Chill","Creative AI+1","Gash+1","Defragment+1","Conserve Battery","Defragment+1","Capacitor+1","Buffer","Cold Snap+1","Self Repair","Seek","Creative AI","Fusion","Tempest","Self Repair+1","Coolheaded+1","Storm+1","Bandage Up","Self Repair","Storm+1"],"relics":["Cracked Core","Ornamental Fan","Mummified Hand","Mango","Ectoplasm","Pantograph","Orichalcum","Bird Faced Urn","Enchiridion","Nuclear Battery","Art of War","Whetstone","Old Coin","Ancient Tea Set"],"potions_floor_usage":[13,14,39,50,50,50],"damage_taken":[{"damage":13,"enemies":"Jaw Worm","floor":1,"turns":4},{"damage":0,"enemies":"2 Louse","floor":5,"turns":2},{"damage":23,"enemies":"3 Sentries","floor":7,"turns":8},{"damage":2,"enemies":"Cultist","floor":10,"turns":4},{"damage":1,"enemies":"Red Slaver","floor":13,"turns":4},{"damage":11,"enemies":"3 Louse","floor":14,"turns":5},{"damage":3,"enemies":"Slime Boss","floor":16,"turns":13},{"damage":7,"enemies":"Shell Parasite","floor":18,"turns":5},{"damage":0,"enemies":"Spheric Guardian","floor":20,"turns":4},{"damage":23,"enemies":"Book of Stabbing","floor":24,"turns":5},{"damage":17,"enemies":"Chosen and Byrds","floor":25,"turns":7},{"damage":30,"enemies":"Slavers","floor":27,"turns":8},{"damage":8,"enemies":"Snake Plant","floor":29,"turns":4},{"damage":9,"enemies":"Cultist and Chosen","floor":30,"turns":7},{"damage":0,"enemies":"Snecko","floor":31,"turns":5},{"damage":0,"enemies":"Champ","floor":33,"turns":9},{"damage":0,"enemies":"Orb Walker","floor":35,"turns":5},{"damage":31,"enemies":"3 Darklings","floor":36,"turns":4},{"damage":30,"enemies":"Spire Growth","floor":37,"turns":3},{"damage":51,"enemies":"Reptomancer","floor":38,"turns":4},{"damage":8,"enemies":"Transient","floor":39,"turns":5},{"damage":46,"enemies":"2 Orb Walkers","floor":40,"turns":5},{"damage":11,"enemies":"Maw","floor":42,"turns":4},{"damage":9,"enemies":"Mysterious Sphere","floor":45,"turns":3},{"damage":0,"enemies":"Giant Head","floor":46,"turns":5},{"damage":0,"enemies":"Reptomancer","floor":47,"turns":3},{"damage":0,"enemies":"Transient","floor":48,"turns":5},{"damage":27,"enemies":"Time Eater","floor":50,"turns":4}],"seed_played":"2266353107997429203","potions_obtained":[{"floor":1,"key":"GamblersBrew"},{"floor":5,"key":"SpeedPotion"},{"floor":10,"key":"PowerPotion"},{"floor":25,"key":"EssenceOfSteel"},{"floor":27,"key":"AttackPotion"},{"floor":33,"key":"AttackPotion"},{"floor":39,"key":"GamblersBrew"},{"floor":42,"key":"PowerPotion"},{"floor":45,"key":"Weak Potion"}],"is_trial":false,"path_per_floor":["M","?","T","$","M","R","E","$","T","M","?","$","M","M","R","B",null,"M","$","M","?","?","R","E","M","T","E","?","M","M","M","R","B",null,"M","M","M","M","M","E","?","M","T","R","?","E","M","M","R","B"],"character_chosen":"DEFECT","items_purchased":["Hello World","Beam Cell","Coolheaded","Defragment"],"campfire_rested":0,"item_purchase_floors":[4,4,8,19],"current_hp_per_floor":[62,47,47,47,47,47,31,31,45,50,43,43,49,52,52,63,83,89,89,89,89,89,89,80,77,77,61,45,81,89,89,89,89,89,89,89,78,89,89,86,86,89,89,89,89,89,89,89,89,89],"gold":1,"neow_bonus":"THREE_CARDS","is_prod":false,"is_daily":false,"chose_seed":false,"campfire_upgraded":6,"win_rate":0,"timestamp":1539841912,"path_taken":["M","?","?","$","?","R","E","?","T","M","?","$","M","?","R","BOSS","M","?","M","?","?","R","E","?","T","E","?","?","M","M","R","BOSS","M","M","M","?","M","E","?","M","T","R","?","E","M","M","R","BOSS"],"build_version":"2018-10-11","purchased_purges":2,"victory":true,"max_hp_per_floor":[75,75,75,75,75,75,75,75,89,89,89,89,89,89,89,89,89,89,89,89,89,89,89,89,89,89,89,89,89,89,89,89,89,89,89,89,89,89,89,89,89,89,89,89,89,89,89,89,89,89],"card_choices":[{"not_picked":["Cold Snap","Compile Driver"],"picked":"Self Repair","floor":0},{"not_picked":["Aggregate","Undo"],"picked":"Skim","floor":1},{"not_picked":["Go for the Eyes","Coolheaded"],"picked":"Defragment","floor":5},{"not_picked":["Blizzard","Consume"],"picked":"Hello World","floor":7},{"not_picked":["Compile Driver","Melter"],"picked":"Defragment","floor":10},{"not_picked":["Turbo","Redo"],"picked":"Self Repair","floor":13},{"not_picked":["Melter","Conserve Battery"],"picked":"Chill","floor":14},{"not_picked":["Core Surge","Meteor Strike"],"picked":"Creative AI","floor":16},{"not_picked":["Leap+1","Beam Cell"],"picked":"Gash+1","floor":18},{"not_picked":["Skim","Cold Snap"],"picked":"Conserve Battery","floor":20},{"not_picked":["Barrage","Coolheaded"],"picked":"Capacitor","floor":24},{"not_picked":["Hologram","FTL"],"picked":"Buffer","floor":25},{"not_picked":["Genetic Algorithm","Redo"],"picked":"Cold Snap","floor":27},{"not_picked":["Coolheaded","Streamline+1"],"picked":"Self Repair","floor":29},{"not_picked":["Redo","Hologram"],"picked":"Seek","floor":30},{"not_picked":["Beam Cell","Turbo","Cold Snap"],"picked":"SKIP","floor":31},{"not_picked":["Seek","Rainbow"],"picked":"Creative AI","floor":33},{"not_picked":["Melter","Reinforced Body"],"picked":"Fusion","floor":35},{"not_picked":["BootSequence","FTL"],"picked":"Tempest","floor":36},{"not_picked":["Recycle+1","Heatsinks"],"picked":"Self Repair+1","floor":37},{"not_picked":["FTL+1","Sweeping Beam"],"picked":"Coolheaded+1","floor":38},{"not_picked":["Steam Power+1","Coolheaded"],"picked":"Storm+1","floor":39},{"not_picked":["Beam Cell+1","Conserve Battery+1","Steam Power"],"picked":"SKIP","floor":40},{"not_picked":["Chrysalis","PanicButton"],"picked":"Bandage Up","floor":41},{"not_picked":["Sunder","Ball Lightning+1"],"picked":"Self Repair","floor":42},{"not_picked":["Steam Power","Compile Driver+1","BootSequence"],"picked":"SKIP","floor":46},{"not_picked":["Coolheaded+1","Streamline+1","Rebound+1"],"picked":"SKIP","floor":47},{"not_picked":["Streamline+1","Gash+1"],"picked":"Storm+1","floor":48}],"player_experience":295141,"relics_obtained":[{"floor":3,"key":"Ornamental Fan"},{"floor":7,"key":"Mummified Hand"},{"floor":9,"key":"Mango"},{"floor":24,"key":"Pantograph"},{"floor":26,"key":"Orichalcum"},{"floor":27,"key":"Bird Faced Urn"},{"floor":28,"key":"Enchiridion"},{"floor":40,"key":"Art of War"},{"floor":43,"key":"Whetstone"},{"floor":45,"key":"Old Coin"},{"floor":46,"key":"Ancient Tea Set"}],"event_choices":[{"event_name":"Shining Light","player_choice":"Entered Light","floor":2,"damage_taken":0},{"event_name":"Golden Wing","player_choice":"Card Removal","floor":11,"damage_taken":0},{"event_name":"Ghosts","player_choice":"Ignored","floor":21,"damage_taken":0},{"event_name":"The Library","player_choice":"Read","floor":22,"damage_taken":0},{"event_name":"Cursed Tome","player_choice":"Obtained Book","floor":28,"damage_taken":0},{"event_name":"SensoryStone","player_choice":"Memory 1","floor":41,"damage_taken":0},{"event_name":"Mysterious Sphere","player_choice":"Fight","floor":45,"damage_taken":0}],"is_beta":false,"boss_relics":[{"not_picked":["Orrery","Philosopher\u0027s Stone"],"picked":"Ectoplasm"},{"not_picked":["White Beast Statue","Empty Cage"],"picked":"Nuclear Battery"}],"items_purged_floors":[4,19],"is_endless":false,"potions_floor_spawned":[1,5,10,25,27,30,33,37,39,42,45,47,48],"ascension_level":8}