{"gold_per_floor":[115,132,132,13,13,13,39,56,79,79,53,79,9,29,29,107,107,123,123,40,40,58,85,85,100,100,100,116,116],"floor_reached":29,"playtime":1050,"items_purged":["Regret"],"score":538,"play_id":"9a7a9a3e-b1f9-47d6-b083-953fb0c00dc6","local_time":"20190116212901","is_ascension_mode":true,"campfire_choices":[{"data":"Zap","floor":6,"key":"SMITH"},{"floor":10,"key":"REST"},{"floor":15,"key":"REST"},{"floor":24,"key":"REST"},{"data":"Buffer","floor":27,"key":"SMITH"}],"neow_cost":"NONE","seed_source_timestamp":669668743634556,"circlet_count":0,"master_deck":["AscendersBane","Strike_B","Strike_B","Strike_B","Strike_B","Defend_B","Defend_B","Defend_B","Defend_B","Zap+1","Dualcast","Ball Lightning","Loop","Genetic Algorithm","Defragment+1","Ball Lightning","Chill","Rainbow","Conserve Battery","Cold Snap","Echo Form","Electrodynamics","Storm+1","Coolheaded","Buffer+1","Self Repair","Force Field"],"relics":["Cracked Core","Pen Nib","Shuriken","Dream Catcher","The Courier","Velvet Choker","Singing Bowl","Pantograph"],"potions_floor_usage":[23,29],"damage_taken":[{"damage":6,"enemies":"2 Louse","floor":1,"turns":3},{"damage":0,"enemies":"Small Slimes","floor":2,"turns":2},{"damage":20,"enemies":"Lagavulin","floor":7,"turns":7},{"damage":1,"enemies":"Cultist","floor":8,"turns":3},{"damage":36,"enemies":"Gremlin Nob","floor":12,"turns":4},{"damage":2,"enemies":"Red Slaver","floor":14,"turns":3},{"damage":14,"enemies":"Slime Boss","floor":16,"turns":8},{"damage":0,"enemies":"Spheric Guardian","floor":18,"turns":3},{"damage":28,"enemies":"Shell Parasite","floor":22,"turns":3},{"damage":6,"enemies":"Gremlin Leader","floor":23,"turns":5},{"damage":14,"enemies":"Sentry and Sphere","floor":25,"turns":5},{"damage":26,"enemies":"Centurion and Healer","floor":28,"turns":9},{"damage":12,"enemies":"Snake Plant","floor":29,"turns":3}],"seed_played":"5197813621595258001","potions_obtained":[{"floor":1,"key":"SpeedPotion"},{"floor":7,"key":"LiquidBronze"},{"floor":8,"key":"Dexterity Potion"},{"floor":22,"key":"PowerPotion"}],"is_trial":false,"path_per_floor":["M","M","?","$","?","R","E","M","T","R","$","E","?","M","R","B",null,"M","?","$","?","M","E","R","M","T","R","M","M"],"character_chosen":"DEFECT","items_purchased":["Defragment","Conserve Battery","Storm","Coolheaded"],"campfire_rested":3,"item_purchase_floors":[4,11,20,20],"current_hp_per_floor":[58,58,58,58,58,58,38,37,37,58,58,22,22,20,41,27,60,60,40,40,40,12,6,28,30,30,30,11,0],"gold":116,"neow_bonus":"THREE_CARDS","is_prod":false,"is_daily":false,"chose_seed":false,"campfire_upgraded":2,"win_rate":0,"timestamp":1547692141,"path_taken":["M","M","?","$","?","R","E","M","T","R","$","E","?","M","R","BOSS","M","?","$","?","M","E","R","M","T","R","M","M"],"build_version":"2019-01-16","purchased_purges":1,"victory":false,"max_hp_per_floor":[71,71,71,71,71,71,71,71,71,71,71,71,71,71,71,71,71,71,76,76,76,76,76,76,78,78,78,78,78],"card_choices":[{"not_picked":["Glacier","Melter"],"picked":"Ball Lightning","floor":0},{"not_picked":["Melter","Sweeping Beam"],"picked":"Loop","floor":1},{"not_picked":["Reinforced Body","Go for the Eyes"],"picked":"Genetic Algorithm","floor":2},{"not_picked":["Rebound","Hello World"],"picked":"Ball Lightning","floor":7},{"not_picked":["Stack","Rebound"],"picked":"Chill","floor":8},{"not_picked":["White Noise","Rebound"],"picked":"Rainbow","floor":10},{"not_picked":["Gash","Ball Lightning"],"picked":"Cold Snap","floor":12},{"not_picked":["Barrage","Stack"],"picked":"Echo Form","floor":14},{"not_picked":["Seek","Biased Cognition"],"picked":"Electrodynamics","floor":16},{"not_picked":["Reinforced Body","Aggregate+1","Chill"],"picked":"SKIP","floor":18},{"not_picked":["Tempest","Beam Cell","Rebound"],"picked":"SKIP","floor":22},{"not_picked":["Coolheaded","Streamline"],"picked":"Buffer","floor":23},{"not_picked":["Redo+1","Steam"],"picked":"Self Repair","floor":24},{"not_picked":["Blizzard","Streamline+1","Barrage"],"picked":"Singing Bowl","floor":25},{"not_picked":["Streamline","Stack"],"picked":"Force Field","floor":28}],"player_experience":463696,"relics_obtained":[{"floor":7,"key":"Shuriken"},{"floor":9,"key":"Dream Catcher"},{"floor":12,"key":"The Courier"},{"floor":23,"key":"Singing Bowl"},{"floor":26,"key":"Pantograph"}],"event_choices":[{"damage_healed":0,"gold_gain":0,"player_choice":"Box","damage_taken":0,"relics_obtained":["Pen Nib"],"max_hp_gain":0,"max_hp_loss":0,"event_name":"Big Fish","floor":3,"gold_loss":0,"cards_obtained":["Regret"]},{"damage_healed":0,"gold_gain":0,"player_choice":"Grow","damage_taken":0,"max_hp_gain":0,"max_hp_loss":0,"event_name":"Living Wall","floor":5,"gold_loss":0,"cards_upgraded":["Defragment"]},{"damage_healed":0,"gold_gain":0,"player_choice":"Left Gold","damage_taken":0,"max_hp_gain":0,"max_hp_loss":0,"event_name":"World of Goop","floor":13,"gold_loss":70},{"damage_healed":0,"gold_gain":0,"player_choice":"Shed Blood","damage_taken":25,"max_hp_gain":5,"max_hp_loss":0,"event_name":"Forgotten Altar","floor":19,"gold_loss":0},{"damage_healed":0,"gold_gain":0,"player_choice":"Upgraded","damage_taken":0,"max_hp_gain":0,"max_hp_loss":0,"event_name":"Upgrade Shrine","floor":21,"gold_loss":0,"cards_upgraded":["Storm"]}],"is_beta":true,"boss_relics":[{"not_picked":["Calling Bell","Ectoplasm"],"picked":"Velvet Choker"}],"items_purged_floors":[4],"is_endless":false,"potions_floor_spawned":[1,7,8,12,18,22],"killed_by":"Snake Plant","ascension_level":19}