{"gold_per_floor":[109,184,184,154,164,164,189,189,239,259,275,303,315,361,373,487,499,530,559,213,226,241,269,269,299,344,379,379,395,414,441,441,441],"floor_reached":33,"playtime":1537,"items_purged":["Strike_R"],"score":574,"play_id":"df1211a6-b6c3-4693-8add-3bc01312a4ce","local_time":"20190304212755","is_ascension_mode":true,"campfire_choices":[{"data":"Battle Trance","floor":6,"key":"SMITH"},{"data":"Bash","floor":8,"key":"SMITH"},{"data":"Flame Barrier","floor":13,"key":"SMITH"},{"data":"Uppercut","floor":15,"key":"SMITH"},{"floor":24,"key":"REST"},{"data":"Fiend Fire","floor":28,"key":"SMITH"},{"data":"Inflame","floor":32,"key":"SMITH"}],"neow_cost":"NONE","seed_source_timestamp":688679918323600,"circlet_count":0,"master_deck":["AscendersBane","Strike_R","Strike_R","Strike_R","Strike_R+1","Defend_R","Defend_R","Defend_R","Defend_R","Bash+1","Cleave","Battle Trance+1","Flame Barrier+1","Reckless Charge+1","Uppercut+1","Evolve","Fiend Fire+1","Wild Strike","Shrug It Off","Battle Trance","Inflame+1","Flex+1","Immolate","Reaper","Shrug It Off","Disarm","Ghostly Armor","Double Tap"],"relics":["Burning Blood","NeowsBlessing","Dodecahedron","Bottled Lightning","MawBank","Red Skull","Sozu","Membership Card","PreservedInsect","Incense Burner","Juzu Bracelet","Pen Nib","Blood Vial","Whetstone"],"potions_floor_usage":[3,12,16,19],"damage_taken":[{"damage":0,"enemies":"2 Louse","floor":1,"turns":1},{"damage":0,"enemies":"Jaw Worm","floor":5,"turns":1},{"damage":0,"enemies":"3 Sentries","floor":7,"turns":1},{"damage":13,"enemies":"Small Slimes","floor":10,"turns":4},{"damage":7,"enemies":"Exordium Wildlife","floor":11,"turns":5},{"damage":21,"enemies":"Gremlin Nob","floor":12,"turns":4},{"damage":20,"enemies":"Lagavulin","floor":14,"turns":5},{"damage":30,"enemies":"Slime Boss","floor":16,"turns":6},{"damage":12,"enemies":"Chosen","floor":18,"turns":3},{"damage":12,"enemies":"3 Byrds","floor":19,"turns":6},{"damage":30,"enemies":"Shelled Parasite and Fungi","floor":21,"turns":6},{"damage":0,"enemies":"Chosen and Byrds","floor":22,"turns":2},{"damage":12,"enemies":"Slavers","floor":23,"turns":4},{"damage":30,"enemies":"Gremlin Leader","floor":25,"turns":3},{"damage":20,"enemies":"Slavers","floor":27,"turns":3},{"damage":16,"enemies":"Snake Plant","floor":29,"turns":3},{"damage":0,"enemies":"Sentry and Sphere","floor":30,"turns":3},{"damage":17,"enemies":"Book of Stabbing","floor":31,"turns":6},{"damage":79,"enemies":"Champ","floor":33,"turns":10}],"seed_played":"-8412223782877344576","potions_obtained":[{"floor":1,"key":"Fruit Juice"},{"floor":4,"key":"AttackPotion"},{"floor":4,"key":"FairyPotion"},{"floor":5,"key":"Swift Potion"},{"floor":12,"key":"SteroidPotion"}],"is_trial":false,"path_per_floor":["M","?","T","?","M","R","E","R","T","M","M","E","R","E","R","B",null,"M","M","$","M","M","E","R","E","T","E","R","M","M","E","R","B"],"character_chosen":"IRONCLAD","items_purchased":["Membership Card","PreservedInsect","Battle Trance","Inflame"],"campfire_rested":1,"item_purchase_floors":[20,20,20,20],"current_hp_per_floor":[78,67,72,72,78,78,84,84,84,77,76,61,61,47,47,23,70,64,58,58,34,40,34,59,35,35,39,39,31,48,48,48,0],"gold":441,"neow_bonus":"THREE_ENEMY_KILL","is_prod":false,"is_daily":false,"chose_seed":false,"campfire_upgraded":6,"win_rate":0,"timestamp":1551752875,"path_taken":["M","?","?","?","?","R","E","R","T","M","M","E","R","E","R","BOSS","M","M","$","M","M","E","R","E","T","E","R","M","M","E","R","BOSS"],"build_version":"2019-02-06","purchased_purges":1,"victory":false,"max_hp_per_floor":[80,80,85,85,85,85,85,85,85,85,85,85,85,85,85,85,85,85,85,85,85,85,85,85,85,85,85,85,85,85,85,85,85],"card_choices":[{"not_picked":["Searing Blow","Thunderclap"],"picked":"Cleave","floor":1},{"not_picked":["Combust","Reckless Charge"],"picked":"Battle Trance","floor":5},{"not_picked":["Body Slam","Perfected Strike","Heavy Blade"],"picked":"SKIP","floor":7},{"not_picked":["Wild Strike","Anger"],"picked":"Flame Barrier","floor":10},{"not_picked":["Flame Barrier","Entrench"],"picked":"Reckless Charge","floor":11},{"not_picked":["Pummel","Cleave"],"picked":"Uppercut","floor":12},{"not_picked":["Havoc","Armaments"],"picked":"Evolve","floor":14},{"not_picked":["Barricade","Offering"],"picked":"Fiend Fire","floor":16},{"not_picked":["Twin Strike","Bloodletting"],"picked":"Wild Strike","floor":18},{"not_picked":["Shockwave","Havoc"],"picked":"Shrug It Off","floor":19},{"not_picked":["Iron Wave","Carnage","Evolve"],"picked":"SKIP","floor":21},{"not_picked":["Havoc+1","Barricade"],"picked":"Flex+1","floor":22},{"not_picked":["Flex","Wild Strike"],"picked":"Immolate","floor":23},{"not_picked":["Metallicize","Headbutt"],"picked":"Reaper","floor":25},{"not_picked":["Armaments","Dark Embrace"],"picked":"Shrug It Off","floor":27},{"not_picked":["Heavy Blade","Thunderclap"],"picked":"Disarm","floor":29},{"not_picked":["Fire Breathing","Wild Strike"],"picked":"Ghostly Armor","floor":30},{"not_picked":["Clash","Pummel"],"picked":"Double Tap","floor":31}],"player_experience":536016,"relics_obtained":[{"floor":3,"key":"Dodecahedron"},{"floor":7,"key":"Bottled Lightning"},{"floor":12,"key":"MawBank"},{"floor":14,"key":"Red Skull"},{"floor":23,"key":"Incense Burner"},{"floor":25,"key":"Juzu Bracelet"},{"floor":26,"key":"Pen Nib"},{"floor":27,"key":"Blood Vial"},{"floor":31,"key":"Whetstone"}],"event_choices":[{"damage_healed":0,"gold_gain":75,"player_choice":"Gather Gold","damage_taken":11,"max_hp_gain":0,"max_hp_loss":0,"event_name":"World of Goop","floor":2,"gold_loss":0},{"damage_healed":0,"gold_gain":0,"player_choice":"Bought 2 Potions","damage_taken":0,"max_hp_gain":0,"max_hp_loss":0,"event_name":"The Woman in Blue","floor":4,"gold_loss":0}],"is_beta":true,"boss_relics":[{"not_picked":["Velvet Choker","Tiny House"],"picked":"Sozu"}],"items_purged_floors":[20],"is_endless":false,"potions_floor_spawned":[1,5,11,12,18,19,23,30,31],"killed_by":"Champ","ascension_level":11}