{"gold_per_floor":[109,184,197,197,2,14,45,58,58,58,87,87,115,127,127,228,228,246,272,272,197,197,197,229,244,244,277,287,319,331,358,370,486,498,520,532,557,15,33,67,85,112,112,112,128,143,143,169,169,169,169,169,44,71,71],"floor_reached":56,"playtime":4988,"items_purged":["Strike_B","Strike_B","Defend_B"],"score":1725,"play_id":"8d55b122-6462-4d33-9d74-9bccef471f97","local_time":"20190130194604","is_ascension_mode":true,"campfire_choices":[{"data":"Zap","floor":10.0,"key":"SMITH"},{"data":"Hologram","floor":15.0,"key":"SMITH"},{"data":"Dualcast","floor":23.0,"key":"SMITH"},{"data":"Capacitor","floor":30.0,"key":"SMITH"},{"floor":32.0,"key":"RECALL"},{"data":"Skim","floor":44.0,"key":"SMITH"},{"data":"Stack","floor":47.0,"key":"SMITH"},{"data":"Force Field","floor":49.0,"key":"SMITH"},{"data":"Echo Form","floor":52,"key":"SMITH"}],"neow_cost":"NONE","seed_source_timestamp":569305248984034,"circlet_count":0,"master_deck":["Defend_B","Defend_B","Zap+1","Dualcast+1","Beam Cell","Hologram+1","Skim+1","FTL","Finesse","Doom and Gloom","Conserve Battery","Capacitor+1","Self Repair","Self Repair","Streamline","All For One","Cold Snap+1","Go for the Eyes","Echo Form+1","Force Field+1","Steam+1","Beam Cell","Defragment+1","Turbo+1","Echo Form","Sunder+1","Fusion+1","Rebound","Stack+1","Leap+1","Coolheaded+1","Compile Driver+1","All For One","Steam+1","Coolheaded+1","Chaos+1","All For One"],"special_seed":0,"relics":["Cracked Core","Strawberry","Blue Candle","Pocketwatch","Cursed Key","Red Mask","Ancient Tea Set","Kunai","MawBank","Runic Pyramid","Toolbox","Happy Flower","Frozen Egg 2","Mercury Hourglass","DataDisk","Pantograph"],"potions_floor_usage":[55,55,55],"damage_taken":[{"damage":7.0,"enemies":"Jaw Worm","floor":1.0,"turns":3.0},{"damage":0.0,"enemies":"2 Louse","floor":3.0,"turns":2.0},{"damage":0.0,"enemies":"Cultist","floor":6.0,"turns":3.0},{"damage":11.0,"enemies":"Gremlin Nob","floor":7.0,"turns":3.0},{"damage":2.0,"enemies":"Blue Slaver","floor":8.0,"turns":4.0},{"damage":14.0,"enemies":"Lagavulin","floor":11.0,"turns":8.0},{"damage":21.0,"enemies":"3 Sentries","floor":13.0,"turns":6.0},{"damage":2.0,"enemies":"Gremlin Gang","floor":14.0,"turns":4.0},{"damage":23.0,"enemies":"Slime Boss","floor":16.0,"turns":7.0},{"damage":2.0,"enemies":"3 Byrds","floor":18.0,"turns":5.0},{"damage":41.0,"enemies":"Masked Bandits","floor":19.0,"turns":6.0},{"damage":22.0,"enemies":"Slavers","floor":24.0,"turns":5.0},{"damage":9.0,"enemies":"Spheric Guardian","floor":25.0,"turns":3.0},{"damage":37.0,"enemies":"Book of Stabbing","floor":27.0,"turns":6.0},{"damage":21.0,"enemies":"Shelled Parasite and Fungi","floor":28.0,"turns":6.0},{"damage":18.0,"enemies":"Gremlin Leader","floor":29.0,"turns":6.0},{"damage":14.0,"enemies":"Chosen and Byrds","floor":31.0,"turns":6.0},{"damage":0.0,"enemies":"Automaton","floor":33.0,"turns":6.0},{"damage":2.0,"enemies":"Orb Walker","floor":35.0,"turns":4.0},{"damage":5.0,"enemies":"3 Shapes","floor":37.0,"turns":4.0},{"damage":2.0,"enemies":"3 Darklings","floor":39.0,"turns":8.0},{"damage":21.0,"enemies":"Reptomancer","floor":40.0,"turns":5.0},{"damage":11.0,"enemies":"Maw","floor":41.0,"turns":5.0},{"damage":20.0,"enemies":"Giant Head","floor":42.0,"turns":6.0},{"damage":3.0,"enemies":"Writhing Mass","floor":45.0,"turns":6.0},{"damage":7.0,"enemies":"4 Shapes","floor":46.0,"turns":5.0},{"damage":0.0,"enemies":"Nemesis","floor":48.0,"turns":5.0},{"damage":25,"enemies":"Awakened One","floor":50,"turns":10},{"damage":33,"enemies":"Shield and Spear","floor":54,"turns":5},{"damage":65,"enemies":"The Heart","floor":55,"turns":6}],"seed_played":"3853353916820850178","potions_obtained":[{"floor":6.0,"key":"SmokeBomb"},{"floor":7.0,"key":"Regen Potion"},{"floor":8.0,"key":"Ancient Potion"},{"floor":12.0,"key":"Strength Potion"},{"floor":12.0,"key":"SpeedPotion"},{"floor":12.0,"key":"Fire Potion"},{"floor":14.0,"key":"Ancient Potion"},{"floor":16.0,"key":"AttackPotion"},{"floor":19.0,"key":"SpeedPotion"},{"floor":24.0,"key":"FocusPotion"},{"floor":25.0,"key":"Weak Potion"},{"floor":28.0,"key":"Dexterity Potion"},{"floor":33.0,"key":"Fire Potion"},{"floor":37.0,"key":"Swift Potion"},{"floor":40.0,"key":"PowerPotion"}],"is_trial":false,"path_per_floor":["M","?","M","?","$","M","E","M","T","R","E","?","E","M","R","B",null,"M","?","?","?","?","R","E","M","T","E","M","E","R","M","R","B",null,"M","?","M","$","M","E","M","E","T","R","M","M","R","E","R","B",null,"R","$","E","B",null],"character_chosen":"DEFECT","items_purchased":["FTL","Finesse","Toolbox","Happy Flower","Rebound","Stack"],"campfire_rested":0,"item_purchase_floors":[5,5,38,38,38,38],"current_hp_per_floor":[68,57,57,57,57,57,53,51,51,51,52,52,38,50,50,41,77,89,62,62,62,62,62,54,66,66,57,64,74,74,88,88,89,89,89,89,89,89,89,89,89,89,89,89,89,89,89,89,89,78,86,86,86,67,45],"gold":71,"neow_bonus":"TEN_PERCENT_HP_BONUS","is_prod":false,"is_daily":false,"chose_seed":false,"campfire_upgraded":8,"win_rate":0,"timestamp":1548895564,"path_taken":["M","?","M","?","$","M","E","?","T","R","E","?","E","?","R","BOSS","M","?","?","?","?","R","E","M","T","E","?","E","R","M","R","BOSS","M","?","M","$","M","E","M","E","T","R","M","M","R","E","R","BOSS","R","$","E","BOSS"],"build_version":"2019-01-23","purchased_purges":3,"victory":true,"max_hp_per_floor":[82,82,82,82,82,82,89,89,89,89,89,89,89,89,89,89,89,89,89,89,89,89,89,89,89,89,89,89,89,89,89,89,89,89,89,89,89,89,89,89,89,89,89,89,89,89,89,89,89,89,89,89,89,89,89],"card_choices":[{"not_picked":["Turbo","Redo"],"picked":"Beam Cell","floor":1.0},{"not_picked":["Go for the Eyes","Steam"],"picked":"Hologram","floor":3.0},{"not_picked":["Redo","Turbo"],"picked":"Doom and Gloom","floor":6.0},{"not_picked":["Barrage","Skim"],"picked":"Conserve Battery","floor":7.0},{"not_picked":["Steam","Compile Driver"],"picked":"Capacitor","floor":8.0},{"not_picked":["Hologram","Hyperbeam"],"picked":"Self Repair","floor":11.0},{"not_picked":["Steam Power","Core Surge"],"picked":"Self Repair","floor":13.0},{"not_picked":["Turbo","Storm"],"picked":"Streamline","floor":14.0},{"not_picked":["Reboot","Echo Form"],"picked":"All For One","floor":16.0},{"not_picked":["Streamline","Ball Lightning"],"picked":"Cold Snap+1","floor":18.0},{"not_picked":["Steam Power","Sunder"],"picked":"Go for the Eyes","floor":19.0},{"not_picked":["White Noise+1","Stack+1"],"picked":"Echo Form","floor":24.0},{"not_picked":["Go for the Eyes","Turbo+1"],"picked":"Force Field","floor":25.0},{"not_picked":["Hello World","Electrodynamics"],"picked":"Steam+1","floor":27.0},{"not_picked":["Reprogram","Leap+1"],"picked":"Beam Cell","floor":28.0},{"not_picked":["Stack+1","Leap"],"picked":"Defragment+1","floor":29.0},{"not_picked":["Go for the Eyes","Cold Snap"],"picked":"Turbo+1","floor":31.0},{"not_picked":["Creative AI","Meteor Strike"],"picked":"Echo Form","floor":33.0},{"not_picked":["Compile Driver","Barrage+1"],"picked":"Sunder+1","floor":35.0},{"not_picked":["Genetic Algorithm+1","Leap"],"picked":"Fusion+1","floor":37.0},{"not_picked":["Reprogram","Hologram"],"picked":"Leap+1","floor":39.0},{"not_picked":["Streamline+1","Force Field"],"picked":"Coolheaded+1","floor":40.0},{"not_picked":["Auto Shields","Doom and Gloom+1"],"picked":"Compile Driver+1","floor":41.0},{"not_picked":["Fusion+1","Cold Snap"],"picked":"All For One","floor":42.0},{"not_picked":["Lockon","Tempest"],"picked":"Steam+1","floor":45.0},{"not_picked":["Steam","Turbo"],"picked":"Coolheaded+1","floor":46.0},{"not_picked":["Consume","Reinforced Body+1"],"picked":"Chaos+1","floor":48.0},{"not_picked":["Compile Driver+1","Sweeping Beam+1"],"picked":"All For One","floor":54}],"player_experience":254355,"relics_obtained":[{"floor":7.0,"key":"Strawberry"},{"floor":11.0,"key":"Blue Candle"},{"floor":13.0,"key":"Pocketwatch"},{"floor":19.0,"key":"Red Mask"},{"floor":24.0,"key":"Ancient Tea Set"},{"floor":27.0,"key":"Kunai"},{"floor":29.0,"key":"MawBank"},{"floor":40.0,"key":"Frozen Egg 2"},{"floor":42.0,"key":"Mercury Hourglass"},{"floor":48.0,"key":"DataDisk"},{"floor":54,"key":"Pantograph"}],"event_choices":[{"damage_healed":0.0,"max_hp_gain":0.0,"max_hp_loss":0.0,"gold_gain":75.0,"event_name":"World of Goop","player_choice":"Gather Gold","floor":2.0,"gold_loss":0.0,"damage_taken":11.0},{"damage_healed":0.0,"max_hp_gain":0.0,"max_hp_loss":0.0,"gold_gain":0.0,"cards_transformed":["Strike_B"],"event_name":"Transmorgrifier","player_choice":"Transformed","floor":4.0,"gold_loss":0.0,"damage_taken":0.0,"cards_obtained":["Skim"]},{"damage_healed":0.0,"max_hp_gain":0.0,"max_hp_loss":0.0,"gold_gain":0.0,"event_name":"Lab","player_choice":"Got Potions","floor":12.0,"gold_loss":0.0,"damage_taken":0.0},{"damage_healed":0.0,"max_hp_gain":0.0,"max_hp_loss":0.0,"gold_gain":0.0,"event_name":"Masked Bandits","player_choice":"Fought Bandits","floor":19.0,"gold_loss":0.0,"damage_taken":0.0},{"damage_healed":0.0,"max_hp_gain":0.0,"max_hp_loss":0.0,"gold_gain":0.0,"event_name":"The Mausoleum","player_choice":"Ignored","floor":20.0,"gold_loss":0.0,"damage_taken":0.0},{"cards_removed":["Strike_B"],"damage_healed":0.0,"max_hp_gain":0.0,"max_hp_loss":0.0,"gold_gain":0.0,"event_name":"Beggar","player_choice":"Gave Gold","floor":21.0,"gold_loss":75.0,"damage_taken":0.0},{"damage_healed":0.0,"max_hp_gain":0.0,"max_hp_loss":0.0,"gold_gain":0.0,"event_name":"Vampires","player_choice":"Ignored","floor":22.0,"gold_loss":0.0,"damage_taken":0.0},{"cards_removed":["Defend_B"],"damage_healed":0.0,"max_hp_gain":0.0,"max_hp_loss":0.0,"gold_gain":0.0,"event_name":"Falling","player_choice":"Removed Skill","floor":36.0,"gold_loss":0.0,"damage_taken":0.0}],"is_beta":false,"boss_relics":[{"not_picked":["Pandora\u0027s Box","Nuclear Battery"],"picked":"Cursed Key"},{"not_picked":["Astrolabe","Empty Cage"],"picked":"Runic Pyramid"}],"items_purged_floors":[5,38,53],"is_endless":false,"potions_floor_spawned":[6,7,8,14,16,19,24,25,28,33,37,40,41,46,48],"ascension_level":6}