{"gold_per_floor":[113,113,12,30,30,30,30,30,57,76,76,88,107,117,117,117],"floor_reached":16,"playtime":382,"items_purged":["Strike_R"],"score":92,"play_id":"12be7242-b016-4315-b3f9-82817e4dc29f","local_time":"20180904153349","is_ascension_mode":false,"campfire_choices":[{"data":"True Grit","floor":6,"key":"SMITH"},{"data":"Ghostly Armor","floor":8,"key":"SMITH"},{"data":"Entrench","floor":15,"key":"SMITH"}],"neow_cost":"NONE","seed_source_timestamp":208106484871428,"circlet_count":0,"master_deck":["Strike_R","Strike_R","Strike_R","Defend_R","Defend_R","Defend_R","Defend_R","Bash","Ghostly Armor+1","True Grit+1","Entrench+1"],"relics":["Burning Blood","Omamori","Mango","Centennial Puzzle"],"potions_floor_usage":[],"damage_taken":[{"damage":5,"enemies":"2 Louse","floor":1,"turns":2},{"damage":9,"enemies":"Cultist","floor":4,"turns":5},{"damage":2,"enemies":"Small Slimes","floor":10,"turns":4},{"damage":1,"enemies":"2 Fungi Beasts","floor":12,"turns":5},{"damage":0,"enemies":"Red Slaver","floor":13,"turns":6},{"damage":21,"enemies":"Lots of Slimes","floor":14,"turns":9},{"damage":29,"enemies":"The Guardian","floor":16,"turns":7}],"seed_played":"1536679806999255536","potions_obtained":[{"floor":1,"key":"FearPotion"},{"floor":12,"key":"GamblersBrew"},{"floor":14,"key":"Swift Potion"}],"is_trial":false,"path_per_floor":["M","?","$","M","?","R","$","R","T","M","$","M","M","M","R"],"character_chosen":"IRONCLAD","items_purchased":["True Grit"],"campfire_rested":0,"item_purchase_floors":[3],"current_hp_per_floor":[80,94,94,91,91,91,91,91,91,94,94,94,94,79,79,50],"gold":117,"neow_bonus":"RANDOM_COMMON_RELIC","is_prod":false,"is_daily":false,"chose_seed":false,"campfire_upgraded":3,"win_rate":0,"timestamp":1536042829,"path_taken":["M","?","$","M","?","R","$","R","T","?","$","M","?","M","R","BOSS"],"build_version":"2018-08-30","purchased_purges":1,"victory":false,"max_hp_per_floor":[80,94,94,94,94,94,94,94,94,94,94,94,94,94,94,94],"card_choices":[{"not_picked":["Pummel","Heavy Blade"],"picked":"Ghostly Armor","floor":1},{"not_picked":["Perfected Strike","Havoc","Warcry"],"picked":"SKIP","floor":4},{"not_picked":["Cleave","Flex"],"picked":"Entrench","floor":10},{"not_picked":["Sentinel","Uppercut","Second Wind"],"picked":"SKIP","floor":12},{"not_picked":["Twin Strike","Warcry","Thunderclap"],"picked":"SKIP","floor":13},{"not_picked":["Seeing Red","Dropkick","Flex"],"picked":"SKIP","floor":14}],"player_experience":630200,"relics_obtained":[{"floor":9,"key":"Centennial Puzzle"}],"event_choices":[{"event_name":"WeMeetAgain","player_choice":"Potion","floor":2,"damage_taken":0},{"event_name":"Living Wall","player_choice":"Forget","floor":5,"damage_taken":0}],"is_beta":false,"boss_relics":[],"items_purged_floors":[3],"is_endless":false,"potions_floor_spawned":[1,12,14],"killed_by":"The Guardian","ascension_level":0}