{"gold_per_floor":[114,129,129,25,25,25,41,54,54,66,66,94,94,105,105,202,202,222,4,22,22,22,53,53,69,150,150,162,162,181,207,207,306,356,368,47,47,59,76,76,104,104,104,121,136,136,153,153,153,153],"floor_reached":51,"playtime":4085,"items_purged":[],"score":1068,"play_id":"3711d036-38ff-4070-ba52-5a137eea3edb","local_time":"20190307011259","is_ascension_mode":true,"campfire_choices":[{"floor":6,"key":"REST"},{"floor":11,"key":"REST"},{"data":"Defragment","floor":15,"key":"SMITH"},{"data":"Defragment","floor":24,"key":"SMITH"},{"data":"Capacitor","floor":27,"key":"SMITH"},{"data":"Blizzard","floor":29,"key":"SMITH"},{"data":"Dualcast","floor":32,"key":"SMITH"},{"data":"Defragment","floor":40,"key":"SMITH"},{"data":"Buffer","floor":42,"key":"SMITH"},{"data":"Zap","floor":46,"key":"SMITH"},{"data":"Leap","floor":49,"key":"SMITH"}],"neow_cost":"PERCENT_DAMAGE","seed_source_timestamp":79460335422380,"circlet_count":0,"master_deck":["Strike_B","Strike_B","Strike_B","Strike_B+1","Defend_B+1","Defend_B","Defend_B","Defend_B+1","Zap+1","Dualcast+1","Defragment+1","Defragment+1","FTL","Cold Snap","Leap+1","Self Repair","Redo+1","Capacitor+1","Blizzard+1","Coolheaded+1","Conserve Battery+1","Buffer+1","Defragment+1","Hologram+1","Coolheaded+1"],"relics":["FrozenCore","Calipers","Dodecahedron","Letter Opener","Orichalcum","Nunchaku","Gremlin Horn","Mercury Hourglass","Tiny House","Symbiotic Virus","Smiling Mask","Frozen Egg 2"],"potions_floor_usage":[12,16,16,28,33,33,33,45,47,50,50],"damage_taken":[{"damage":1,"enemies":"Cultist","floor":1,"turns":3},{"damage":7,"enemies":"2 Louse","floor":2,"turns":2},{"damage":7,"enemies":"Jaw Worm","floor":7,"turns":3},{"damage":11,"enemies":"3 Louse","floor":8,"turns":3},{"damage":5,"enemies":"Blue Slaver","floor":10,"turns":4},{"damage":14,"enemies":"Gremlin Nob","floor":12,"turns":4},{"damage":9,"enemies":"Exordium Wildlife","floor":14,"turns":6},{"damage":0,"enemies":"The Guardian","floor":16,"turns":12},{"damage":3,"enemies":"3 Byrds","floor":18,"turns":8},{"damage":7,"enemies":"Spheric Guardian","floor":20,"turns":8},{"damage":12,"enemies":"Book of Stabbing","floor":23,"turns":8},{"damage":0,"enemies":"Centurion and Healer","floor":25,"turns":9},{"damage":5,"enemies":"Snake Plant","floor":28,"turns":6},{"damage":0,"enemies":"3 Cultists","floor":30,"turns":5},{"damage":8,"enemies":"Gremlin Leader","floor":31,"turns":7},{"damage":0,"enemies":"Champ","floor":33,"turns":14},{"damage":0,"enemies":"Orb Walker","floor":35,"turns":5},{"damage":3,"enemies":"3 Shapes","floor":38,"turns":4},{"damage":14,"enemies":"3 Darklings","floor":39,"turns":6},{"damage":4,"enemies":"Giant Head","floor":41,"turns":13},{"damage":8,"enemies":"4 Shapes","floor":44,"turns":8},{"damage":0,"enemies":"Maw","floor":45,"turns":9},{"damage":12,"enemies":"Transient","floor":47,"turns":5},{"damage":0,"enemies":"Donu and Deca","floor":50,"turns":14}],"seed_played":"-1711457080844927926","potions_obtained":[{"floor":1,"key":"GamblersBrew"},{"floor":12,"key":"Strength Potion"},{"floor":14,"key":"EssenceOfSteel"},{"floor":20,"key":"Weak Potion"},{"floor":23,"key":"EssenceOfSteel"},{"floor":31,"key":"Strength Potion"},{"floor":34,"key":"GamblersBrew"},{"floor":38,"key":"GamblersBrew"},{"floor":44,"key":"SteroidPotion"},{"floor":47,"key":"EssenceOfSteel"}],"is_trial":false,"path_per_floor":["M","M","?","$","?","R","M","M","T","M","R","E","?","M","R","B",null,"M","$","M","?","?","E","R","M","T","R","M","R","M","E","R","B",null,"M","$","?","M","M","R","E","R","T","M","M","R","M","?","R","B",null],"character_chosen":"DEFECT","items_purchased":["PowerPotion","Weak Potion","Orichalcum","Capacitor","Defragment","Symbiotic Virus"],"campfire_rested":2,"item_purchase_floors":[4,4,19,19,36,36],"current_hp_per_floor":[67,60,42,42,24,50,43,32,32,27,53,39,39,30,30,37,89,89,89,89,72,104,99,99,104,104,104,104,104,104,103,103,104,109,109,109,109,109,102,102,105,105,105,104,109,109,104,104,104,104],"gold":153,"neow_bonus":"TWENTY_PERCENT_HP_BONUS","is_prod":false,"is_daily":false,"chose_seed":false,"campfire_upgraded":9,"win_rate":0,"timestamp":1551942779,"path_taken":["M","?","?","$","?","R","M","M","T","M","R","E","?","M","R","BOSS","M","$","M","?","?","E","R","M","T","R","M","R","M","E","R","BOSS","M","$","?","M","M","R","E","R","T","M","?","R","?","?","R","BOSS"],"build_version":"2019-01-23","purchased_purges":0,"victory":true,"max_hp_per_floor":[89,89,89,89,89,89,89,89,89,89,89,89,89,89,89,89,89,89,89,89,94,104,104,104,104,104,104,104,104,104,104,104,104,109,109,109,109,109,109,109,109,109,109,109,109,109,109,104,104,104],"card_choices":[{"not_picked":["Consume","Hologram"],"picked":"Defragment","floor":1},{"not_picked":["Lockon","Doom and Gloom"],"picked":"Defragment","floor":2},{"not_picked":["Consume","Gash"],"picked":"FTL","floor":7},{"not_picked":["Sunder","Turbo"],"picked":"Cold Snap","floor":8},{"not_picked":["Leap","Tempest","Gash"],"picked":"SKIP","floor":10},{"not_picked":["Steam","Barrage"],"picked":"Leap","floor":12},{"not_picked":["Rebound","Ball Lightning"],"picked":"Self Repair","floor":14},{"not_picked":["Creative AI","Biased Cognition"],"picked":"Fission","floor":16},{"not_picked":["Barrage+1","Storm"],"picked":"Redo+1","floor":18},{"not_picked":["Steam","Sweeping Beam"],"picked":"Blizzard","floor":20},{"not_picked":["Amplify","Rebound"],"picked":"Coolheaded+1","floor":23},{"not_picked":["Coolheaded","Turbo+1","Gash"],"picked":"SKIP","floor":25},{"not_picked":["Reprogram","Darkness+1"],"picked":"Conserve Battery+1","floor":28},{"not_picked":["Turbo","FTL","Redo"],"picked":"SKIP","floor":30},{"not_picked":["Aggregate","Leap+1","Stack"],"picked":"SKIP","floor":31},{"not_picked":["All For One","Meteor Strike"],"picked":"Buffer","floor":33},{"not_picked":["Sweeping Beam","BootSequence+1","Reprogram"],"picked":"SKIP","floor":35},{"not_picked":["Barrage+1","Storm","Beam Cell"],"picked":"SKIP","floor":38},{"not_picked":["Reprogram+1","Streamline+1","Recycle+1"],"picked":"SKIP","floor":39},{"not_picked":["FTL+1","Force Field+1"],"picked":"Hologram+1","floor":41},{"not_picked":["Go for the Eyes+1","Steam+1"],"picked":"Coolheaded+1","floor":44},{"not_picked":["Redo+1","Beam Cell","Streamline"],"picked":"SKIP","floor":45},{"not_picked":["Chill","Fission","Auto Shields"],"picked":"SKIP","floor":47}],"player_experience":237413,"relics_obtained":[{"floor":9,"key":"Dodecahedron"},{"floor":12,"key":"Letter Opener"},{"floor":23,"key":"Nunchaku"},{"floor":26,"key":"Gremlin Horn"},{"floor":31,"key":"Mercury Hourglass"},{"floor":41,"key":"Smiling Mask"},{"floor":43,"key":"Frozen Egg 2"}],"event_choices":[{"damage_healed":0,"gold_gain":0,"player_choice":"Success","damage_taken":18,"relics_obtained":["Calipers"],"max_hp_gain":0,"max_hp_loss":0,"event_name":"Scrap Ooze","floor":3,"gold_loss":0},{"damage_healed":0,"gold_gain":0,"player_choice":"Entered Light","damage_taken":18,"max_hp_gain":0,"max_hp_loss":0,"event_name":"Shining Light","floor":5,"gold_loss":0,"cards_upgraded":["Strike_B","Defend_B"]},{"damage_healed":0,"gold_gain":0,"player_choice":"Ignored","damage_taken":0,"max_hp_gain":0,"max_hp_loss":0,"event_name":"Golden Wing","floor":13,"gold_loss":0},{"damage_healed":0,"gold_gain":0,"player_choice":"Shed Blood","damage_taken":22,"max_hp_gain":5,"max_hp_loss":0,"event_name":"Forgotten Altar","floor":21,"gold_loss":0},{"cards_removed":["Fission"],"damage_healed":22,"gold_gain":0,"player_choice":"Offered Rare","damage_taken":0,"max_hp_gain":10,"max_hp_loss":0,"event_name":"Bonfire Elementals","floor":22,"gold_loss":0},{"damage_healed":0,"gold_gain":0,"player_choice":"Ignored","damage_taken":0,"max_hp_gain":0,"max_hp_loss":0,"event_name":"SecretPortal","floor":37,"gold_loss":0},{"damage_healed":0,"gold_gain":0,"player_choice":"Max HP","damage_taken":0,"max_hp_gain":0,"max_hp_loss":5,"event_name":"Winding Halls","floor":48,"gold_loss":0}],"is_beta":false,"boss_relics":[{"not_picked":["Sozu","Empty Cage"],"picked":"FrozenCore"},{"not_picked":["White Beast Statue","Snecko Eye"],"picked":"Tiny House"}],"items_purged_floors":[],"is_endless":false,"potions_floor_spawned":[1,12,14,20,23,25,31,38,44,47],"ascension_level":4}