{"gold_per_floor":[116,116,128,28,103,135,153,163,187,221,221,237,272,290,290,392,392,404,329,339,354,104,104,154,179,202,227,240,240,256,287,287,287],"floor_reached":33,"playtime":1149,"items_purged":[],"score":370,"play_id":"4bf9c3d1-8012-4287-97d4-73556e6ef194","local_time":"20190228232304","is_ascension_mode":true,"campfire_choices":[{"floor":11.0,"key":"REST"},{"data":"Perfected Strike","floor":15.0,"key":"SMITH"},{"floor":23.0,"key":"REST"},{"floor":29,"key":"REST"},{"floor":32,"key":"REST"}],"neow_cost":"NONE","seed_source_timestamp":1392015240926012,"circlet_count":0,"master_deck":["Strike_R","Strike_R","Strike_R","Strike_R","Strike_R","Defend_R","Defend_R","Defend_R","Defend_R","Thunderclap","Pommel Strike","Corruption","Cleave","Perfected Strike+1","Perfected Strike","Double Tap","Twin Strike","Twin Strike","Wild Strike","Headbutt+1","Flame Barrier"],"special_seed":0,"relics":["Burning Blood","NeowsBlessing","Centennial Puzzle","Omamori","PreservedInsect","StoneCalendar","Black Star","Happy Flower","The Courier","Ancient Tea Set","Strawberry","Bronze Scales","Letter Opener","Boot","Anchor"],"potions_floor_usage":[27,27,31],"damage_taken":[{"damage":0.0,"enemies":"Small Slimes","floor":1.0,"turns":1.0},{"damage":0.0,"enemies":"Jaw Worm","floor":3.0,"turns":1.0},{"damage":0.0,"enemies":"3 Sentries","floor":6.0,"turns":1.0},{"damage":6.0,"enemies":"Cultist","floor":7.0,"turns":3.0},{"damage":37.0,"enemies":"Exordium Thugs","floor":8.0,"turns":5.0},{"damage":16.0,"enemies":"Lagavulin","floor":10.0,"turns":5.0},{"damage":5.0,"enemies":"Looter","floor":12.0,"turns":2.0},{"damage":14.0,"enemies":"Gremlin Nob","floor":13.0,"turns":3.0},{"damage":0.0,"enemies":"Gremlin Gang","floor":14.0,"turns":3.0},{"damage":54.0,"enemies":"Hexaghost","floor":16.0,"turns":7.0},{"damage":0.0,"enemies":"Spheric Guardian","floor":18.0,"turns":1.0},{"damage":22.0,"enemies":"3 Byrds","floor":20.0,"turns":4.0},{"damage":42.0,"enemies":"Shelled Parasite and Fungi","floor":21.0,"turns":4.0},{"damage":28,"enemies":"Slavers","floor":25,"turns":4},{"damage":25,"enemies":"Book of Stabbing","floor":27,"turns":3},{"damage":14,"enemies":"Chosen and Byrds","floor":28,"turns":5},{"damage":12,"enemies":"Centurion and Healer","floor":30,"turns":5},{"damage":17,"enemies":"Slavers","floor":31,"turns":3},{"damage":64,"enemies":"Champ","floor":33,"turns":9}],"seed_played":"3465610578073289073","potions_obtained":[{"floor":3.0,"key":"BloodPotion"},{"floor":6.0,"key":"Fire Potion"},{"floor":7.0,"key":"Weak Potion"},{"floor":10.0,"key":"Swift Potion"},{"floor":25,"key":"Strength Potion"},{"floor":30,"key":"Explosive Potion"}],"is_trial":false,"path_per_floor":["M","?","M","$","?","E","M","M","T","E","R","M","E","M","R","B",null,"M","?","M","M","$","R","?","E","T","E","M","R","M","E","R","B"],"character_chosen":"IRONCLAD","items_purchased":["Corruption","Cleave","Twin Strike","Wild Strike","Happy Flower"],"campfire_rested":4,"item_purchase_floors":[4,4,22,22,22],"current_hp_per_floor":[80,85,85,85,77,83,83,52,52,50,75,76,68,74,74,26,85,85,85,69,33,33,58,58,36,43,24,16,43,37,26,53,0],"gold":287,"neow_bonus":"THREE_ENEMY_KILL","is_prod":false,"is_daily":false,"chose_seed":false,"campfire_upgraded":1,"win_rate":0,"timestamp":1551414184,"path_taken":["M","?","M","$","?","E","?","M","T","E","R","M","E","M","R","BOSS","M","?","M","M","$","R","?","E","T","E","M","R","M","E","R","BOSS"],"build_version":"2019-01-23","purchased_purges":0,"victory":false,"max_hp_per_floor":[80,85,85,85,85,85,85,85,85,85,85,85,85,85,85,85,85,85,85,85,85,85,85,85,85,92,92,92,92,92,92,92,92],"card_choices":[{"not_picked":["Sword Boomerang","Rupture"],"picked":"Thunderclap","floor":1.0},{"not_picked":["Rage","Metallicize"],"picked":"Pommel Strike","floor":3.0},{"not_picked":["Reckless Charge","Warcry","Headbutt"],"picked":"SKIP","floor":6.0},{"not_picked":["Armaments","Hemokinesis"],"picked":"Perfected Strike","floor":7.0},{"not_picked":["Clash","Iron Wave","Pummel"],"picked":"SKIP","floor":8.0},{"not_picked":["Whirlwind","Warcry"],"picked":"Perfected Strike","floor":10.0},{"not_picked":["Iron Wave","Headbutt","Armaments"],"picked":"SKIP","floor":12.0},{"not_picked":["Havoc","Burning Pact","Flex"],"picked":"SKIP","floor":13.0},{"not_picked":["Brutality","Thunderclap","Second Wind"],"picked":"SKIP","floor":14.0},{"not_picked":["Immolate","Exhume"],"picked":"Double Tap","floor":16.0},{"not_picked":["Second Wind","Warcry","Reckless Charge"],"picked":"SKIP","floor":18.0},{"not_picked":["Armaments","Power Through"],"picked":"Twin Strike","floor":20.0},{"not_picked":["Inflame","Flex","Anger"],"picked":"SKIP","floor":21.0},{"not_picked":["Body Slam","Metallicize"],"picked":"Headbutt+1","floor":25},{"not_picked":["Anger+1","Sword Boomerang","Rupture+1"],"picked":"SKIP","floor":27},{"not_picked":["Seeing Red","Iron Wave","Flex"],"picked":"SKIP","floor":28},{"not_picked":["Metallicize","True Grit"],"picked":"Flame Barrier","floor":30},{"not_picked":["Bloodletting","Bludgeon","Seeing Red"],"picked":"SKIP","floor":31}],"player_experience":497988,"relics_obtained":[{"floor":6.0,"key":"Centennial Puzzle"},{"floor":9.0,"key":"Omamori"},{"floor":10.0,"key":"PreservedInsect"},{"floor":13.0,"key":"StoneCalendar"},{"floor":25,"key":"The Courier"},{"floor":25,"key":"Ancient Tea Set"},{"floor":26,"key":"Strawberry"},{"floor":27,"key":"Bronze Scales"},{"floor":27,"key":"Letter Opener"},{"floor":31,"key":"Boot"},{"floor":31,"key":"Anchor"}],"event_choices":[{"damage_healed":0.0,"max_hp_gain":5.0,"max_hp_loss":0.0,"gold_gain":0.0,"event_name":"Big Fish","player_choice":"Donut","floor":2.0,"gold_loss":0.0,"damage_taken":0.0},{"damage_healed":0.0,"max_hp_gain":0.0,"max_hp_loss":0.0,"gold_gain":75.0,"event_name":"FaceTrader","player_choice":"Touch","floor":5.0,"gold_loss":0.0,"damage_taken":8.0},{"cards_removed":["Bash"],"damage_healed":0.0,"max_hp_gain":0.0,"max_hp_loss":0.0,"gold_gain":0.0,"event_name":"Beggar","player_choice":"Gave Gold","floor":19.0,"gold_loss":75.0,"damage_taken":0.0},{"damage_healed":0.0,"max_hp_gain":0.0,"max_hp_loss":0.0,"gold_gain":100.0,"event_name":"The Joust","player_choice":"Bet on Murderer","floor":24.0,"gold_loss":50.0,"damage_taken":0.0}],"is_beta":false,"boss_relics":[{"not_picked":["Cursed Key","Fusion Hammer"],"picked":"Black Star"}],"items_purged_floors":[],"is_endless":false,"potions_floor_spawned":[3,6,7,10,25,30],"killed_by":"Champ","ascension_level":1}