{"gold_per_floor":[115,130,147,161,174,206,224,224,224,235,235,32,32,32,32,155,155,168,183,183,308,342,385,54,73,73,73,73,28,28,72,72,198,198,211,433,452,452,466,466,499,499,499,514,534,567,583,606,606,606,606,606,67,101,101],"floor_reached":55,"playtime":2312,"items_purged":["Defend_B"],"score":819,"play_id":"aff90ccf-03c3-44e3-993c-f4193290ab12","local_time":"20190227033321","is_ascension_mode":false,"campfire_choices":[{"data":"Clawfect:ClawingBeam","floor":11,"key":"SMITH"},{"data":"Gash","floor":15,"key":"SMITH"},{"data":"Self Repair","floor":27,"key":"SMITH"},{"data":"Hologram","floor":30,"key":"SMITH"},{"data":"Gash","floor":32,"key":"SMITH"},{"data":"Fission","floor":40,"key":"SMITH"},{"data":"Gash","floor":42,"key":"SMITH"},{"floor":49,"key":"RECALL"},{"data":"Clawfect:ScrapingClaw","floor":52,"key":"SMITH"}],"neow_cost":"NONE","seed_source_timestamp":1789661194370500,"circlet_count":0,"master_deck":["Gash+1","Gash+1","Gash+1","Gash+1","Gash","Defend_B+1","Defend_B+1","Clawfect:ClawingBeam+1","Glacier+1","Multi-Cast","Hologram+1","Rebound","Clawfect:ClawSnap","Rebound","Clawfect:ClawForTheEyes","Clawfect:ClawForOne","Self Repair+1","Clawfect:ClawpileDriver","Clawfect:ClawingBeam","Reinforced Body+1","Fission+1","Clawfect:ClawSnap+1","Gash+1","Clawfect:ScrapingClaw+1","Defragment+1","Clawfect:ClawAndTear","Clawfect:ClawSnap"],"relics":["Busted Crown","War Paint","Pocketwatch","Runic Capacitor","Golden Idol","Coffee Dripper","Du-Vu Doll","Cables","Red Mask","Emotion Chip","Meat on the Bone","MutagenicStrength","Frozen Egg 2","Nuclear Battery","Gremlin Horn","Thread and Needle","Omamori","Boot","Medical Kit","Bottled Flame"],"potions_floor_usage":[16,16,21,21,50,55,55],"damage_taken":[{"damage":0,"enemies":"Small Slimes","floor":1,"turns":4},{"damage":0,"enemies":"Cultist","floor":2,"turns":4},{"damage":6,"enemies":"2 Louse","floor":3,"turns":3},{"damage":1,"enemies":"Large Slime","floor":4,"turns":4},{"damage":4,"enemies":"Exordium Wildlife","floor":5,"turns":4},{"damage":7,"enemies":"Lagavulin","floor":6,"turns":6},{"damage":0,"enemies":"Looter","floor":7,"turns":4},{"damage":0,"enemies":"3 Louse","floor":10,"turns":3},{"damage":0,"enemies":"Slime Boss","floor":16,"turns":4},{"damage":0,"enemies":"Spheric Guardian","floor":18,"turns":4},{"damage":5,"enemies":"Chosen","floor":19,"turns":4},{"damage":0,"enemies":"Colosseum Slavers","floor":21,"turns":4},{"damage":5,"enemies":"Colosseum Nobs","floor":21,"turns":5},{"damage":20,"enemies":"Masked Bandits","floor":22,"turns":5},{"damage":2,"enemies":"Slavers","floor":23,"turns":6},{"damage":0,"enemies":"Centurion and Healer","floor":25,"turns":5},{"damage":3,"enemies":"Book of Stabbing","floor":31,"turns":3},{"damage":15,"enemies":"Collector","floor":33,"turns":4},{"damage":6,"enemies":"3 Darklings","floor":35,"turns":3},{"damage":0,"enemies":"Orb Walker","floor":37,"turns":3},{"damage":0,"enemies":"Jaw Worm Horde","floor":39,"turns":2},{"damage":9,"enemies":"Giant Head","floor":41,"turns":4},{"damage":2,"enemies":"Sphere and 2 Shapes","floor":44,"turns":3},{"damage":3,"enemies":"Writhing Mass","floor":45,"turns":6},{"damage":1,"enemies":"Nemesis","floor":46,"turns":3},{"damage":8,"enemies":"Jaw Worm Horde","floor":47,"turns":3},{"damage":14,"enemies":"4 Shapes","floor":48,"turns":4},{"damage":15,"enemies":"Awakened One","floor":50,"turns":6},{"damage":2,"enemies":"Shield and Spear","floor":54,"turns":3},{"damage":82,"enemies":"The Heart","floor":55,"turns":3}],"seed_played":"5096014957974811915","potions_obtained":[{"floor":2,"key":"Energy Potion"},{"floor":3,"key":"GamblersBrew"},{"floor":6,"key":"Swift Potion"},{"floor":16,"key":"Fire Potion"},{"floor":18,"key":"Strength Potion"},{"floor":19,"key":"FocusPotion"},{"floor":25,"key":"Ancient Potion"},{"floor":33,"key":"AttackPotion"},{"floor":35,"key":"Block Potion"},{"floor":44,"key":"Regen Potion"},{"floor":48,"key":"Dexterity Potion"}],"is_trial":false,"path_per_floor":["M","M","M","M","M","E","M","?","T","M","R","$","?","?","R","B",null,"M","M","?","?","?","E","$","M","T","R","?","$","R","E","R","B",null,"M","?","M","T","M","R","E","R","T","M","M","E","M","M","R","B",null,"R","$","E","B"],"character_chosen":"DEFECT","items_purchased":["Runic Capacitor","Clawfect:ClawForTheEyes","Clawfect:ClawForOne","Self Repair","Clawfect:ClawingBeam","Defragment+1","Boot","Medical Kit","Clawfect:ClawAndTear","Clawfect:ClawSnap"],"campfire_rested":0,"item_purchase_floors":[12,24,24,24,29,53,53,53,53,53],"current_hp_per_floor":[75,75,69,68,64,57,57,57,57,57,57,57,39,24,24,24,75,75,70,70,65,45,43,43,50,50,50,50,50,50,57,57,42,75,75,75,75,75,75,75,75,75,75,75,75,75,75,71,71,66,75,75,75,75,0],"gold":101,"neow_bonus":"BOSS_RELIC","is_prod":false,"is_daily":false,"chose_seed":false,"campfire_upgraded":8,"win_rate":0,"timestamp":1551267201,"path_taken":["M","M","M","M","M","E","M","?","T","?","R","$","?","?","R","BOSS","M","M","?","?","?","E","$","M","T","R","?","?","R","E","R","BOSS","M","?","M","?","M","R","E","R","T","M","M","E","M","M","R","BOSS","R","$","E","BOSS"],"build_version":"2019-01-23","purchased_purges":1,"victory":false,"max_hp_per_floor":[75,75,75,75,75,75,75,75,75,75,75,75,75,75,75,75,75,75,75,75,75,75,75,75,75,75,75,75,75,75,75,75,75,75,75,75,75,75,75,75,75,75,75,75,75,75,75,75,75,75,75,75,75,75,75],"card_choices":[{"not_picked":["Turbo"],"picked":"SKIP","floor":1},{"not_picked":["Reprogram"],"picked":"SKIP","floor":2},{"not_picked":[],"picked":"Clawfect:ClawingBeam","floor":3},{"not_picked":["Turbo"],"picked":"SKIP","floor":4},{"not_picked":[],"picked":"Glacier","floor":5},{"not_picked":["Stack"],"picked":"SKIP","floor":6},{"not_picked":["Steam Power"],"picked":"SKIP","floor":7},{"not_picked":["Steam"],"picked":"SKIP","floor":10},{"not_picked":[],"picked":"Multi-Cast","floor":16},{"not_picked":[],"picked":"Hologram","floor":18},{"not_picked":["Steam+1"],"picked":"SKIP","floor":19},{"not_picked":[],"picked":"Rebound","floor":21},{"not_picked":[],"picked":"Clawfect:ClawSnap","floor":22},{"not_picked":[],"picked":"Rebound","floor":23},{"not_picked":[],"picked":"Clawfect:ClawpileDriver","floor":25},{"not_picked":[],"picked":"Reinforced Body+1","floor":31},{"not_picked":[],"picked":"Fission","floor":33},{"not_picked":["Clawfect:ClawLightning+1"],"picked":"SKIP","floor":35},{"not_picked":["Lockon+1"],"picked":"SKIP","floor":37},{"not_picked":["Conserve Battery"],"picked":"SKIP","floor":39},{"not_picked":["Stack"],"picked":"SKIP","floor":41},{"not_picked":[],"picked":"Clawfect:ClawSnap+1","floor":44},{"not_picked":[],"picked":"Gash+1","floor":45},{"not_picked":["Stack"],"picked":"SKIP","floor":46},{"not_picked":["Multi-Cast"],"picked":"SKIP","floor":47},{"not_picked":[],"picked":"Clawfect:ScrapingClaw","floor":48},{"not_picked":["Leap"],"picked":"SKIP","floor":54}],"player_experience":767954,"relics_obtained":[{"floor":6,"key":"War Paint"},{"floor":9,"key":"Pocketwatch"},{"floor":21,"key":"Du-Vu Doll"},{"floor":21,"key":"Cables"},{"floor":22,"key":"Red Mask"},{"floor":23,"key":"Emotion Chip"},{"floor":26,"key":"Meat on the Bone"},{"floor":31,"key":"Frozen Egg 2"},{"floor":38,"key":"Gremlin Horn"},{"floor":41,"key":"Thread and Needle"},{"floor":46,"key":"Omamori"},{"floor":54,"key":"Bottled Flame"}],"event_choices":[{"cards_removed":["Defend_B"],"damage_healed":0,"gold_gain":0,"player_choice":"Purged","damage_taken":0,"max_hp_gain":0,"max_hp_loss":0,"event_name":"Purifier","floor":8,"gold_loss":0},{"damage_healed":0,"gold_gain":0,"player_choice":"Take Damage","damage_taken":18,"relics_obtained":["Golden Idol"],"max_hp_gain":0,"max_hp_loss":0,"event_name":"Golden Idol","floor":13,"gold_loss":0},{"damage_healed":0,"gold_gain":0,"player_choice":"Entered Light","damage_taken":15,"max_hp_gain":0,"max_hp_loss":0,"event_name":"Shining Light","floor":14,"gold_loss":0,"cards_upgraded":["Gash","Glacier"]},{"cards_removed":["Defend_B"],"damage_healed":0,"gold_gain":0,"player_choice":"Elegance","damage_taken":0,"max_hp_gain":0,"max_hp_loss":0,"event_name":"Back to Basics","floor":20,"gold_loss":0},{"damage_healed":0,"gold_gain":0,"player_choice":"Fight","damage_taken":0,"max_hp_gain":0,"max_hp_loss":0,"event_name":"Colosseum","floor":21,"gold_loss":0},{"damage_healed":0,"gold_gain":0,"player_choice":"Fought Nobs","damage_taken":0,"max_hp_gain":0,"max_hp_loss":0,"event_name":"Colosseum","floor":21,"gold_loss":0},{"damage_healed":0,"gold_gain":0,"player_choice":"Fought Bandits","damage_taken":0,"max_hp_gain":0,"max_hp_loss":0,"event_name":"Masked Bandits","floor":22,"gold_loss":0},{"damage_healed":0,"gold_gain":0,"player_choice":"Inject Mutagens","damage_taken":0,"relics_obtained":["MutagenicStrength"],"max_hp_gain":0,"max_hp_loss":0,"event_name":"Drug Dealer","floor":28,"gold_loss":0},{"damage_healed":0,"gold_gain":222,"player_choice":"Wore Mask","damage_taken":0,"max_hp_gain":0,"max_hp_loss":0,"event_name":"Tomb of Lord Red Mask","floor":36,"gold_loss":0}],"is_beta":false,"boss_relics":[{"not_picked":["Astrolabe","Empty Cage"],"picked":"Coffee Dripper"},{"not_picked":["Pandora\u0027s Box","Cursed Key"],"picked":"Nuclear Battery"}],"items_purged_floors":[24],"is_endless":false,"potions_floor_spawned":[2,3,6,16,18,19,21,25,33,35,44,45,48],"killed_by":"The Heart","ascension_level":0}