{"gold_per_floor":[111,121,134,152,152,177,177,203,256,256],"floor_reached":10,"playtime":414,"items_purged":[],"score":90,"play_id":"d32786f2-1878-483f-b75e-353cf0063e5f","local_time":"20190205201919","is_ascension_mode":true,"campfire_choices":[{"data":"Dash","floor":7,"key":"SMITH"}],"neow_cost":"NONE","seed_source_timestamp":337638436834877,"circlet_count":0,"master_deck":["Defend_G","Defend_G","Defend_G","Defend_G","Defend_G","Strike_G","Strike_G","Strike_G","Strike_G","Survivor","Neutralize","PiercingWail","Slice","Masterful Stab","Escape Plan","Dash+1","Footwork"],"relics":["Ring of the Snake","NeowsBlessing","Centennial Puzzle","Bottled Lightning","Ancient Tea Set"],"potions_floor_usage":[6,8,10,10],"damage_taken":[{"damage":0,"enemies":"Cultist","floor":1,"turns":1},{"damage":0,"enemies":"2 Louse","floor":2,"turns":1},{"damage":0,"enemies":"Small Slimes","floor":3,"turns":1},{"damage":3,"enemies":"Looter","floor":4,"turns":3},{"damage":40,"enemies":"Gremlin Nob","floor":6,"turns":6},{"damage":14,"enemies":"Lagavulin","floor":8,"turns":10},{"damage":17,"enemies":"3 Sentries","floor":10,"turns":8}],"seed_played":"6997998439333154292","potions_obtained":[{"floor":1,"key":"Poison Potion"},{"floor":2,"key":"SkillPotion"},{"floor":6,"key":"Weak Potion"},{"floor":8,"key":"Ancient Potion"}],"is_trial":false,"path_per_floor":["M","M","M","M","?","E","R","E","T","E"],"character_chosen":"THE_SILENT","items_purchased":[],"campfire_rested":0,"item_purchase_floors":[],"current_hp_per_floor":[70,70,70,67,67,27,27,13,13,0],"gold":256,"neow_bonus":"THREE_ENEMY_KILL","is_prod":false,"is_daily":false,"chose_seed":false,"campfire_upgraded":1,"win_rate":0,"timestamp":1549387159,"path_taken":["M","?","M","M","?","E","R","E","T","E"],"build_version":"2019-01-23","purchased_purges":0,"victory":false,"max_hp_per_floor":[70,70,70,70,70,70,70,70,70,70],"card_choices":[{"not_picked":["Skewer","Slice"],"picked":"PiercingWail","floor":1},{"not_picked":["Acrobatics","Bane"],"picked":"Slice","floor":2},{"not_picked":["Prepared","Blade Dance"],"picked":"Masterful Stab","floor":3},{"not_picked":["Underhanded Strike","Acrobatics"],"picked":"Escape Plan","floor":4},{"not_picked":["Setup","Slice"],"picked":"Dash","floor":6},{"not_picked":["Skewer","Flying Knee"],"picked":"Footwork","floor":8}],"player_experience":256742,"relics_obtained":[{"floor":6,"key":"Centennial Puzzle"},{"floor":8,"key":"Bottled Lightning"},{"floor":9,"key":"Ancient Tea Set"}],"event_choices":[{"cards_removed":["Strike_G"],"damage_healed":0,"gold_gain":0,"player_choice":"Forget","damage_taken":0,"max_hp_gain":0,"max_hp_loss":0,"event_name":"Living Wall","floor":5,"gold_loss":0}],"is_beta":false,"boss_relics":[],"items_purged_floors":[],"is_endless":false,"potions_floor_spawned":[1,2,6,8],"killed_by":"3 Sentries","ascension_level":3}