{"gold_per_floor":[119,119,131,33,33,33,65,65,91,109,121,121,121,148,148,226,226,244,244,259,275,36,36,70,70,70,99,99,99,199,214,214,286,286,299,317,332,345,365,365,398,398,451,451,19,29,29,29,29,29,29],"floor_reached":51,"playtime":4217,"items_purged":["Strike_B","Defend_B"],"score":1496,"play_id":"d8cdad42-b174-4949-a107-2e4256820d76","local_time":"20190303044257","is_ascension_mode":true,"campfire_choices":[{"data":"Coolheaded","floor":6,"key":"SMITH"},{"floor":8,"key":"REST"},{"floor":13,"key":"DIG"},{"floor":15,"key":"REST"},{"floor":23,"key":"REST"},{"floor":25,"key":"REST"},{"floor":28,"key":"REST"},{"floor":32,"key":"DIG"},{"floor":40,"key":"DIG"},{"floor":42,"key":"DIG"},{"floor":49,"key":"RECALL"}],"neow_cost":"NONE","seed_source_timestamp":52402332227101,"circlet_count":0,"master_deck":["AscendersBane","Defend_B","Defend_B","Defend_B","Zap+1","Dualcast+1","Gash","Sweeping Beam","FTL","Coolheaded+1","Conserve Battery","Gash","Gash","Electrodynamics","Chill+1","Gash","Cold Snap+1","Bandage Up","FTL+1","Undo+1","Buffer","Chill+1","Beam Cell","All For One","Fission+1","White Noise+1","Steam Power+1","Ball Lightning+1","Blizzard+1","Gash","White Noise+1","Scrape","Self Repair","Mind Blast","Heatsinks+1"],"relics":["Cracked Core","Bronze Scales","Bag of Marbles","Shovel","Strawberry","Regal Pillow","Fusion Hammer","Boot","Gremlin Horn","Bottled Tornado","Enchiridion","Incense Burner","Meat on the Bone","Dream Catcher","Astrolabe","Whetstone","Letter Opener","Mummified Hand"],"potions_floor_usage":[14,24,30,39,50],"damage_taken":[{"damage":1,"enemies":"Cultist","floor":1,"turns":3},{"damage":10,"enemies":"Small Slimes","floor":3,"turns":3},{"damage":25,"enemies":"Lagavulin","floor":7,"turns":7},{"damage":12,"enemies":"Jaw Worm","floor":10,"turns":1},{"damage":0,"enemies":"Red Slaver","floor":11,"turns":4},{"damage":11,"enemies":"3 Sentries","floor":14,"turns":4},{"damage":52,"enemies":"Slime Boss","floor":16,"turns":9},{"damage":19,"enemies":"2 Thieves","floor":18,"turns":3},{"damage":0,"enemies":"3 Byrds","floor":20,"turns":1},{"damage":21,"enemies":"Cultist and Chosen","floor":21,"turns":6},{"damage":45,"enemies":"Slavers","floor":24,"turns":5},{"damage":33,"enemies":"Book of Stabbing","floor":27,"turns":5},{"damage":0,"enemies":"Colosseum Slavers","floor":30,"turns":3},{"damage":0,"enemies":"Colosseum Nobs","floor":30,"turns":4},{"damage":7,"enemies":"Chosen and Byrds","floor":31,"turns":5},{"damage":0,"enemies":"Automaton","floor":33,"turns":8},{"damage":0,"enemies":"3 Darklings","floor":35,"turns":1},{"damage":0,"enemies":"Orb Walker","floor":36,"turns":3},{"damage":0,"enemies":"Transient","floor":37,"turns":6},{"damage":0,"enemies":"Spire Growth","floor":38,"turns":4},{"damage":22,"enemies":"Writhing Mass","floor":39,"turns":5},{"damage":11,"enemies":"Nemesis","floor":41,"turns":7},{"damage":0,"enemies":"Sphere and 2 Shapes","floor":46,"turns":3},{"damage":54,"enemies":"Donu and Deca","floor":50,"turns":6},{"damage":53,"enemies":"Time Eater","floor":51,"turns":4}],"seed_played":"2530874003095980993","potions_obtained":[{"floor":7,"key":"SkillPotion"},{"floor":16,"key":"SteroidPotion"},{"floor":27,"key":"EssenceOfSteel"},{"floor":31,"key":"FearPotion"},{"floor":33,"key":"AttackPotion"},{"floor":36,"key":"Regen Potion"}],"is_trial":false,"path_per_floor":["M","?","M","$","?","R","E","R","T","M","M","?","R","E","R","B",null,"M","?","M","M","$","R","E","R","T","E","R","?","?","M","R","B",null,"M","M","M","M","M","R","E","R","T","?","$","M","$","$","R","B","B"],"character_chosen":"DEFECT","items_purchased":["FTL","Coolheaded","Bandage Up","FTL","Scrape","Self Repair","Mind Blast","Explosive Potion"],"campfire_rested":5,"item_purchase_floors":[4,4,22,22,45,45,45,45],"current_hp_per_floor":[63,63,53,53,53,53,28,49,49,37,37,37,44,33,71,19,63,44,44,44,23,23,61,20,58,58,29,67,46,50,47,47,51,71,71,71,75,78,60,60,53,53,53,53,53,57,57,57,57,41,0],"gold":29,"neow_bonus":"UPGRADE_CARD","is_prod":false,"is_daily":false,"chose_seed":false,"campfire_upgraded":1,"win_rate":0,"timestamp":1551584577,"path_taken":["M","?","M","$","?","R","E","R","T","M","M","?","R","E","R","BOSS","M","?","M","M","$","R","E","R","T","E","R","?","?","M","R","BOSS","M","M","M","M","M","R","E","R","T","?","$","M","?","$","R","BOSS","BOSS"],"build_version":"2019-02-06","purchased_purges":2,"victory":false,"max_hp_per_floor":[71,71,71,71,71,71,71,71,71,71,71,71,78,78,78,78,78,78,78,78,78,78,78,78,78,78,78,78,78,78,78,78,78,78,78,78,78,78,78,78,78,78,78,78,78,78,78,78,78,78,78],"card_choices":[{"not_picked":["Leap","Static Discharge"],"picked":"Gash","floor":1},{"not_picked":["Rip and Tear","Chaos"],"picked":"Sweeping Beam","floor":3},{"not_picked":["Sunder","Stack"],"picked":"Conserve Battery","floor":7},{"not_picked":["Steam","Reprogram"],"picked":"Gash","floor":10},{"not_picked":["Beam Cell","Sweeping Beam"],"picked":"Gash","floor":11},{"not_picked":["Blizzard","Redo","Streamline"],"picked":"SKIP","floor":14},{"not_picked":["Amplify","Core Surge"],"picked":"Electrodynamics","floor":16},{"not_picked":["Leap","Chaos"],"picked":"Chill+1","floor":18},{"not_picked":["Sunder","Reprogram"],"picked":"Gash","floor":20},{"not_picked":["Redo","Blizzard"],"picked":"Cold Snap+1","floor":21},{"not_picked":["Barrage","Sweeping Beam"],"picked":"Undo+1","floor":24},{"not_picked":["Barrage","Tempest"],"picked":"Buffer","floor":27},{"not_picked":["Cold Snap","Undo"],"picked":"Chill+1","floor":30},{"not_picked":["Turbo","Streamline"],"picked":"Beam Cell","floor":31},{"not_picked":["Hyperbeam","Reboot"],"picked":"All For One","floor":33},{"not_picked":["Beam Cell","BootSequence+1","Streamline"],"picked":"SKIP","floor":35},{"not_picked":["Coolheaded","Leap","BootSequence"],"picked":"SKIP","floor":36},{"not_picked":["Barrage","Heatsinks"],"picked":"Ball Lightning+1","floor":37},{"not_picked":["Consume","Conserve Battery"],"picked":"Blizzard","floor":38},{"not_picked":["Barrage","Sweeping Beam","Fission"],"picked":"SKIP","floor":39},{"not_picked":["Leap","Coolheaded"],"picked":"Gash","floor":41},{"not_picked":["Auto Shields","White Noise"],"picked":"Heatsinks+1","floor":46}],"player_experience":1278127,"relics_obtained":[{"floor":7,"key":"Bronze Scales"},{"floor":9,"key":"Bag of Marbles"},{"floor":12,"key":"Shovel"},{"floor":13,"key":"Strawberry"},{"floor":14,"key":"Regal Pillow"},{"floor":24,"key":"Boot"},{"floor":26,"key":"Gremlin Horn"},{"floor":27,"key":"Bottled Tornado"},{"floor":29,"key":"Enchiridion"},{"floor":30,"key":"Incense Burner"},{"floor":30,"key":"Meat on the Bone"},{"floor":32,"key":"Dream Catcher"},{"floor":40,"key":"Whetstone"},{"floor":41,"key":"Letter Opener"},{"floor":42,"key":"Mummified Hand"}],"event_choices":[{"damage_healed":0,"gold_gain":0,"player_choice":"Grow","damage_taken":0,"max_hp_gain":0,"max_hp_loss":0,"event_name":"Living Wall","floor":2,"gold_loss":0,"cards_upgraded":["Dualcast"]},{"damage_healed":0,"gold_gain":0,"player_choice":"Fled","damage_taken":0,"max_hp_gain":0,"max_hp_loss":0,"event_name":"Scrap Ooze","floor":5,"gold_loss":0},{"damage_healed":0,"gold_gain":0,"player_choice":"Relic","damage_taken":0,"max_hp_gain":0,"max_hp_loss":0,"event_name":"Wheel of Change","floor":12,"gold_loss":0},{"damage_healed":0,"gold_gain":0,"player_choice":"Obtained Book","damage_taken":21,"max_hp_gain":0,"max_hp_loss":0,"event_name":"Cursed Tome","floor":29,"gold_loss":0},{"damage_healed":0,"gold_gain":0,"player_choice":"Fight","damage_taken":0,"max_hp_gain":0,"max_hp_loss":0,"event_name":"Colosseum","floor":30,"gold_loss":0},{"damage_healed":0,"gold_gain":0,"player_choice":"Fought Nobs","damage_taken":0,"max_hp_gain":0,"max_hp_loss":0,"event_name":"Colosseum","floor":30,"gold_loss":0},{"damage_healed":0,"gold_gain":0,"player_choice":"Copied","damage_taken":0,"max_hp_gain":0,"max_hp_loss":0,"event_name":"Duplicator","floor":44,"gold_loss":0,"cards_obtained":["White Noise"]}],"is_beta":true,"boss_relics":[{"not_picked":["Velvet Choker","Cursed Key"],"picked":"Fusion Hammer"},{"not_picked":["Orrery","Lizard Tail"],"picked":"Astrolabe"}],"items_purged_floors":[22,45],"is_endless":false,"potions_floor_spawned":[7,16,27,30,31,33,36,37],"killed_by":"Time Eater","ascension_level":20}