{"path_per_floor":["M","?","M","$","?","R","M","M","T","R","M","?","R","M","R","B",null,"M","?","?","M","M","M","R","M","T","R","E","M","?","$","R","B",null,"M","M","?","M","$","E","R","M","T","R","M","R"],"character_chosen":"IRONCLAD","items_purchased":["Apotheosis","Gremlin Horn"],"gold_per_floor":[116,191,207,3,3,3,24,39,39,39,53,53,53,71,71,200,200,224,139,139,157,171,187,187,206,206,206,232,245,245,5,5,108,108,122,142,142,156,156,184,184,198,276,276,286,286],"floor_reached":47,"campfire_rested":5,"playtime":2193,"current_hp_per_floor":[49,38,38,38,14,42,42,27,27,27,31,36,36,42,72,39,101,81,81,81,83,90,85,85,61,61,91,88,77,77,77,77,43,101,101,67,101,93,93,25,55,30,35,35,36,66],"items_purged":[],"gold":286,"score":469,"play_id":"65da871b-5e63-45cb-b92f-af1a98638673","is_prod":false,"is_daily":false,"is_ascension_mode":false,"campfire_upgraded":5,"path_taken":["M","?","M","$","?","R","M","M","T","R","M","?","R","M","R","BOSS","M","?","?","M","M","M","R","?","T","R","E","M","?","$","R","BOSS","M","?","?","?","?","E","R","?","T","R","M","R","E"],"build_version":"2018-02-08-PROD1","purchased_purges":0,"victory":false,"master_deck":["Strike_R","Strike_R","Strike_R","Defend_R","Defend_R","Defend_R","Bash+1","Headbutt","Shrug It Off+1","Apotheosis+1","Spot Weakness","Demon Form+1","Inflame","Sword Boomerang","Heavy Blade","Pommel Strike+1","Fiend Fire+1","Exhume+1","Cleave+1","Bloodletting+1","Flex+1","Headbutt+1","Corruption"],"max_hp_per_floor":[96,96,96,96,96,96,96,96,96,96,96,101,101,101,101,101,101,101,101,101,101,101,101,101,101,101,101,101,101,101,101,101,101,101,101,101,101,101,101,101,101,101,101,101,101,101],"relics":["Black Blood","Bloody Idol","Thread and Needle","Vajra","Charon\u0027s Ashes","Bronze Scales","Gremlin Horn","Astrolabe","Kunai","Dodecahedron"],"card_choices":[{"not_picked":["Combust","Rage"],"picked":"Headbutt"},{"not_picked":["Clothesline","Clash"],"picked":"Shrug It Off"},{"not_picked":["Feel No Pain","Hemokinesis"],"picked":"Spot Weakness"},{"not_picked":["Berserk","Offering"],"picked":"Demon Form"},{"not_picked":["Blood for Blood","Havoc"],"picked":"Inflame"},{"not_picked":["Infernal Blade","Havoc"],"picked":"Sword Boomerang"},{"not_picked":["Cleave","Headbutt"],"picked":"Heavy Blade"},{"not_picked":["Metallicize","Wild Strike"],"picked":"Pommel Strike"},{"not_picked":["Brutality","Impervious"],"picked":"Fiend Fire"},{"not_picked":["Dual Wield","Second Wind"],"picked":"Flex"},{"not_picked":["Twin Strike","Fire Breathing"],"picked":"Headbutt"},{"not_picked":["Havoc","Dual Wield"],"picked":"Corruption"}],"player_experience":169519,"potions_floor_usage":[23,23,33,47,47],"damage_taken":[{"damage":5.0,"enemies":"2 Louse","floor":1.0,"turns":3.0},{"damage":6.0,"enemies":"Jaw Worm","floor":3.0,"turns":3.0},{"damage":6.0,"enemies":"Small Slimes","floor":7.0,"turns":4.0},{"damage":21.0,"enemies":"3 Louse","floor":8.0,"turns":3.0},{"damage":2.0,"enemies":"2 Fungi Beasts","floor":11.0,"turns":3.0},{"damage":0.0,"enemies":"Exordium Wildlife","floor":14.0,"turns":5.0},{"damage":39.0,"enemies":"Hexaghost","floor":16.0,"turns":6.0},{"damage":30.0,"enemies":"2 Thieves","floor":18.0,"turns":4.0},{"damage":13.0,"enemies":"Chosen","floor":21.0,"turns":4.0},{"damage":8,"enemies":"Centurion and Healer","floor":22,"turns":17},{"damage":20,"enemies":"Cultist and Chosen","floor":23,"turns":6},{"damage":39,"enemies":"Sentry and Sphere","floor":25,"turns":6},{"damage":18,"enemies":"Gremlin Leader","floor":28,"turns":6},{"damage":26,"enemies":"Chosen and Byrds","floor":29,"turns":5},{"damage":49,"enemies":"Collector","floor":33,"turns":7},{"damage":13,"enemies":"Orb Walker","floor":35,"turns":3},{"damage":49,"enemies":"3 Darklings","floor":36,"turns":4},{"damage":23,"enemies":"Maw","floor":38,"turns":6},{"damage":83,"enemies":"Giant Head","floor":40,"turns":7},{"damage":40,"enemies":"4 Shapes","floor":42,"turns":5},{"damage":14,"enemies":"3 Darklings","floor":45,"turns":4},{"damage":72,"enemies":"2 Orb Walkers","floor":47,"turns":3}],"event_choices":[{"event_name":"World of Goop","player_choice":"Gather Gold","floor":2.0,"damage_taken":0.0},{"event_name":"Golden Idol","player_choice":"Take Damage","floor":5.0,"damage_taken":0.0},{"event_name":"Big Fish","player_choice":"Donut","floor":12.0,"damage_taken":0.0},{"event_name":"Addict","player_choice":"Obtained Relic","floor":19.0,"damage_taken":0.0},{"event_name":"Forgotten Altar","player_choice":"Gave Idol","floor":20.0,"damage_taken":0.0},{"event_name":"Match and Keep!","player_choice":"0 cards matched","floor":30,"damage_taken":0},{"event_name":"Wheel of Change","player_choice":"Full Heal","floor":37,"damage_taken":0}],"boss_relics":[{"not_picked":["White Beast Statue","Runic Cube"],"picked":"Astrolabe"}],"potions_floor_spawned":[1,7,16,21,25,29,36,40,42,45],"seed_played":"3695247950583172668","killed_by":"2 Orb Walkers","ascension_level":0,"is_trial":false}