{"gold_per_floor":[114,126,126,126,91,120,120,133,208,234,267,267,299,314,314,417,417,430,355,370,273,291,291,320,338,364,377,393,393,413,31,31,127,127,146,200,200,200,200,200,215,27,27,27,27,42,42,58,58,58],"floor_reached":50,"playtime":2719,"items_purged":[],"score":626,"play_id":"0fbf5810-0812-432e-844a-8fe97c9e6387","local_time":"20181109175742","is_ascension_mode":true,"campfire_choices":[{"data":"Barricade","floor":7,"key":"SMITH"},{"floor":12,"key":"REST"},{"data":"Spot Weakness","floor":15,"key":"SMITH"},{"data":"Feed","floor":23,"key":"SMITH"},{"data":"Metallicize","floor":29,"key":"SMITH"},{"floor":32,"key":"REST"},{"data":"Metamorphosis","floor":40,"key":"SMITH"},{"data":"Spot Weakness","floor":44,"key":"SMITH"},{"floor":49,"key":"REST"}],"neow_cost":"NONE","seed_source_timestamp":10565454778195246,"circlet_count":0,"master_deck":["Strike_R+1","Strike_R","Strike_R","Defend_R","Defend_R","Defend_R","Defend_R","Bash+1","Thunderclap","Barricade+1","Corruption","Second Wind","Armaments","Impervious","Spot Weakness+1","Feed+1","Blood for Blood+1","Clash","Pommel Strike","Metallicize+1","Rampage+1","True Grit+1","Iron Wave","Blood for Blood","Disarm","Metamorphosis+1","Madness","Madness","Spot Weakness+1","Spot Weakness","Flex+1","Armaments"],"relics":["Burning Blood","Smiling Mask","Letter Opener","Darkstone Periapt","Potion Belt","Oddly Smooth Stone","Bag of Preparation","Runic Pyramid","Lantern","Anchor","Bird Faced Urn","Busted Crown","StoneCalendar","Strawberry","Frozen Egg 2"],"potions_floor_usage":[11,13,33,33,50,50,50,50],"damage_taken":[{"damage":12,"enemies":"Small Slimes","floor":1,"turns":5},{"damage":7,"enemies":"2 Louse","floor":2,"turns":2},{"damage":39,"enemies":"Gremlin Nob","floor":6,"turns":5},{"damage":8,"enemies":"Jaw Worm","floor":8,"turns":4},{"damage":40,"enemies":"3 Sentries","floor":11,"turns":9},{"damage":14,"enemies":"Gremlin Nob","floor":13,"turns":5},{"damage":8,"enemies":"Exordium Thugs","floor":14,"turns":5},{"damage":9,"enemies":"The Guardian","floor":16,"turns":16},{"damage":8,"enemies":"Shell Parasite","floor":18,"turns":5},{"damage":11,"enemies":"2 Thieves","floor":20,"turns":4},{"damage":18,"enemies":"Snake Plant","floor":22,"turns":4},{"damage":45,"enemies":"Book of Stabbing","floor":24,"turns":6},{"damage":26,"enemies":"Shelled Parasite and Fungi","floor":25,"turns":6},{"damage":14,"enemies":"Centurion and Healer","floor":27,"turns":6},{"damage":0,"enemies":"Snecko","floor":28,"turns":6},{"damage":8,"enemies":"Snake Plant","floor":30,"turns":7},{"damage":64,"enemies":"Automaton","floor":33,"turns":10},{"damage":0,"enemies":"3 Darklings","floor":35,"turns":7},{"damage":47,"enemies":"2 Orb Walkers","floor":36,"turns":6},{"damage":23,"enemies":"Orb Walker","floor":41,"turns":5},{"damage":40,"enemies":"4 Shapes","floor":46,"turns":7},{"damage":15,"enemies":"3 Darklings","floor":48,"turns":5},{"damage":96,"enemies":"Awakened One","floor":50,"turns":8}],"seed_played":"1561632304068500759","potions_obtained":[{"floor":2,"key":"BloodPotion"},{"floor":8,"key":"Poison Potion"},{"floor":11,"key":"FearPotion"},{"floor":22,"key":"Explosive Potion"},{"floor":25,"key":"Poison Potion"},{"floor":27,"key":"FairyPotion"},{"floor":28,"key":"Swift Potion"},{"floor":30,"key":"PowerPotion"},{"floor":36,"key":"EssenceOfSteel"},{"floor":41,"key":"Poison Potion"},{"floor":46,"key":"FearPotion"},{"floor":48,"key":"Strength Potion"}],"is_trial":false,"path_per_floor":["M","M","?","?","?","E","R","M","T","T","E","R","E","M","R","B",null,"M","?","M","$","M","R","E","M","T","M","M","R","M","$","R","B",null,"M","?","?","?","?","R","M","$","T","R","$","M","$","M","R","B"],"character_chosen":"IRONCLAD","items_purchased":["Pommel Strike","Metallicize","Bird Faced Urn","Disarm","Spot Weakness","Strawberry"],"campfire_rested":3,"item_purchase_floors":[21,21,31,31,42,42],"current_hp_per_floor":[74,73,57,50,70,37,37,35,35,35,9,33,25,23,23,20,80,82,82,80,80,71,71,36,20,20,16,26,26,28,28,61,15,114,114,83,83,83,68,68,59,66,66,66,66,42,42,37,76,0],"gold":58,"neow_bonus":"UPGRADE_CARD","is_prod":false,"is_daily":false,"chose_seed":false,"campfire_upgraded":6,"win_rate":0,"timestamp":1541815062,"path_taken":["M","M","?","?","?","E","R","?","T","?","E","R","E","M","R","BOSS","M","?","M","$","M","R","E","M","T","M","M","R","M","$","R","BOSS","M","?","?","?","?","R","M","$","T","R","$","M","?","M","R","BOSS"],"build_version":"2018-11-08","purchased_purges":0,"victory":false,"max_hp_per_floor":[80,80,80,80,80,80,80,80,80,80,80,80,80,80,80,80,80,84,84,87,87,90,90,94,98,98,102,106,106,110,110,110,114,114,114,118,118,118,118,118,122,129,129,129,129,133,133,133,133,133],"card_choices":[{"not_picked":["Flex","Anger"],"picked":"Thunderclap","floor":1},{"not_picked":["Reckless Charge","Perfected Strike"],"picked":"Barricade","floor":2},{"not_picked":["Havoc","Whirlwind"],"picked":"Corruption","floor":6},{"not_picked":["Searing Blow","Combust"],"picked":"Second Wind","floor":8},{"not_picked":["Wild Strike","Shrug It Off"],"picked":"Armaments","floor":11},{"not_picked":["Armaments","Corruption"],"picked":"Impervious","floor":13},{"not_picked":["Flame Barrier","Sword Boomerang"],"picked":"Spot Weakness","floor":14},{"not_picked":["Double Tap","Immolate"],"picked":"Feed","floor":16},{"not_picked":["Perfected Strike","Bloodletting"],"picked":"Blood for Blood+1","floor":18},{"not_picked":["Reckless Charge","Perfected Strike"],"picked":"Clash","floor":20},{"not_picked":["Havoc","Second Wind","Bloodletting"],"picked":"SKIP","floor":22},{"not_picked":["Havoc","True Grit"],"picked":"Rampage+1","floor":24},{"not_picked":["Warcry","Headbutt+1"],"picked":"True Grit+1","floor":25},{"not_picked":["Flame Barrier+1","Anger+1"],"picked":"Iron Wave","floor":27},{"not_picked":["Heavy Blade","Anger","Pummel"],"picked":"SKIP","floor":28},{"not_picked":["Searing Blow","Cleave"],"picked":"Blood for Blood","floor":30},{"not_picked":["Havoc+1"],"picked":"SKIP","floor":35},{"not_picked":[],"picked":"Metamorphosis","floor":38},{"not_picked":[],"picked":"Spot Weakness","floor":41},{"not_picked":[],"picked":"Flex+1","floor":46},{"not_picked":[],"picked":"Armaments","floor":48}],"player_experience":379253,"relics_obtained":[{"floor":6,"key":"Letter Opener"},{"floor":9,"key":"Darkstone Periapt"},{"floor":10,"key":"Potion Belt"},{"floor":11,"key":"Oddly Smooth Stone"},{"floor":13,"key":"Bag of Preparation"},{"floor":24,"key":"Lantern"},{"floor":26,"key":"Anchor"},{"floor":36,"key":"StoneCalendar"},{"floor":43,"key":"Frozen Egg 2"}],"event_choices":[{"damage_healed":0,"gold_gain":0,"player_choice":"Entered Light","damage_taken":16,"max_hp_gain":0,"max_hp_loss":0,"event_name":"Shining Light","floor":3,"gold_loss":0,"cards_upgraded":["Strike_R","Strike_R"]},{"damage_healed":0,"gold_gain":0,"player_choice":"Success","damage_taken":7,"relics_obtained":["Smiling Mask"],"max_hp_gain":0,"max_hp_loss":0,"event_name":"Scrap Ooze","floor":4,"gold_loss":0},{"damage_healed":20,"gold_gain":0,"player_choice":"Healed","damage_taken":0,"max_hp_gain":0,"max_hp_loss":0,"event_name":"The Cleric","floor":5,"gold_loss":35},{"cards_removed":["Strike_R"],"damage_healed":0,"gold_gain":0,"player_choice":"Gave Gold","damage_taken":0,"max_hp_gain":0,"max_hp_loss":0,"event_name":"Beggar","floor":19,"gold_loss":75},{"damage_healed":0,"gold_gain":0,"player_choice":"Fight","damage_taken":0,"max_hp_gain":0,"max_hp_loss":0,"event_name":"Mysterious Sphere","floor":36,"gold_loss":0},{"cards_removed":["Strike_R"],"damage_healed":0,"gold_gain":0,"player_choice":"Removed Attack","damage_taken":0,"max_hp_gain":0,"max_hp_loss":0,"event_name":"Falling","floor":37,"gold_loss":0},{"damage_healed":0,"gold_gain":0,"player_choice":"Memory 1","damage_taken":0,"max_hp_gain":0,"max_hp_loss":0,"event_name":"SensoryStone","floor":38,"gold_loss":0},{"damage_healed":0,"gold_gain":0,"player_choice":"Embrace Madness","damage_taken":15,"max_hp_gain":0,"max_hp_loss":0,"event_name":"Winding Halls","floor":39,"gold_loss":0,"cards_obtained":["Madness","Madness"]}],"is_beta":false,"boss_relics":[{"not_picked":["Velvet Choker","Eternal Feather"],"picked":"Runic Pyramid"},{"not_picked":["Pandora\u0027s Box","Snecko Eye"],"picked":"Busted Crown"}],"items_purged_floors":[],"is_endless":false,"potions_floor_spawned":[2,8,11,22,25,27,28,30,36,41,46,48],"killed_by":"Awakened One","ascension_level":4}