{"gold_per_floor":[219,24,24,39,58,58,83,83,83,83,93,106,106,118,118,223,223,235,253,271,8,18,18,18,18,43,78,98,98,197,112,112,216,216,234,234,248,261,10,10,45,45,70,70,82,111,128,142,142,142,142,142,4,35,35],"floor_reached":55,"playtime":2754,"items_purged":["Strike_R","Shame"],"score":1225,"play_id":"ca973478-7a4d-4254-a1d3-37ef1e6b56b7","local_time":"20190217235750","is_ascension_mode":true,"campfire_choices":[{"data":"Searing Blow","floor":6,"key":"SMITH"},{"data":"Searing Blow+1","floor":8,"key":"SMITH"},{"data":"Searing Blow+2","floor":10,"key":"SMITH"},{"data":"Searing Blow+3","floor":13,"key":"SMITH"},{"data":"Searing Blow+4","floor":15,"key":"SMITH"},{"data":"Searing Blow+5","floor":23,"key":"SMITH"},{"data":"Searing Blow+6","floor":25,"key":"SMITH"},{"data":"Searing Blow+7","floor":29,"key":"SMITH"},{"data":"Searing Blow+8","floor":32,"key":"SMITH"},{"data":"Searing Blow+9","floor":40,"key":"SMITH"},{"data":"Searing Blow+10","floor":42,"key":"SMITH"},{"data":"Searing Blow+11","floor":44,"key":"SMITH"},{"floor":49,"key":"RECALL"},{"data":"Searing Blow+12","floor":52,"key":"SMITH"}],"neow_cost":"NONE","seed_source_timestamp":998677638602000,"circlet_count":0,"master_deck":["AscendersBane","Strike_R","Strike_R","Strike_R","Strike_R","Defend_R","Defend_R","Defend_R","Defend_R","Bash","Searing Blow+13","Inflame","Iron Wave","Armaments","Shrug It Off","Clothesline","Shrug It Off+1","Thunderclap","Thunderclap","Double Tap+1","Iron Wave","Fiend Fire","Apotheosis+1","Battle Trance+1","Bloodletting+1","Shrug It Off+1","Headbutt+1","Offering+1","Headbutt+1","Madness+1","Madness+1","Second Wind+1","Armaments+1","Dark Embrace","Warcry+1","Dual Wield+1","Parasite","Reaper+1","Warcry+1","Armaments+1","Battle Trance+1","Evolve","Uppercut+1"],"relics":["Burning Blood","Lantern","Toxic Egg 2","Cursed Key","MutagenicStrength","Oddly Smooth Stone","Pantograph","Molten Egg 2","Snecko Eye","PreservedInsect","Bottled Flame","Centennial Puzzle"],"potions_floor_usage":[7,7,16,16,27,38,50,50,55],"damage_taken":[{"damage":5,"enemies":"Cultist","floor":1,"turns":5},{"damage":15,"enemies":"Small Slimes","floor":4,"turns":3},{"damage":2,"enemies":"Jaw Worm","floor":5,"turns":6},{"damage":23,"enemies":"3 Sentries","floor":7,"turns":10},{"damage":6,"enemies":"Exordium Thugs","floor":11,"turns":5},{"damage":0,"enemies":"3 Louse","floor":12,"turns":4},{"damage":0,"enemies":"Blue Slaver","floor":14,"turns":3},{"damage":28,"enemies":"Hexaghost","floor":16,"turns":10},{"damage":9,"enemies":"Shell Parasite","floor":18,"turns":4},{"damage":6,"enemies":"2 Thieves","floor":19,"turns":3},{"damage":20,"enemies":"Chosen and Byrds","floor":20,"turns":6},{"damage":0,"enemies":"Snecko","floor":22,"turns":3},{"damage":23,"enemies":"Slavers","floor":27,"turns":4},{"damage":16,"enemies":"3 Cultists","floor":28,"turns":5},{"damage":44,"enemies":"Automaton","floor":33,"turns":10},{"damage":15,"enemies":"3 Shapes","floor":35,"turns":3},{"damage":0,"enemies":"Orb Walker","floor":37,"turns":1},{"damage":12,"enemies":"3 Darklings","floor":38,"turns":6},{"damage":0,"enemies":"Reptomancer","floor":41,"turns":1},{"damage":9,"enemies":"Transient","floor":45,"turns":5},{"damage":13,"enemies":"Giant Head","floor":46,"turns":4},{"damage":36,"enemies":"Jaw Worm Horde","floor":47,"turns":4},{"damage":2,"enemies":"4 Shapes","floor":48,"turns":7},{"damage":40,"enemies":"Awakened One","floor":50,"turns":5},{"damage":6,"enemies":"Shield and Spear","floor":54,"turns":3},{"damage":110,"enemies":"The Heart","floor":55,"turns":5}],"seed_played":"9092725555026213808","potions_obtained":[{"floor":1,"key":"Block Potion"},{"floor":3,"key":"AttackPotion"},{"floor":7,"key":"SpeedPotion"},{"floor":12,"key":"FearPotion"},{"floor":20,"key":"SpeedPotion"},{"floor":22,"key":"Explosive Potion"},{"floor":33,"key":"GamblersBrew"},{"floor":41,"key":"Energy Potion"},{"floor":47,"key":"PowerPotion"},{"floor":54,"key":"Strength Potion"}],"is_trial":false,"path_per_floor":["M","$","?","M","M","R","E","R","T","R","M","M","R","M","R","B",null,"M","M","M","$","M","R","?","R","T","E","M","R","?","?","R","B",null,"M","?","M","M","$","R","E","R","T","R","M","E","M","M","R","B",null,"R","$","E","B"],"character_chosen":"IRONCLAD","items_purchased":["Inflame","Iron Wave","Apotheosis+1","Battle Trance+1","Armaments+1","Dark Embrace","Warcry+1","Evolve"],"campfire_rested":0,"item_purchase_floors":[2,2,21,21,39,39,39,53],"current_hp_per_floor":[73,73,73,64,68,68,51,51,51,51,51,57,57,63,63,41,70,67,67,53,53,59,59,59,59,59,42,32,32,32,32,32,19,65,56,46,52,46,46,46,52,52,52,52,49,42,41,50,50,51,73,73,73,80,0],"gold":35,"neow_bonus":"HUNDRED_GOLD","is_prod":false,"is_daily":false,"chose_seed":false,"campfire_upgraded":13,"win_rate":0,"timestamp":1550476670,"path_taken":["M","$","?","?","M","R","E","R","T","R","M","M","R","M","R","BOSS","M","M","M","$","M","R","?","R","T","E","M","R","?","?","R","BOSS","M","?","M","M","$","R","E","R","T","R","M","E","M","M","R","BOSS","R","$","E","BOSS"],"build_version":"2019-01-23","purchased_purges":2,"victory":false,"max_hp_per_floor":[80,80,80,80,80,80,80,80,80,80,80,80,80,80,80,80,80,80,80,80,80,80,80,80,80,80,80,80,80,80,80,80,80,80,80,80,80,80,80,80,80,80,80,80,80,80,80,80,80,80,80,80,80,80,80],"card_choices":[{"not_picked":["Cleave","Iron Wave"],"picked":"Searing Blow","floor":1},{"not_picked":["Reckless Charge","Metallicize"],"picked":"Armaments","floor":4},{"not_picked":["Clash","Burning Pact"],"picked":"Shrug It Off","floor":5},{"not_picked":["Wild Strike","Flex"],"picked":"Clothesline","floor":7},{"not_picked":["Feel No Pain","Heavy Blade"],"picked":"Shrug It Off+1","floor":11},{"not_picked":["Clothesline","Blood for Blood"],"picked":"Thunderclap","floor":12},{"not_picked":["Barricade","Searing Blow"],"picked":"Thunderclap","floor":14},{"not_picked":["Feed","Berserk"],"picked":"Double Tap+1","floor":16},{"not_picked":["Pummel","Clash"],"picked":"Iron Wave","floor":18},{"not_picked":["Anger","Reckless Charge","Wild Strike+1"],"picked":"SKIP","floor":19},{"not_picked":["Flame Barrier+1","Wild Strike+1"],"picked":"Fiend Fire","floor":20},{"not_picked":["Headbutt","Fire Breathing"],"picked":"Bloodletting+1","floor":22},{"not_picked":["Iron Wave","Immolate"],"picked":"Shrug It Off+1","floor":27},{"not_picked":["Twin Strike","Body Slam"],"picked":"Headbutt+1","floor":28},{"not_picked":["Barricade","Immolate+1"],"picked":"Offering+1","floor":33},{"not_picked":["Sword Boomerang+1","Clothesline+1"],"picked":"Headbutt+1","floor":35},{"not_picked":["Perfected Strike+1","Cleave+1","Intimidate+1"],"picked":"SKIP","floor":37},{"not_picked":["Heavy Blade+1","Clothesline+1"],"picked":"Second Wind+1","floor":38},{"not_picked":["Rupture","Sever Soul+1"],"picked":"Dual Wield+1","floor":41},{"not_picked":["Clash+1","Disarm+1"],"picked":"Reaper+1","floor":45},{"not_picked":["Second Wind+1","Iron Wave+1"],"picked":"Warcry+1","floor":46},{"not_picked":["Twin Strike+1","Perfected Strike+1"],"picked":"Armaments+1","floor":47},{"not_picked":["Iron Wave+1","Fire Breathing+1"],"picked":"Battle Trance+1","floor":48},{"not_picked":["Heavy Blade+1","Warcry+1"],"picked":"Uppercut+1","floor":54}],"player_experience":727150,"relics_obtained":[{"floor":7,"key":"Lantern"},{"floor":9,"key":"Toxic Egg 2"},{"floor":26,"key":"Oddly Smooth Stone"},{"floor":27,"key":"Pantograph"},{"floor":41,"key":"PreservedInsect"},{"floor":46,"key":"Bottled Flame"},{"floor":54,"key":"Centennial Puzzle"}],"event_choices":[{"damage_healed":0,"gold_gain":0,"player_choice":"Got Potions","damage_taken":0,"max_hp_gain":0,"max_hp_loss":0,"event_name":"Lab","floor":3,"gold_loss":0},{"damage_healed":0,"gold_gain":0,"player_choice":"Inject Mutagens","damage_taken":0,"relics_obtained":["MutagenicStrength"],"max_hp_gain":0,"max_hp_loss":0,"event_name":"Drug Dealer","floor":24,"gold_loss":0},{"damage_healed":0,"gold_gain":99,"player_choice":"Stole From Cult","damage_taken":0,"max_hp_gain":0,"max_hp_loss":0,"event_name":"Nest","floor":30,"gold_loss":0},{"damage_healed":0,"gold_gain":0,"player_choice":"Obtained Relic","damage_taken":0,"relics_obtained":["Molten Egg 2"],"max_hp_gain":0,"max_hp_loss":0,"event_name":"Addict","floor":31,"gold_loss":85},{"damage_healed":0,"gold_gain":0,"player_choice":"Embrace Madness","damage_taken":10,"max_hp_gain":0,"max_hp_loss":0,"event_name":"Winding Halls","floor":36,"gold_loss":0,"cards_obtained":["Madness","Madness"]}],"is_beta":false,"boss_relics":[{"not_picked":["Coffee Dripper","White Beast Statue"],"picked":"Cursed Key"},{"not_picked":["Runic Cube","Black Star"],"picked":"Snecko Eye"}],"items_purged_floors":[2,53],"is_endless":false,"potions_floor_spawned":[1,5,7,12,14,20,22,33,37,41,47,54],"killed_by":"The Heart","ascension_level":11}