{"gold_per_floor":[112,129,146,159,35,48,48,48,74,74,39,39,39,51,51,148,148,160,160,176,207,132,132,132,151,151,161,172,172,190,190],"floor_reached":31,"playtime":1896,"items_purged":["Strike_G"],"score":229,"play_id":"df7aeee5-94ed-43d2-8e70-68dd61ca0b44","local_time":"20181207032537","is_ascension_mode":false,"campfire_choices":[{"floor":7,"key":"REST"},{"floor":10,"key":"REST"},{"data":"Outmaneuver","floor":12,"key":"SMITH"},{"data":"Poisoned Stab","floor":15,"key":"SMITH"},{"floor":23,"key":"REST"},{"floor":29,"key":"REST"}],"neow_cost":"NONE","seed_source_timestamp":621647483006998,"circlet_count":0,"master_deck":["Defend_G","Defend_G","Defend_G","Defend_G","Defend_G","Strike_G","Strike_G","Strike_G","Survivor","Neutralize","Phantasmal Killer","Outmaneuver","Blur","Deflect","Poisoned Stab+1","Noxious Fumes+1","Outmaneuver+1","Iron Wave","Crippling Poison","Corpse Explosion","Deadly Poison+1","Poisoned Stab","Outmaneuver"],"relics":["Ring of the Snake","Vajra","Busted Crown","Red Mask","Question Card"],"potions_floor_usage":[4,6,20,21,25,25,25,25,28,31],"damage_taken":[{"damage":0,"enemies":"2 Louse","floor":1,"turns":3},{"damage":0,"enemies":"Small Slimes","floor":2,"turns":6},{"damage":8,"enemies":"Cultist","floor":3,"turns":5},{"damage":15,"enemies":"3 Louse","floor":4,"turns":9},{"damage":42,"enemies":"Gremlin Gang","floor":6,"turns":8},{"damage":7,"enemies":"Blue Slaver","floor":14,"turns":7},{"damage":43,"enemies":"Slime Boss","floor":16,"turns":14},{"damage":10,"enemies":"Shell Parasite","floor":18,"turns":5},{"damage":13,"enemies":"Spheric Guardian","floor":20,"turns":4},{"damage":30,"enemies":"Masked Bandits","floor":21,"turns":4},{"damage":3,"enemies":"Centurion and Healer","floor":25,"turns":6},{"damage":14,"enemies":"3 Cultists","floor":27,"turns":4},{"damage":24,"enemies":"Snake Plant","floor":28,"turns":5},{"damage":17,"enemies":"Snecko","floor":30,"turns":5},{"damage":12,"enemies":"Shelled Parasite and Fungi","floor":31,"turns":3}],"seed_played":"-582807189127410575","potions_obtained":[{"floor":1,"key":"Poison Potion"},{"floor":3,"key":"PowerPotion"},{"floor":6,"key":"Strength Potion"},{"floor":18,"key":"SkillPotion"},{"floor":21,"key":"SpeedPotion"},{"floor":24,"key":"EntropicBrew"},{"floor":24,"key":"PowerPotion"},{"floor":28,"key":"FearPotion"}],"is_trial":false,"path_per_floor":["M","M","M","M","$","M","R","?","T","R","?","R","?","M","R","B",null,"M","?","M","?","$","R","?","M","T","M","M","R","M","M"],"character_chosen":"THE_SILENT","items_purchased":["Noxious Fumes","Outmaneuver"],"campfire_rested":4,"item_purchase_floors":[5,5],"current_hp_per_floor":[70,70,62,47,47,5,26,26,26,47,64,64,64,57,57,14,70,60,60,47,17,17,38,38,35,35,21,7,28,11,0],"gold":190,"neow_bonus":"ONE_RANDOM_RARE_CARD","is_prod":false,"is_daily":false,"chose_seed":false,"campfire_upgraded":2,"win_rate":0.0,"timestamp":1544171137,"path_taken":["M","M","M","M","$","M","R","?","T","R","?","R","?","?","R","BOSS","M","?","?","?","$","R","?","M","T","M","M","R","?","M"],"build_version":"2018-12-06","purchased_purges":1,"victory":false,"max_hp_per_floor":[70,70,70,70,70,70,70,70,70,70,70,70,70,70,70,70,70,70,70,70,70,70,70,70,70,70,70,70,70,70,70],"card_choices":[{"not_picked":["Blade Dance","Leg Sweep"],"picked":"Outmaneuver","floor":1},{"not_picked":["Reflex","Dodge and Roll"],"picked":"Blur","floor":2},{"not_picked":["Eviscerate","Calculated Gamble"],"picked":"Deflect","floor":3},{"not_picked":["Flechettes","PiercingWail"],"picked":"Poisoned Stab","floor":4},{"not_picked":["Infinite Blades","Dodge and Roll","Caltrops"],"picked":"SKIP","floor":6},{"not_picked":["Flying Knee","Footwork"],"picked":"Crippling Poison","floor":14},{"not_picked":["Malaise","Burst"],"picked":"Corpse Explosion","floor":16},{"not_picked":[],"picked":"Deadly Poison+1","floor":18},{"not_picked":[],"picked":"Poisoned Stab","floor":20},{"not_picked":["Eviscerate+1"],"picked":"SKIP","floor":25},{"not_picked":["Doppelganger","Heel Hook"],"picked":"SKIP","floor":27},{"not_picked":["Dash","Well Laid Plans"],"picked":"SKIP","floor":28},{"not_picked":["Masterful Stab"],"picked":"Outmaneuver","floor":30}],"player_experience":177173,"relics_obtained":[{"floor":9,"key":"Vajra"},{"floor":21,"key":"Red Mask"},{"floor":26,"key":"Question Card"}],"event_choices":[{"damage_healed":0,"gold_gain":0,"player_choice":"Grow","damage_taken":0,"max_hp_gain":0,"max_hp_loss":0,"event_name":"Living Wall","floor":8,"gold_loss":0,"cards_upgraded":["Noxious Fumes"]},{"damage_healed":17,"gold_gain":0,"player_choice":"Healed","damage_taken":0,"max_hp_gain":0,"max_hp_loss":0,"event_name":"The Cleric","floor":11,"gold_loss":35},{"cards_removed":["Strike_G"],"damage_healed":0,"gold_gain":0,"player_choice":"Took Card","damage_taken":0,"max_hp_gain":0,"max_hp_loss":0,"event_name":"NoteForYourself","floor":13,"gold_loss":0,"cards_obtained":["Iron Wave"]},{"damage_healed":0,"gold_gain":0,"player_choice":"Ignored","damage_taken":0,"max_hp_gain":0,"max_hp_loss":0,"event_name":"N\u0027loth","floor":19,"gold_loss":0},{"damage_healed":0,"gold_gain":0,"player_choice":"Fought Bandits","damage_taken":0,"max_hp_gain":0,"max_hp_loss":0,"event_name":"Masked Bandits","floor":21,"gold_loss":0},{"damage_healed":0,"gold_gain":0,"player_choice":"Got Potions","damage_taken":0,"max_hp_gain":0,"max_hp_loss":0,"event_name":"Lab","floor":24,"gold_loss":0}],"is_beta":false,"boss_relics":[{"not_picked":["HoveringKite","White Beast Statue"],"picked":"Busted Crown"}],"items_purged_floors":[22],"is_endless":false,"potions_floor_spawned":[1,3,6,18,21,28],"killed_by":"Shelled Parasite and Fungi","ascension_level":0}