{"gold_per_floor":[116,33,33,52,66,66,100,25,48,13,13,31,43,61,61,137,137,148,148,148,32,52,52,52],"floor_reached":24,"playtime":743,"items_purged":["Strike_R"],"score":417,"play_id":"908ab5e6-a5d9-48ee-89e4-022a3f52eaf3","local_time":"20181107224413","is_ascension_mode":true,"campfire_choices":[{"data":"Rampage","floor":6.0,"key":"SMITH"},{"data":"Bash","floor":11.0,"key":"SMITH"},{"data":"Carnage","floor":15.0,"key":"SMITH"},{"floor":23,"key":"REST"}],"neow_cost":"NONE","seed_source_timestamp":530429961069214,"circlet_count":0,"master_deck":["AscendersBane","Strike_R","Strike_R","Strike_R","Strike_R","Defend_R","Defend_R","Defend_R","Defend_R","Bash+1","Carnage+1","Feel No Pain","Rampage+1","Feed","Shrug It Off","Double Tap","Flame Barrier+1","Inflame","Shrug It Off"],"special_seed":0,"relics":["Burning Blood","Orichalcum","Happy Flower","Runic Cube"],"potions_floor_usage":[24],"damage_taken":[{"damage":2.0,"enemies":"Cultist","floor":1.0,"turns":4.0},{"damage":2.0,"enemies":"Jaw Worm","floor":4.0,"turns":4.0},{"damage":8.0,"enemies":"2 Louse","floor":5.0,"turns":2.0},{"damage":31.0,"enemies":"3 Sentries","floor":7.0,"turns":10.0},{"damage":5.0,"enemies":"Blue Slaver","floor":12.0,"turns":4.0},{"damage":15.0,"enemies":"Red Slaver","floor":13.0,"turns":5.0},{"damage":6.0,"enemies":"Gremlin Gang","floor":14.0,"turns":6.0},{"damage":46.0,"enemies":"Hexaghost","floor":16.0,"turns":9.0},{"damage":38.0,"enemies":"3 Byrds","floor":18.0,"turns":7.0},{"damage":16,"enemies":"Spheric Guardian","floor":22,"turns":4},{"damage":46,"enemies":"Book of Stabbing","floor":24,"turns":4}],"seed_played":"-4859610199754273044","potions_obtained":[{"floor":1.0,"key":"Dexterity Potion"},{"floor":3.0,"key":"Fruit Juice"},{"floor":3.0,"key":"SpeedPotion"},{"floor":12.0,"key":"Regen Potion"},{"floor":16.0,"key":"PowerPotion"},{"floor":22,"key":"Poison Potion"}],"is_trial":false,"path_per_floor":["M","$","?","M","M","R","E","$","T","?","R","M","M","M","R","B",null,"M","?","?","$","M","R","E"],"character_chosen":"IRONCLAD","items_purchased":["Feel No Pain","Inflame","Shrug It Off"],"campfire_rested":1,"item_purchase_floors":[2,21,21],"current_hp_per_floor":[79,79,84,87,85,85,60,60,60,81,81,82,73,76,76,51,80,51,23,23,23,13,42,0],"gold":52,"neow_bonus":"TEN_PERCENT_HP_BONUS","is_prod":false,"is_daily":false,"chose_seed":false,"campfire_upgraded":3,"win_rate":0,"timestamp":1541659453,"path_taken":["M","?","?","M","?","R","E","$","T","?","R","M","M","M","R","BOSS","M","?","?","$","M","R","E"],"build_version":"2018-11-01","purchased_purges":1,"victory":false,"max_hp_per_floor":[82,82,87,87,87,87,87,87,87,87,87,87,87,90,90,90,90,93,98,98,98,98,98,98],"card_choices":[{"not_picked":["Hemokinesis","Pummel"],"picked":"Carnage","floor":1.0},{"not_picked":["Anger","Cleave"],"picked":"Rampage","floor":4.0},{"not_picked":["Blood for Blood","Sever Soul","Pommel Strike"],"picked":"SKIP","floor":5.0},{"not_picked":["Wild Strike","Pommel Strike","Havoc"],"picked":"SKIP","floor":7.0},{"not_picked":["Iron Wave","Body Slam","Perfected Strike"],"picked":"SKIP","floor":12.0},{"not_picked":["Armaments","Sword Boomerang"],"picked":"Feed","floor":13.0},{"not_picked":["Flex","Power Through"],"picked":"Shrug It Off","floor":14.0},{"not_picked":["Dark Embrace","Juggernaut"],"picked":"Double Tap","floor":16.0},{"not_picked":["Rupture","Sword Boomerang"],"picked":"Flame Barrier+1","floor":18.0},{"not_picked":["Intimidate","Dropkick","Rupture"],"picked":"SKIP","floor":22}],"player_experience":627615,"relics_obtained":[{"floor":7.0,"key":"Orichalcum"},{"floor":9.0,"key":"Happy Flower"}],"event_choices":[{"damage_healed":0.0,"max_hp_gain":0.0,"max_hp_loss":0.0,"gold_gain":0.0,"event_name":"Lab","player_choice":"Got Potions","floor":3.0,"gold_loss":0.0,"damage_taken":0.0},{"damage_healed":21.0,"max_hp_gain":0.0,"max_hp_loss":0.0,"gold_gain":0.0,"event_name":"The Cleric","player_choice":"Healed","floor":10.0,"gold_loss":35.0,"damage_taken":0.0},{"damage_healed":0.0,"max_hp_gain":5.0,"max_hp_loss":0.0,"gold_gain":0.0,"event_name":"Forgotten Altar","player_choice":"Shed Blood","floor":19.0,"gold_loss":0.0,"damage_taken":33.0},{"damage_healed":0.0,"max_hp_gain":0.0,"max_hp_loss":0.0,"gold_gain":0.0,"event_name":"FaceTrader","player_choice":"Leave","floor":20.0,"gold_loss":0.0,"damage_taken":0.0}],"is_beta":false,"boss_relics":[{"not_picked":["Runic Dome","Calling Bell"],"picked":"Runic Cube"}],"items_purged_floors":[8],"is_endless":false,"potions_floor_spawned":[1,12,14,16,22],"killed_by":"Book of Stabbing","ascension_level":20}