{"path_per_floor":["M","$","M","$","M","R","E","M","T","M","M","R","E","M","R"],"character_chosen":"DEFECT","items_purchased":["Go for the Eyes","Redo","Ball Lightning"],"gold_per_floor":[109,38,55,30,43,43,69,82,112,126,138,138,167,177,177,177],"floor_reached":16,"campfire_rested":0,"playtime":964,"item_purchase_floors":[2,2,4],"current_hp_per_floor":[68,68,62,62,58,58,47,46,46,46,44,44,45,37,37,0],"items_purged":[],"gold":177,"score":154,"play_id":"c554960e-1a76-4e0f-ab23-7c760bfd919f","local_time":"20180528213502","is_prod":false,"is_daily":false,"chose_seed":false,"is_ascension_mode":true,"campfire_upgraded":3,"win_rate":0,"timestamp":1527536102,"campfire_choices":[{"data":"Zap","floor":6,"key":"SMITH"},{"data":"Go for the Eyes","floor":12,"key":"SMITH"},{"data":"Beam Cell","floor":15,"key":"SMITH"}],"path_taken":["M","$","M","$","M","R","E","M","T","M","M","R","E","M","R","BOSS"],"build_version":"2018-05-27","seed_source_timestamp":97715082204794,"purchased_purges":0,"victory":false,"master_deck":["Strike_B","Strike_B","Strike_B","Strike_B","Defend_B","Defend_B","Defend_B","Defend_B","Zap+1","Dualcast","Redo","Go for the Eyes+1","Redo","Leap","Ball Lightning","Cold Snap","Rebound","Coolheaded","Stack","Skim","Coolheaded","Beam Cell+1"],"max_hp_per_floor":[75,75,75,75,75,75,75,75,75,75,75,75,85,85,85,85],"relics":["Cracked Core","Oddly Smooth Stone","Orichalcum","Tiny Chest","Pear"],"card_choices":[{"not_picked":["Stack","Rebound"],"picked":"Redo","floor":1},{"not_picked":["Rip and Tear","Scrape"],"picked":"Leap","floor":3},{"not_picked":["Reinforced Body","Stack"],"picked":"Cold Snap","floor":5},{"not_picked":["Buffer","Undo"],"picked":"Rebound","floor":7},{"not_picked":["Leap","Streamline"],"picked":"Coolheaded","floor":8},{"not_picked":["Go for the Eyes","Recycle"],"picked":"Stack","floor":10},{"not_picked":["Beam Cell","Steam"],"picked":"Skim","floor":11},{"not_picked":["Sweeping Beam","Recycle"],"picked":"Coolheaded","floor":13},{"not_picked":["Melter","Coolheaded"],"picked":"Beam Cell","floor":14}],"player_experience":574057,"potions_floor_usage":[7,11],"damage_taken":[{"damage":0,"enemies":"Cultist","floor":1,"turns":3},{"damage":6,"enemies":"2 Louse","floor":3,"turns":2},{"damage":4,"enemies":"Small Slimes","floor":5,"turns":2},{"damage":11,"enemies":"3 Sentries","floor":7,"turns":7},{"damage":1,"enemies":"3 Louse","floor":8,"turns":3},{"damage":0,"enemies":"2 Fungi Beasts","floor":10,"turns":3},{"damage":2,"enemies":"Gremlin Gang","floor":11,"turns":6},{"damage":9,"enemies":"Gremlin Nob","floor":13,"turns":4},{"damage":8,"enemies":"3 Louse","floor":14,"turns":3},{"damage":46,"enemies":"Slime Boss","floor":16,"turns":10}],"relics_obtained":[{"floor":7,"key":"Orichalcum"},{"floor":9,"key":"Tiny Chest"},{"floor":13,"key":"Pear"}],"event_choices":[],"boss_relics":[],"items_purged_floors":[],"potions_floor_spawned":[5,7,11,14],"seed_played":"-3329655342420773725","killed_by":"Slime Boss","ascension_level":7,"potions_obtained":[{"floor":5,"key":"SkillPotion"},{"floor":7,"key":"Block Potion"},{"floor":11,"key":"LiquidBronze"},{"floor":14,"key":"Energy Potion"}],"is_trial":false}