{"gold_per_floor":[117,117,133,133,147,186,205,205,205,205,246,246,246,37,37,133,133,147,147,168,168],"floor_reached":21,"playtime":906,"items_purged":[],"score":355,"play_id":"642c2c74-fa43-47a2-b1af-a281a924108c","local_time":"20190121014315","is_ascension_mode":true,"campfire_choices":[{"floor":8,"key":"REST"},{"data":"Sunder","floor":10,"key":"SMITH"},{"floor":13,"key":"REST"},{"data":"Defragment","floor":15,"key":"SMITH"}],"neow_cost":"TEN_PERCENT_HP_LOSS","seed_source_timestamp":897415363726900,"circlet_count":0,"master_deck":["AscendersBane","Strike_B","Strike_B","Strike_B","Strike_B","Defend_B","Defend_B","Defend_B","Defend_B","Zap","Dualcast","Creative AI+1","Defragment+1","Reinforced Body","Sunder+1","Seek","Ball Lightning","Amplify","Sunder+1","Fission","Conserve Battery","Ball Lightning+1"],"relics":["Cracked Core","Golden Idol","Thread and Needle","StoneCalendar","Dead Branch","DollysMirror","Black Star"],"potions_floor_usage":[6,6,16,20,20,21,21],"damage_taken":[{"damage":11,"enemies":"Small Slimes","floor":1,"turns":5},{"damage":1,"enemies":"2 Louse","floor":3,"turns":4},{"damage":2,"enemies":"Jaw Worm","floor":5,"turns":4},{"damage":27,"enemies":"Lagavulin","floor":6,"turns":8},{"damage":0,"enemies":"2 Fungi Beasts","floor":7,"turns":3},{"damage":16,"enemies":"3 Sentries","floor":11,"turns":5},{"damage":17,"enemies":"The Guardian","floor":16,"turns":8},{"damage":15,"enemies":"Chosen","floor":18,"turns":5},{"damage":11,"enemies":"3 Byrds","floor":20,"turns":5},{"damage":31,"enemies":"Snake Plant","floor":21,"turns":3}],"seed_played":"5688945974746001712","potions_obtained":[{"floor":1,"key":"Poison Potion"},{"floor":5,"key":"FocusPotion"},{"floor":7,"key":"SpeedPotion"},{"floor":19,"key":"SneckoOil"},{"floor":19,"key":"EntropicBrew"},{"floor":20,"key":"Swift Potion"}],"is_trial":false,"path_per_floor":["M","?","M","?","M","E","M","R","T","R","E","?","R","$","R","B",null,"M","?","M","M"],"character_chosen":"DEFECT","items_purchased":["DollysMirror"],"campfire_rested":2,"item_purchase_floors":[14],"current_hp_per_floor":[53,53,52,30,28,1,1,20,20,20,4,4,23,23,23,6,50,35,35,24,0],"gold":168,"neow_bonus":"THREE_RARE_CARDS","is_prod":false,"is_daily":false,"chose_seed":false,"campfire_upgraded":2,"win_rate":0,"timestamp":1548063795,"path_taken":["M","?","M","?","M","E","M","R","T","R","E","?","R","?","R","BOSS","M","?","M","?"],"build_version":"2019-01-17v2","purchased_purges":0,"victory":false,"max_hp_per_floor":[64,64,64,64,64,64,64,64,64,64,64,64,64,64,64,64,64,64,64,64,64],"card_choices":[{"not_picked":["Machine Learning","Echo Form"],"picked":"Creative AI","floor":0},{"not_picked":["Beam Cell","BootSequence"],"picked":"Defragment","floor":1},{"not_picked":["Chaos","Hologram"],"picked":"Reinforced Body","floor":3},{"not_picked":["Stack","Undo"],"picked":"Sunder","floor":5},{"not_picked":["Chill","Streamline"],"picked":"Seek","floor":6},{"not_picked":["Leap","Gash"],"picked":"Ball Lightning","floor":7},{"not_picked":["Doom and Gloom","Barrage"],"picked":"Amplify","floor":11},{"not_picked":["Thunder Strike","Multi-Cast"],"picked":"Fission","floor":16},{"not_picked":["Compile Driver","Sunder"],"picked":"Conserve Battery","floor":18},{"not_picked":["Beam Cell+1","Skim"],"picked":"Ball Lightning+1","floor":20}],"player_experience":574566,"relics_obtained":[{"floor":6,"key":"Thread and Needle"},{"floor":9,"key":"StoneCalendar"},{"floor":11,"key":"Dead Branch"}],"event_choices":[{"damage_healed":0,"gold_gain":0,"player_choice":"Ignored","damage_taken":0,"max_hp_gain":0,"max_hp_loss":0,"event_name":"Liars Game","floor":2,"gold_loss":0},{"damage_healed":0,"gold_gain":0,"player_choice":"Take Damage","damage_taken":22,"relics_obtained":["Golden Idol"],"max_hp_gain":0,"max_hp_loss":0,"event_name":"Golden Idol","floor":4,"gold_loss":0},{"damage_healed":0,"gold_gain":0,"player_choice":"Grow","damage_taken":0,"max_hp_gain":0,"max_hp_loss":0,"event_name":"Living Wall","floor":12,"gold_loss":0,"cards_upgraded":["Creative AI"]},{"damage_healed":0,"gold_gain":0,"player_choice":"Got Potions","damage_taken":0,"max_hp_gain":0,"max_hp_loss":0,"event_name":"Lab","floor":19,"gold_loss":0}],"is_beta":false,"boss_relics":[{"not_picked":["Philosopher\u0027s Stone","Tiny House"],"picked":"Black Star"}],"items_purged_floors":[],"is_endless":false,"potions_floor_spawned":[1,5,7,20],"killed_by":"Snake Plant","ascension_level":18}