{"gold_per_floor":[113,128,128,148,165,165,200,200,200,210,222,251,268,286,286,382,382,399,399,162,175,193,193,205,236,261,261,261,280,205,224,224,224],"floor_reached":33,"playtime":1665,"items_purged":["Strike_R"],"score":340,"play_id":"f9ed5a9d-9864-4f77-9c48-e3a3d5948e10","local_time":"20190203223934","is_ascension_mode":true,"campfire_choices":[{"data":"Bash","floor":6,"key":"SMITH"},{"data":"Heavy Blade","floor":8,"key":"SMITH"},{"floor":15,"key":"REST"},{"floor":23,"key":"REST"},{"floor":27,"key":"REST"},{"floor":32,"key":"REST"}],"neow_cost":"NONE","seed_source_timestamp":2242796307446366,"circlet_count":0,"master_deck":["Strike_R","Strike_R","Strike_R","Defend_R","Defend_R","Defend_R","Defend_R","Bash+1","Power Through","Cleave","Cleave","Heavy Blade+1","Iron Wave","Body Slam","Impervious","Iron Wave","True Grit","Double Tap","Shrug It Off","Shrug It Off","Reaper","Armaments+1","Intimidate+1","Flex","Feed","Armaments+1","Shockwave"],"relics":["Black Blood","Regal Pillow","Red Skull","Dodecahedron","Omamori","Nloth\u0027s Gift"],"potions_floor_usage":[7,16,21,25,25,29],"damage_taken":[{"damage":4,"enemies":"Small Slimes","floor":1,"turns":4},{"damage":6,"enemies":"Cultist","floor":2,"turns":3},{"damage":3,"enemies":"2 Louse","floor":4,"turns":3},{"damage":10,"enemies":"Gremlin Gang","floor":5,"turns":4},{"damage":30,"enemies":"3 Sentries","floor":7,"turns":6},{"damage":1,"enemies":"2 Fungi Beasts","floor":10,"turns":2},{"damage":0,"enemies":"Large Slime","floor":11,"turns":5},{"damage":37,"enemies":"Lagavulin","floor":12,"turns":8},{"damage":0,"enemies":"3 Louse","floor":13,"turns":2},{"damage":0,"enemies":"2 Fungi Beasts","floor":14,"turns":3},{"damage":50,"enemies":"Hexaghost","floor":16,"turns":12},{"damage":15,"enemies":"Spheric Guardian","floor":18,"turns":6},{"damage":51,"enemies":"3 Byrds","floor":21,"turns":10},{"damage":46,"enemies":"Snake Plant","floor":22,"turns":6},{"damage":47,"enemies":"3 Cultists","floor":24,"turns":7},{"damage":45,"enemies":"Slavers","floor":25,"turns":4},{"damage":35,"enemies":"Centurion and Healer","floor":29,"turns":9},{"damage":25,"enemies":"Snake Plant","floor":31,"turns":5},{"damage":115,"enemies":"Collector","floor":33,"turns":6}],"seed_played":"-303543157206548489","potions_obtained":[{"floor":0,"key":"Strength Potion"},{"floor":0,"key":"SkillPotion"},{"floor":0,"key":"GamblersBrew"},{"floor":1,"key":"Regen Potion"},{"floor":2,"key":"PowerPotion"},{"floor":10,"key":"Block Potion"},{"floor":16,"key":"Energy Potion"},{"floor":21,"key":"SmokeBomb"},{"floor":25,"key":"Weak Potion"},{"floor":31,"key":"Ancient Potion"}],"is_trial":false,"path_per_floor":["M","M","?","M","M","R","E","R","T","M","M","E","M","M","R","B",null,"M","?","$","M","M","R","M","E","T","R","?","M","?","M","R","B"],"character_chosen":"IRONCLAD","items_purchased":["Shrug It Off","Reaper"],"campfire_rested":4,"item_purchase_floors":[20,20],"current_hp_per_floor":[80,80,80,80,76,76,66,66,66,71,77,46,52,58,80,36,80,75,80,80,50,14,53,40,35,35,74,74,52,52,38,77,0],"gold":224,"neow_bonus":"THREE_SMALL_POTIONS","is_prod":false,"is_daily":false,"chose_seed":false,"campfire_upgraded":2,"win_rate":0,"timestamp":1549251574,"path_taken":["M","M","?","?","M","R","E","R","T","?","M","E","M","M","R","BOSS","M","?","$","?","M","R","M","E","T","R","?","?","?","M","R","BOSS"],"build_version":"2019-01-23","purchased_purges":1,"victory":false,"max_hp_per_floor":[80,80,80,80,80,80,80,80,80,80,80,80,80,80,80,80,80,80,80,80,80,80,80,80,80,80,80,80,83,83,83,83,83],"card_choices":[{"not_picked":["Sword Boomerang","Perfected Strike"],"picked":"Power Through","floor":1},{"not_picked":["Headbutt","Warcry"],"picked":"Cleave","floor":2},{"not_picked":["Barricade","Sword Boomerang"],"picked":"Cleave","floor":4},{"not_picked":["Cleave","Armaments"],"picked":"Heavy Blade","floor":5},{"not_picked":["Blood for Blood","Clash"],"picked":"Iron Wave","floor":7},{"not_picked":["Twin Strike","Power Through"],"picked":"Body Slam","floor":10},{"not_picked":["Intimidate","Infernal Blade"],"picked":"Impervious","floor":11},{"not_picked":["Fiend Fire","Twin Strike"],"picked":"Disarm","floor":12},{"not_picked":["Cleave","Sword Boomerang"],"picked":"Iron Wave","floor":13},{"not_picked":["Havoc","Body Slam"],"picked":"True Grit","floor":14},{"not_picked":["Offering","Fiend Fire"],"picked":"Double Tap","floor":16},{"not_picked":["Twin Strike","Headbutt"],"picked":"Shrug It Off","floor":18},{"not_picked":["Dark Embrace","Combust"],"picked":"Armaments+1","floor":21},{"not_picked":["Combust+1","Second Wind"],"picked":"Intimidate+1","floor":22},{"not_picked":["Pommel Strike","Shockwave"],"picked":"Flex","floor":24},{"not_picked":["Twin Strike+1","Wild Strike"],"picked":"Feed","floor":25},{"not_picked":["Warcry","Metallicize"],"picked":"Armaments+1","floor":29},{"not_picked":["Dual Wield","Armaments"],"picked":"Shockwave","floor":31}],"player_experience":142537,"relics_obtained":[{"floor":7,"key":"Regal Pillow"},{"floor":9,"key":"Red Skull"},{"floor":12,"key":"Dodecahedron"},{"floor":25,"key":"Unceasing Top"},{"floor":26,"key":"Omamori"}],"event_choices":[{"damage_healed":0,"gold_gain":0,"player_choice":"Bought 0 Potions","damage_taken":0,"max_hp_gain":0,"max_hp_loss":0,"event_name":"The Woman in Blue","floor":3,"gold_loss":0},{"cards_removed":["Disarm"],"damage_healed":5,"gold_gain":0,"player_choice":"Offered Uncommon","damage_taken":0,"max_hp_gain":0,"max_hp_loss":0,"event_name":"Bonfire Elementals","floor":19,"gold_loss":0},{"damage_healed":0,"gold_gain":0,"player_choice":"Traded Relic","damage_taken":0,"relics_obtained":["Nloth\u0027s Gift"],"max_hp_gain":0,"max_hp_loss":0,"event_name":"N\u0027loth","floor":28,"relics_lost":["Unceasing Top"],"gold_loss":0},{"cards_removed":["Strike_R"],"damage_healed":0,"gold_gain":0,"player_choice":"Gave Gold","damage_taken":0,"max_hp_gain":0,"max_hp_loss":0,"event_name":"Beggar","floor":30,"gold_loss":75}],"is_beta":false,"boss_relics":[{"not_picked":["Coffee Dripper","Eternal Feather"],"picked":"Black Blood"}],"items_purged_floors":[20],"is_endless":false,"potions_floor_spawned":[1,2,10,14,16,18,21,24,25,31],"killed_by":"Collector","ascension_level":4}