{"gold_per_floor":[117,117,132,152,168,168,202,217,217,217,243,38,38,49,49,120,120,133,96,116,127,127,127,152,162,162,191,191,223,223,252,252,328,328,348,348,20,37,49,49],"floor_reached":40,"playtime":2228,"items_purged":["Defend_R"],"score":953,"play_id":"d5006b6c-bad5-4811-81bb-6dd1b215515f","local_time":"20190227180726","is_ascension_mode":true,"campfire_choices":[{"data":"Cleave","floor":6.0,"key":"SMITH"},{"data":"True Grit","floor":10.0,"key":"SMITH"},{"data":"Rage","floor":13.0,"key":"SMITH"},{"data":"Bash","floor":15.0,"key":"SMITH"},{"data":"Whirlwind","floor":23.0,"key":"SMITH"},{"data":"Barricade","floor":32.0,"key":"SMITH"}],"neow_cost":"NONE","seed_source_timestamp":0,"circlet_count":0,"master_deck":["AscendersBane","Defend_R","Defend_R","Defend_R","Bash+1","Carnage","Shrug It Off","Cleave+1","Battle Trance","Iron Wave","True Grit+1","Rage+1","Iron Wave","Metallicize","Headbutt","Barricade+1","Battle Trance","Whirlwind+1","Shrug It Off","Anger","Bite","Bite","Bite","Bite","Bite","Sword Boomerang+1","Juggernaut","Double Tap+1","Shame","Pommel Strike+1","Flash of Steel+1"],"special_seed":0,"relics":["Burning Blood","NeowsBlessing","Ornamental Fan","Shuriken","Happy Flower","Cursed Key","Juzu Bracelet","The Courier","Omamori","Lantern","Calling Bell","Anchor","Molten Egg 2","Ginger","Ice Cream"],"potions_floor_usage":[],"damage_taken":[{"damage":0.0,"enemies":"Jaw Worm","floor":1.0,"turns":1.0},{"damage":0.0,"enemies":"Cultist","floor":3.0,"turns":1.0},{"damage":0.0,"enemies":"2 Louse","floor":4.0,"turns":1.0},{"damage":9.0,"enemies":"Exordium Wildlife","floor":5.0,"turns":6.0},{"damage":44.0,"enemies":"Lagavulin","floor":7.0,"turns":9.0},{"damage":3.0,"enemies":"Blue Slaver","floor":8.0,"turns":4.0},{"damage":11.0,"enemies":"3 Sentries","floor":11.0,"turns":4.0},{"damage":0.0,"enemies":"3 Louse","floor":14.0,"turns":2.0},{"damage":36.0,"enemies":"Hexaghost","floor":16.0,"turns":11.0},{"damage":0.0,"enemies":"Chosen","floor":18.0,"turns":6.0},{"damage":0.0,"enemies":"Spheric Guardian","floor":20.0,"turns":6.0},{"damage":27.0,"enemies":"Shelled Parasite and Fungi","floor":21.0,"turns":5.0},{"damage":26.0,"enemies":"Book of Stabbing","floor":24.0,"turns":5.0},{"damage":4.0,"enemies":"Snecko","floor":25.0,"turns":6.0},{"damage":20.0,"enemies":"Gremlin Leader","floor":27.0,"turns":5.0},{"damage":11.0,"enemies":"Slavers","floor":29.0,"turns":5.0},{"damage":34.0,"enemies":"Gremlin Leader","floor":31.0,"turns":7.0},{"damage":32.0,"enemies":"Champ","floor":33.0,"turns":10.0},{"damage":0.0,"enemies":"Orb Walker","floor":35.0,"turns":3.0},{"damage":17.0,"enemies":"3 Shapes","floor":38.0,"turns":4.0},{"damage":14.0,"enemies":"Jaw Worm Horde","floor":39.0,"turns":4.0},{"damage":51,"enemies":"Giant Head","floor":40,"turns":7}],"seed_played":"-1425628295830337831","potions_obtained":[{"floor":1.0,"key":"BloodPotion"},{"floor":3.0,"key":"GamblersBrew"},{"floor":5.0,"key":"PowerPotion"},{"floor":7.0,"key":"Explosive Potion"},{"floor":8.0,"key":"AttackPotion"},{"floor":20.0,"key":"SteroidPotion"},{"floor":24.0,"key":"Fire Potion"},{"floor":31.0,"key":"Regen Potion"},{"floor":33.0,"key":"FearPotion"}],"is_trial":false,"path_per_floor":["M","?","M","M","M","R","E","M","T","R","E","$","R","M","R","B",null,"M","$","M","M","?","R","E","M","T","E","?","E","?","E","R","B",null,"M","?","$","M","M","E"],"character_chosen":"IRONCLAD","items_purchased":["Iron Wave","Metallicize","Whirlwind","Ice Cream","Flash of Steel+1"],"campfire_rested":0,"item_purchase_floors":[12,12,19,37,37],"current_hp_per_floor":[74,74,75,75,72,72,34,37,37,37,32,32,32,38,38,8,58,64,64,70,49,49,49,39,52,52,44,31,38,38,24,24,20,48,57,57,57,48,46,7],"gold":49,"neow_bonus":"THREE_ENEMY_KILL","is_prod":false,"is_daily":false,"chose_seed":false,"campfire_upgraded":6,"win_rate":0,"timestamp":1551308846,"path_taken":["M","?","?","M","?","R","E","M","T","R","E","$","R","M","R","BOSS","M","$","M","M","?","R","E","M","T","E","?","E","?","E","R","BOSS","M","?","$","M","M","E"],"build_version":"2019-01-23","purchased_purges":1,"victory":false,"max_hp_per_floor":[75,75,75,75,75,75,75,75,75,75,75,75,75,75,75,75,75,75,75,75,75,52,52,52,52,52,52,57,57,57,57,57,57,57,57,57,57,57,57,57],"card_choices":[{"not_picked":["Hemokinesis","Warcry"],"picked":"Carnage","floor":1.0},{"not_picked":["Spot Weakness","Thunderclap"],"picked":"Shrug It Off","floor":3.0},{"not_picked":["Warcry","True Grit"],"picked":"Cleave","floor":4.0},{"not_picked":["Infernal Blade","Seeing Red"],"picked":"Battle Trance","floor":5.0},{"not_picked":["Carnage","Rupture"],"picked":"Iron Wave","floor":7.0},{"not_picked":["Shrug It Off","Ghostly Armor"],"picked":"True Grit","floor":8.0},{"not_picked":["Thunderclap","Fire Breathing"],"picked":"Rage","floor":11.0},{"not_picked":["Armaments","Warcry"],"picked":"Headbutt","floor":14.0},{"not_picked":["Immolate","Dark Embrace"],"picked":"Barricade","floor":16.0},{"not_picked":["Body Slam","Clash"],"picked":"Battle Trance","floor":18.0},{"not_picked":["Thunderclap","Rupture+1"],"picked":"Shrug It Off","floor":20.0},{"not_picked":["Sword Boomerang","Burning Pact"],"picked":"Anger","floor":21.0},{"not_picked":["Whirlwind","Clothesline","Pommel Strike"],"picked":"SKIP","floor":24.0},{"not_picked":["Bloodletting","Demon Form","Second Wind"],"picked":"SKIP","floor":25.0},{"not_picked":["Warcry","Inflame+1"],"picked":"Sword Boomerang+1","floor":27.0},{"not_picked":["Perfected Strike","Clothesline+1"],"picked":"Juggernaut","floor":29.0},{"not_picked":["Armaments","Heavy Blade","Whirlwind"],"picked":"SKIP","floor":31.0},{"not_picked":["Impervious","Offering"],"picked":"Double Tap","floor":33.0},{"not_picked":["Sentinel+1","Hemokinesis+1"],"picked":"Pommel Strike+1","floor":35.0},{"not_picked":["Shrug It Off+1","Flex","Flame Barrier"],"picked":"SKIP","floor":38.0},{"not_picked":["Clash+1","Barricade","Warcry"],"picked":"SKIP","floor":39.0}],"player_experience":596241,"relics_obtained":[{"floor":7.0,"key":"Shuriken"},{"floor":11.0,"key":"Happy Flower"},{"floor":24.0,"key":"Juzu Bracelet"},{"floor":27.0,"key":"The Courier"},{"floor":29.0,"key":"Omamori"},{"floor":31.0,"key":"Lantern"},{"floor":34.0,"key":"Anchor"},{"floor":34.0,"key":"Molten Egg 2"},{"floor":34.0,"key":"Ginger"}],"event_choices":[{"damage_healed":0.0,"max_hp_gain":0.0,"max_hp_loss":0.0,"gold_gain":0.0,"event_name":"WeMeetAgain","player_choice":"Gave Potion","floor":2.0,"gold_loss":0.0,"damage_taken":0.0,"relics_obtained":["Ornamental Fan"]},{"damage_healed":0.0,"max_hp_gain":0.0,"max_hp_loss":23.0,"gold_gain":0.0,"event_name":"Vampires","player_choice":"Became a vampire","floor":22.0,"gold_loss":0.0,"damage_taken":0.0,"cards_obtained":["Bite","Bite","Bite","Bite","Bite"]},{"damage_healed":0.0,"max_hp_gain":5.0,"max_hp_loss":0.0,"gold_gain":0.0,"event_name":"Forgotten Altar","player_choice":"Shed Blood","floor":28.0,"gold_loss":0.0,"damage_taken":18.0},{"damage_healed":0.0,"max_hp_gain":0.0,"max_hp_loss":0.0,"gold_gain":0.0,"event_name":"Ghosts","player_choice":"Ignored","floor":30.0,"gold_loss":0.0,"damage_taken":0.0},{"damage_healed":0.0,"max_hp_gain":0.0,"max_hp_loss":0.0,"gold_gain":0.0,"event_name":"Upgrade Shrine","player_choice":"Upgraded","floor":36.0,"gold_loss":0.0,"damage_taken":0.0,"cards_upgraded":["Double Tap"]}],"is_beta":false,"boss_relics":[{"not_picked":["White Beast Statue","Orrery"],"picked":"Cursed Key"},{"not_picked":["Sozu","Tiny House"],"picked":"Calling Bell"}],"items_purged_floors":[12],"is_endless":false,"potions_floor_spawned":[1,3,5,7,8,20,24,31,33,35],"killed_by":"Giant Head","ascension_level":19}