{"gold_per_floor":[115,35,35,35,35,63,63,89,160,160,188,67,67,84,84,182,182,193,193,182,97,21,21,21],"floor_reached":24,"playtime":572,"items_purged":[],"score":400,"play_id":"28fca94a-3a7b-4105-9988-d4d673493730","local_time":"20180922113403","is_ascension_mode":true,"campfire_choices":[{"data":"Rip and Tear","floor":10,"key":"SMITH"},{"data":"Defragment","floor":15,"key":"SMITH"},{"data":"Storm","floor":23,"key":"SMITH"}],"neow_cost":"NONE","seed_source_timestamp":667306120496000,"circlet_count":0,"master_deck":["Strike_B","Strike_B","Strike_B","Defend_B","Defend_B","Defend_B","Defend_B","Zap+1","Dualcast","AscendersBane","Rip and Tear+1","Defragment+1","Leap","Static Discharge","White Noise","Ball Lightning+1","Defragment+1","White Noise","Creative AI","Defragment","Storm+1"],"relics":["Cracked Core","NeowsBlessing","Torii","Molten Egg 2","Anchor","Bottled Flame","Nuclear Battery","Nloth\u0027s Gift","Turnip"],"potions_floor_usage":[11,20],"damage_taken":[{"damage":0,"enemies":"Cultist","floor":1,"turns":1},{"damage":0,"enemies":"3 Sentries","floor":6,"turns":1},{"damage":0,"enemies":"Lagavulin","floor":8,"turns":1},{"damage":3,"enemies":"3 Sentries","floor":11,"turns":6},{"damage":0,"enemies":"Jaw Worm","floor":14,"turns":2},{"damage":17,"enemies":"The Guardian","floor":16,"turns":7},{"damage":6,"enemies":"Spheric Guardian","floor":18,"turns":3},{"damage":6,"enemies":"2 Thieves","floor":20,"turns":4},{"damage":67,"enemies":"Slavers","floor":24,"turns":3}],"seed_played":"7376134443205407244","potions_obtained":[{"floor":8,"key":"Fire Potion"},{"floor":16,"key":"Fire Potion"}],"is_trial":false,"path_per_floor":["M","$","?","?","$","E","?","E","T","R","E","$","T","M","R","B",null,"M","?","M","?","$","R"],"character_chosen":"DEFECT","items_purchased":["Defragment","Ball Lightning+1","Defragment","Storm"],"campfire_rested":0,"item_purchase_floors":[2,12,12,22],"current_hp_per_floor":[68,68,68,68,68,68,68,68,68,68,65,65,65,65,65,48,68,62,62,63,63,63,63,0],"gold":21,"neow_bonus":"THREE_ENEMY_KILL","is_prod":false,"is_daily":false,"chose_seed":false,"campfire_upgraded":3,"win_rate":0,"timestamp":1537630443,"path_taken":["M","?","?","?","$","E","?","E","T","R","E","$","?","?","R","BOSS","M","?","M","?","$","R","E"],"build_version":"2018-09-20","purchased_purges":0,"victory":false,"max_hp_per_floor":[75,75,75,75,75,75,75,75,75,75,75,75,75,75,75,75,75,75,75,75,75,75,75,75],"card_choices":[{"not_picked":["Turbo","Hello World"],"picked":"Rip and Tear","floor":1},{"not_picked":["Steam","Gash"],"picked":"Leap","floor":6},{"not_picked":["Steam Power","Redo"],"picked":"Static Discharge","floor":8},{"not_picked":["Fission","Streamline+1"],"picked":"White Noise","floor":11},{"not_picked":["Rip and Tear+1","Conserve Battery"],"picked":"White Noise","floor":14},{"not_picked":["Reboot","Seek"],"picked":"Creative AI","floor":16},{"not_picked":["Gash+1","Compile Driver+1","Steam"],"picked":"SKIP","floor":18},{"not_picked":["Rebound+1","Beam Cell+1"],"picked":"Defragment","floor":20}],"player_experience":235405,"relics_obtained":[{"floor":6,"key":"Torii"},{"floor":8,"key":"Girya"},{"floor":9,"key":"Molten Egg 2"},{"floor":11,"key":"Anchor"},{"floor":13,"key":"Bottled Flame"}],"event_choices":[{"event_name":"Accursed Blacksmith","player_choice":"Forge","floor":3,"damage_taken":0},{"event_name":"Upgrade Shrine","player_choice":"Upgraded","floor":4,"damage_taken":0},{"event_name":"Living Wall","player_choice":"Forget","floor":7,"damage_taken":0},{"event_name":"N\u0027loth","player_choice":"Traded a Girya","floor":19,"damage_taken":0},{"event_name":"Addict","player_choice":"Obtained Relic","floor":21,"damage_taken":0}],"is_beta":false,"boss_relics":[{"not_picked":["Eternal Feather","Lizard Tail"],"picked":"Nuclear Battery"}],"items_purged_floors":[],"is_endless":false,"potions_floor_spawned":[8,16],"killed_by":"Slavers","ascension_level":11}