{"gold_per_floor":[414,424,5,5,5,5,37,37,37,37,37,49,49,61,61,61],"floor_reached":16,"playtime":419,"items_purged":[],"score":191,"play_id":"132ffd3c-19c0-4631-8b77-fe0bd28be285","local_time":"20190205201115","is_ascension_mode":true,"campfire_choices":[{"data":"Zap","floor":6,"key":"SMITH"},{"data":"Static Discharge","floor":8,"key":"SMITH"},{"data":"Auto Shields","floor":10,"key":"SMITH"},{"data":"Coolheaded","floor":13,"key":"SMITH"},{"data":"Coolheaded","floor":15,"key":"SMITH"}],"neow_cost":"PERCENT_DAMAGE","seed_source_timestamp":265925050390600,"circlet_count":0,"master_deck":["AscendersBane","Strike_B","Strike_B","Strike_B","Strike_B","Defend_B","Defend_B","Defend_B","Defend_B","Zap+1","Dualcast","Auto Shields+1","Stack","Static Discharge+1","Coolheaded+1","Coolheaded+1","Conserve Battery","Multi-Cast"],"relics":["Cracked Core","Old Coin","Gremlin Horn","CultistMask","PreservedInsect","Cables"],"potions_floor_usage":[7,16,16],"damage_taken":[{"damage":3,"enemies":"2 Louse","floor":1,"turns":3},{"damage":4,"enemies":"Jaw Worm","floor":2,"turns":4},{"damage":12,"enemies":"3 Sentries","floor":7,"turns":6},{"damage":0,"enemies":"Cultist","floor":12,"turns":4},{"damage":0,"enemies":"Looter","floor":14,"turns":4},{"damage":27,"enemies":"Slime Boss","floor":16,"turns":6}],"seed_played":"-5023221776177221592","potions_obtained":[{"floor":1,"key":"FocusPotion"},{"floor":7,"key":"FearPotion"},{"floor":12,"key":"SkillPotion"}],"is_trial":false,"path_per_floor":["M","M","$","?","?","R","E","R","T","R","$","M","R","M","R","B"],"character_chosen":"DEFECT","items_purchased":["Gremlin Horn","Static Discharge","Coolheaded"],"campfire_rested":0,"item_purchase_floors":[3,3,3],"current_hp_per_floor":[43,39,39,39,39,39,27,27,27,27,27,27,27,27,27,0],"gold":61,"neow_bonus":"ONE_RARE_RELIC","is_prod":false,"is_daily":false,"chose_seed":false,"campfire_upgraded":5,"win_rate":0,"timestamp":1549426275,"path_taken":["M","M","$","?","?","R","E","R","T","R","$","M","R","?","R","BOSS"],"build_version":"2019-01-23","purchased_purges":0,"victory":false,"max_hp_per_floor":[71,71,71,71,71,71,71,71,71,71,71,71,71,71,71,71],"card_choices":[{"not_picked":["Steam","Compile Driver"],"picked":"Auto Shields","floor":1},{"not_picked":["Go for the Eyes","Hologram"],"picked":"Stack","floor":2},{"not_picked":["Sweeping Beam","Leap"],"picked":"Coolheaded","floor":7},{"not_picked":["Hologram","Sweeping Beam"],"picked":"Conserve Battery","floor":12},{"not_picked":["Force Field","Recycle"],"picked":"Multi-Cast","floor":14}],"player_experience":633106,"relics_obtained":[{"floor":7,"key":"PreservedInsect"},{"floor":9,"key":"Cables"}],"event_choices":[{"damage_healed":0,"gold_gain":0,"player_choice":"Leave","damage_taken":0,"max_hp_gain":0,"max_hp_loss":0,"event_name":"The Cleric","floor":4,"gold_loss":0},{"damage_healed":0,"gold_gain":0,"player_choice":"Trade","damage_taken":0,"relics_obtained":["CultistMask"],"max_hp_gain":0,"max_hp_loss":0,"event_name":"FaceTrader","floor":5,"gold_loss":0}],"is_beta":false,"boss_relics":[],"items_purged_floors":[],"is_endless":false,"potions_floor_spawned":[1,7,12],"killed_by":"Slime Boss","ascension_level":19}