{"gold_per_floor":[113,188,206,222,233,263,263,295,295,295,295,311,338,351,351,428,428,443,17,49,59,59,94,107,107,153,187,206,206,206,221,221,294,294,308,321,543,219,234,268,288,318,341,321,336,349,22,40,40,40,40,40,1,30,30],"floor_reached":55,"playtime":3283,"items_purged":["Defend_R","Defend_R"],"score":1513,"play_id":"20a3fe8b-2a4b-422a-a5b6-b7fa114e89f6","local_time":"20190221175038","is_ascension_mode":true,"campfire_choices":[{"data":"Body Slam","floor":7.0,"key":"SMITH"},{"floor":10.0,"key":"REST"},{"data":"Rage","floor":15.0,"key":"SMITH"},{"data":"Uppercut","floor":25.0,"key":"SMITH"},{"data":"Feed","floor":29.0,"key":"SMITH"},{"floor":32.0,"key":"DIG"},{"floor":49.0,"key":"RECALL"},{"data":"Disarm","floor":52.0,"key":"SMITH"}],"neow_cost":"NONE","seed_source_timestamp":152383129879020,"circlet_count":0,"master_deck":["AscendersBane","Defend_R+1","Defend_R+1","Bash","Body Slam+1","Dropkick","Anger","Dropkick","Metallicize","Cleave","Carnage","Metallicize","Rage+1","Double Tap","Sentinel+1","Power Through+1","Heavy Blade+1","Wild Strike","Feed+1","Pummel","Uppercut+1","J.A.X.","Cleave+1","Spot Weakness+1","Limit Break","Shockwave","Rage+1","Iron Wave","Juggernaut","Body Slam+1","Warcry+1","Dark Embrace","Sword Boomerang+1","Feel No Pain","Havoc+1","Pummel","Shrug It Off","Disarm+1","Evolve","Battle Trance+1"],"special_seed":0,"relics":["Burning Blood","Ginger","Darkstone Periapt","FossilizedHelix","Gambling Chip","Astrolabe","Membership Card","War Paint","Red Mask","Shovel","Omamori","Centennial Puzzle","Happy Flower","Cursed Key","OrangePellets","Pen Nib","PreservedInsect","Dodecahedron","Blood Vial","Ice Cream","Paper Frog","Bronze Scales"],"potions_floor_usage":[],"damage_taken":[{"damage":3.0,"enemies":"2 Louse","floor":1.0,"turns":3.0},{"damage":9.0,"enemies":"Jaw Worm","floor":3.0,"turns":5.0},{"damage":8.0,"enemies":"Cultist","floor":4.0,"turns":5.0},{"damage":7.0,"enemies":"Looter","floor":5.0,"turns":5.0},{"damage":26.0,"enemies":"Gremlin Nob","floor":6.0,"turns":4.0},{"damage":33.0,"enemies":"Lagavulin","floor":8.0,"turns":6.0},{"damage":0.0,"enemies":"2 Fungi Beasts","floor":12.0,"turns":4.0},{"damage":5.0,"enemies":"Gremlin Nob","floor":13.0,"turns":4.0},{"damage":0.0,"enemies":"Gremlin Gang","floor":14.0,"turns":3.0},{"damage":32.0,"enemies":"Hexaghost","floor":16.0,"turns":13.0},{"damage":12.0,"enemies":"Chosen","floor":18.0,"turns":6.0},{"damage":0.0,"enemies":"Masked Bandits","floor":20.0,"turns":5.0},{"damage":3.0,"enemies":"2 Thieves","floor":21.0,"turns":5.0},{"damage":16.0,"enemies":"Slavers","floor":23.0,"turns":7.0},{"damage":29.0,"enemies":"Snake Plant","floor":24.0,"turns":4.0},{"damage":10.0,"enemies":"Gremlin Leader","floor":27.0,"turns":4.0},{"damage":6.0,"enemies":"Centurion and Healer","floor":28.0,"turns":4.0},{"damage":13.0,"enemies":"Sentry and Sphere","floor":31.0,"turns":6.0},{"damage":17.0,"enemies":"Champ","floor":33.0,"turns":9.0},{"damage":37.0,"enemies":"3 Darklings","floor":35.0,"turns":3.0},{"damage":0.0,"enemies":"3 Shapes","floor":36.0,"turns":8.0},{"damage":3.0,"enemies":"Maw","floor":39.0,"turns":6.0},{"damage":5.0,"enemies":"Giant Head","floor":40.0,"turns":4.0},{"damage":9.0,"enemies":"3 Darklings","floor":41.0,"turns":3.0},{"damage":0.0,"enemies":"Reptomancer","floor":42.0,"turns":4.0},{"damage":0.0,"enemies":"Spire Growth","floor":45.0,"turns":5.0},{"damage":7.0,"enemies":"Maw","floor":46.0,"turns":7.0},{"damage":0.0,"enemies":"Jaw Worm Horde","floor":48.0,"turns":4.0},{"damage":51.0,"enemies":"Time Eater","floor":50.0,"turns":10.0},{"damage":54.0,"enemies":"Shield and Spear","floor":54.0,"turns":4.0},{"damage":34,"enemies":"The Heart","floor":55,"turns":3}],"seed_played":"7135887748006549393","potions_obtained":[{"floor":4.0,"key":"Weak Potion"},{"floor":12.0,"key":"Energy Potion"},{"floor":13.0,"key":"Explosive Potion"},{"floor":14.0,"key":"Strength Potion"},{"floor":20.0,"key":"FearPotion"},{"floor":24.0,"key":"Energy Potion"},{"floor":39.0,"key":"EntropicBrew"},{"floor":40.0,"key":"AttackPotion"},{"floor":44.0,"key":"SpeedPotion"}],"is_trial":false,"path_per_floor":["M","?","M","M","M","E","R","E","T","R","?","M","E","M","R","B",null,"M","$","?","M","?","E","M","R","T","E","M","R","?","M","R","B",null,"M","M","?","$","M","E","M","E","T","?","M","M","$","M","R","B",null,"R","$","E","B"],"character_chosen":"IRONCLAD","items_purchased":["Membership Card","War Paint","Feed","OrangePellets","Pen Nib","PreservedInsect","Ice Cream","Paper Frog","Shrug It Off","Evolve"],"campfire_rested":1,"item_purchase_floors":[19,19,19,38,38,38,47,47,47,53],"current_hp_per_floor":[71,60,57,55,54,34,34,7,7,29,22,28,29,35,35,9,59,53,53,62,65,65,55,32,32,32,28,31,31,31,28,28,17,68,37,43,43,43,50,51,48,58,58,58,66,67,67,75,75,32,78,78,78,32,0],"gold":30,"neow_bonus":"REMOVE_CARD","is_prod":false,"is_daily":false,"chose_seed":false,"campfire_upgraded":5,"win_rate":0,"timestamp":1550789438,"path_taken":["M","?","M","M","M","E","R","E","T","R","?","M","E","M","R","BOSS","M","$","?","M","?","E","?","R","T","E","M","R","?","M","R","BOSS","M","?","?","$","M","E","M","E","T","?","M","M","$","M","R","BOSS","R","$","E","BOSS"],"build_version":"2019-01-23","purchased_purges":2,"victory":false,"max_hp_per_floor":[75,75,75,75,75,75,75,75,75,75,75,75,75,75,75,75,75,75,75,78,78,78,78,78,78,78,78,81,81,81,85,85,85,85,85,85,85,85,89,89,89,93,93,93,93,93,93,93,93,93,93,93,93,93,93],"card_choices":[{"not_picked":["Thunderclap","Infernal Blade"],"picked":"Body Slam","floor":1.0},{"not_picked":["Intimidate","Flex"],"picked":"Dropkick","floor":3.0},{"not_picked":["Sword Boomerang","Seeing Red"],"picked":"Anger","floor":4.0},{"not_picked":["Pummel","Metallicize"],"picked":"Dropkick","floor":5.0},{"not_picked":["Shrug It Off","Armaments"],"picked":"Metallicize","floor":6.0},{"not_picked":["Headbutt","Sword Boomerang"],"picked":"Cleave","floor":8.0},{"not_picked":["Cleave","Evolve"],"picked":"Carnage","floor":12.0},{"not_picked":["Clash","Rage"],"picked":"Metallicize","floor":13.0},{"not_picked":["Combust","Heavy Blade"],"picked":"Rage","floor":14.0},{"not_picked":["Juggernaut","Dark Embrace"],"picked":"Double Tap","floor":16.0},{"not_picked":["Flex","Anger"],"picked":"Wild Strike","floor":18.0},{"not_picked":["Havoc","Intimidate"],"picked":"Pummel","floor":20.0},{"not_picked":["Shrug It Off","Dual Wield"],"picked":"Uppercut","floor":21.0},{"not_picked":["Iron Wave","Whirlwind"],"picked":"Cleave+1","floor":23.0},{"not_picked":["Combust","Shrug It Off"],"picked":"Spot Weakness+1","floor":24.0},{"not_picked":["Thunderclap","Combust+1"],"picked":"Limit Break","floor":27.0},{"not_picked":["Havoc","Anger"],"picked":"Shockwave","floor":28.0},{"not_picked":["Twin Strike","Pommel Strike"],"picked":"Iron Wave","floor":31.0},{"not_picked":["Berserk","Double Tap"],"picked":"Juggernaut","floor":33.0},{"not_picked":["Uppercut","Shrug It Off+1"],"picked":"Body Slam+1","floor":35.0},{"not_picked":["Warcry","Pommel Strike","Twin Strike"],"picked":"SKIP","floor":36.0},{"not_picked":["Twin Strike","Armaments"],"picked":"Warcry+1","floor":39.0},{"not_picked":["Cleave","Armaments"],"picked":"Dark Embrace","floor":40.0},{"not_picked":["Ghostly Armor","Sentinel"],"picked":"Sword Boomerang+1","floor":41.0},{"not_picked":["Anger","Dual Wield"],"picked":"Feel No Pain","floor":42.0},{"not_picked":["Thunderclap","True Grit"],"picked":"Havoc+1","floor":45.0},{"not_picked":["Clash+1","Entrench"],"picked":"Pummel","floor":46.0},{"not_picked":["Dual Wield","Sword Boomerang+1"],"picked":"Disarm","floor":48.0},{"not_picked":["Power Through","Searing Blow"],"picked":"Battle Trance+1","floor":54}],"player_experience":535872,"relics_obtained":[{"floor":6.0,"key":"Ginger"},{"floor":8.0,"key":"Darkstone Periapt"},{"floor":9.0,"key":"FossilizedHelix"},{"floor":13.0,"key":"Gambling Chip"},{"floor":20.0,"key":"Red Mask"},{"floor":23.0,"key":"Shovel"},{"floor":26.0,"key":"Omamori"},{"floor":27.0,"key":"Centennial Puzzle"},{"floor":32.0,"key":"Happy Flower"},{"floor":40.0,"key":"Dodecahedron"},{"floor":42.0,"key":"Blood Vial"},{"floor":54,"key":"Bronze Scales"}],"event_choices":[{"damage_healed":0.0,"max_hp_gain":0.0,"max_hp_loss":0.0,"gold_gain":75.0,"event_name":"World of Goop","player_choice":"Gather Gold","floor":2.0,"gold_loss":0.0,"damage_taken":11.0},{"cards_removed":["Strike_R"],"damage_healed":0.0,"max_hp_gain":0.0,"max_hp_loss":0.0,"gold_gain":0.0,"event_name":"Golden Wing","player_choice":"Card Removal","floor":11.0,"gold_loss":0.0,"damage_taken":7.0},{"damage_healed":0.0,"max_hp_gain":0.0,"max_hp_loss":0.0,"gold_gain":0.0,"event_name":"Masked Bandits","player_choice":"Fought Bandits","floor":20.0,"gold_loss":0.0,"damage_taken":0.0},{"damage_healed":0.0,"max_hp_gain":0.0,"max_hp_loss":0.0,"gold_gain":0.0,"event_name":"Drug Dealer","player_choice":"Obtain J.A.X.","floor":22.0,"gold_loss":0.0,"damage_taken":0.0,"cards_obtained":["J.A.X."]},{"damage_healed":0.0,"max_hp_gain":0.0,"max_hp_loss":0.0,"gold_gain":0.0,"event_name":"Duplicator","player_choice":"Copied","floor":30.0,"gold_loss":0.0,"damage_taken":0.0,"cards_obtained":["Rage"]},{"damage_healed":0.0,"max_hp_gain":0.0,"max_hp_loss":0.0,"gold_gain":222.0,"event_name":"Tomb of Lord Red Mask","player_choice":"Wore Mask","floor":37.0,"gold_loss":0.0,"damage_taken":0.0},{"damage_healed":0.0,"max_hp_gain":0.0,"max_hp_loss":0.0,"gold_gain":0.0,"event_name":"The Woman in Blue","player_choice":"Bought 1 Potion","floor":44.0,"gold_loss":0.0,"damage_taken":0.0}],"is_beta":false,"boss_relics":[{"not_picked":["Eternal Feather","Snecko Eye"],"picked":"Astrolabe"},{"not_picked":["Black Blood","Sozu"],"picked":"Cursed Key"}],"items_purged_floors":[19,38],"is_endless":false,"potions_floor_spawned":[4,12,13,14,20,24,39,40,41,46],"killed_by":"The Heart","ascension_level":17}