{"path_per_floor":["M","?","$","M","M","E","R","M","T","E","?","E","M","M","R","B",null,"M","$","?","M","M","R","M","E","T","R","$","R","?","M","R","B",null,"M","?","?","M","$","R","E","M","T","$","M","?","R","?","R","B"],"character_chosen":"DEFECT","items_purchased":["Du-Vu Doll","Capacitor","Mercury Hourglass","Glacier","Defragment","Cold Snap","Stack","Reinforced Body","Hologram"],"gold_per_floor":[410,410,17,27,43,68,68,83,108,136,156,188,204,221,221,319,319,308,8,8,26,46,46,63,91,173,173,41,41,73,83,83,184,184,204,204,204,216,9,9,39,49,76,24,35,35,35,35,35,35],"floor_reached":51,"campfire_rested":3,"playtime":3334,"item_purchase_floors":[3,3,19,19,28,28,39,39,44],"current_hp_per_floor":[68,68,68,62,62,54,54,51,51,53,49,64,71,70,70,68,73,64,64,64,63,55,55,36,25,25,47,47,47,8,15,37,30,64,27,27,27,22,22,44,51,58,58,58,61,61,61,61,61,23],"items_purged":["Strike_B"],"gold":35,"score":1148,"play_id":"d49dbabd-243b-4a10-b354-831595bb0d7e","local_time":"20180601181934","is_prod":false,"is_daily":false,"chose_seed":false,"is_ascension_mode":true,"campfire_upgraded":6,"win_rate":0,"timestamp":1527869974,"campfire_choices":[{"data":"Zap","floor":7,"key":"SMITH"},{"data":"Capacitor","floor":15,"key":"SMITH"},{"data":"Seek","floor":23,"key":"SMITH"},{"floor":27,"key":"REST"},{"data":"Defragment","floor":29,"key":"SMITH"},{"floor":32,"key":"REST"},{"floor":40,"key":"REST"},{"data":"Hologram","floor":47,"key":"SMITH"},{"data":"Hologram","floor":49,"key":"SMITH"}],"path_taken":["M","?","$","?","M","E","R","M","T","E","?","E","M","M","R","BOSS","M","?","?","M","M","R","M","E","T","R","$","R","?","M","R","BOSS","M","?","?","M","$","R","E","M","T","?","?","?","R","?","R","BOSS"],"build_version":"2018-05-31","seed_source_timestamp":34827872075697,"purchased_purges":1,"victory":true,"master_deck":["Strike_B","Defend_B","Defend_B","Defend_B","Defend_B","Zap+1","Dualcast","AscendersBane","Clumsy","Consume+1","Capacitor+1","Cold Snap","Self Repair","Coolheaded","Leap","White Noise","Rebound","Doom and Gloom","Barrage","BootSequence","Seek+1","Skim","Glacier","FTL+1","Turbo+1","Defragment+1","Leap+1","Defragment+1","Cold Snap","White Noise","Seek","Hologram+1","Stack","Reinforced Body","Compile Driver+1","Hologram+1","Chaos+1"],"max_hp_per_floor":[75,75,75,75,75,75,75,75,75,75,75,75,75,75,75,75,75,75,75,75,75,75,75,75,75,75,75,75,75,75,75,75,75,75,75,75,75,75,75,75,75,75,75,75,75,75,75,75,75,75],"relics":["Cracked Core","Old Coin","Du-Vu Doll","Omamori","Art of War","Bag of Marbles","Odd Mushroom","Darkstone Periapt","Inserter","Mercury Hourglass","Anchor","Mummified Hand","Red Mask","Philosopher\u0027s Stone","Meat on the Bone","Boot"],"card_choices":[{"not_picked":["Gash","White Noise"],"picked":"Consume","floor":1},{"not_picked":["Auto Shields","Heatsinks"],"picked":"Cold Snap","floor":4},{"not_picked":["Sweeping Beam","Double Energy"],"picked":"Self Repair","floor":5},{"not_picked":["Streamline","Chaos"],"picked":"Coolheaded","floor":6},{"not_picked":["Coolheaded","Streamline"],"picked":"Leap","floor":8},{"not_picked":["Double Energy","Streamline"],"picked":"White Noise","floor":10},{"not_picked":["Blizzard","White Noise"],"picked":"Rebound","floor":11},{"not_picked":["Stack","Melter"],"picked":"Doom and Gloom","floor":12},{"not_picked":["Ball Lightning","Turbo"],"picked":"Barrage","floor":13},{"not_picked":["Auto Shields","Gash"],"picked":"BootSequence","floor":14},{"not_picked":["Creative AI","Electrodynamics"],"picked":"Seek","floor":16},{"not_picked":["Conserve Battery","Gash"],"picked":"Skim","floor":18},{"not_picked":["Streamline","Beam Cell"],"picked":"FTL+1","floor":21},{"not_picked":["Melter","Hello World+1"],"picked":"Turbo+1","floor":22},{"not_picked":["Streamline","Turbo"],"picked":"Defragment+1","floor":24},{"not_picked":["Fusion","Sweeping Beam"],"picked":"Leap+1","floor":25},{"not_picked":["Sweeping Beam","Sunder"],"picked":"White Noise","floor":31},{"not_picked":["Core Surge","Hyperbeam"],"picked":"Seek","floor":33},{"not_picked":["Lockon","Darkness","Beam Cell"],"picked":"SKIP","floor":35},{"not_picked":["Steam","Cold Snap+1"],"picked":"Hologram","floor":38},{"not_picked":["Gash+1","Sunder"],"picked":"Compile Driver+1","floor":41},{"not_picked":["Scrape","Gash+1","Sweeping Beam+1"],"picked":"SKIP","floor":42},{"not_picked":["Steam+1","Lockon"],"picked":"Chaos+1","floor":45}],"player_experience":593860,"potions_floor_usage":[12,16,16,24,25,25,25,35,50,50],"damage_taken":[{"damage":0,"enemies":"2 Louse","floor":1,"turns":2},{"damage":6,"enemies":"Cultist","floor":4,"turns":4},{"damage":0,"enemies":"Jaw Worm","floor":5,"turns":3},{"damage":15,"enemies":"3 Sentries","floor":6,"turns":9},{"damage":10,"enemies":"Red Slaver","floor":8,"turns":3},{"damage":5,"enemies":"Lagavulin","floor":10,"turns":8},{"damage":4,"enemies":"The Mushroom Lair","floor":11,"turns":4},{"damage":6,"enemies":"3 Sentries","floor":12,"turns":6},{"damage":0,"enemies":"2 Fungi Beasts","floor":13,"turns":2},{"damage":8,"enemies":"3 Louse","floor":14,"turns":5},{"damage":9,"enemies":"The Guardian","floor":16,"turns":9},{"damage":16,"enemies":"2 Thieves","floor":18,"turns":4},{"damage":8,"enemies":"3 Byrds","floor":21,"turns":4},{"damage":15,"enemies":"Centurion and Healer","floor":22,"turns":7},{"damage":26,"enemies":"Snake Plant","floor":24,"turns":4},{"damage":33,"enemies":"Book of Stabbing","floor":25,"turns":7},{"damage":46,"enemies":"Masked Bandits","floor":30,"turns":4},{"damage":0,"enemies":"Chosen and Byrds","floor":31,"turns":6},{"damage":14,"enemies":"Collector","floor":33,"turns":9},{"damage":37,"enemies":"3 Darklings","floor":35,"turns":5},{"damage":12,"enemies":"3 Shapes","floor":38,"turns":4},{"damage":0,"enemies":"Nemesis","floor":41,"turns":7},{"damage":0,"enemies":"Sphere and 2 Shapes","floor":42,"turns":4},{"damage":4,"enemies":"4 Shapes","floor":45,"turns":4},{"damage":57,"enemies":"Awakened One","floor":50,"turns":15}],"relics_obtained":[{"floor":6,"key":"Omamori"},{"floor":9,"key":"Art of War"},{"floor":10,"key":"Bag of Marbles"},{"floor":11,"key":"Odd Mushroom"},{"floor":12,"key":"Darkstone Periapt"},{"floor":25,"key":"Anchor"},{"floor":26,"key":"Mummified Hand"},{"floor":30,"key":"Red Mask"},{"floor":41,"key":"Meat on the Bone"},{"floor":43,"key":"Boot"}],"event_choices":[{"event_name":"Accursed Blacksmith","player_choice":"Forge","floor":2,"damage_taken":0},{"event_name":"Mushrooms","player_choice":"Fought Mushrooms","floor":11,"damage_taken":0},{"event_name":"Ghosts","player_choice":"Ignored","floor":20,"damage_taken":0},{"event_name":"Masked Bandits","player_choice":"Fought over 41 gold","floor":30,"damage_taken":0},{"event_name":"Purifier","player_choice":"One Purge","floor":36,"damage_taken":0},{"event_name":"SensoryStone","player_choice":"Memory 1","floor":46,"damage_taken":0},{"event_name":"SecretPortal","player_choice":"Rejected Portal.","floor":48,"damage_taken":0}],"boss_relics":[{"not_picked":["Orrery","Snecko Eye"],"picked":"Inserter"},{"not_picked":["Eternal Feather","Nuclear Battery"],"picked":"Philosopher\u0027s Stone"}],"items_purged_floors":[39],"potions_floor_spawned":[4,6,10,11,12,16,18,24,30,35,38,45],"seed_played":"-5341300329278846252","ascension_level":10,"potions_obtained":[{"floor":4,"key":"Poison Potion"},{"floor":6,"key":"Poison Potion"},{"floor":10,"key":"SkillPotion"},{"floor":11,"key":"Regen Potion"},{"floor":12,"key":"AttackPotion"},{"floor":16,"key":"Swift Potion"},{"floor":18,"key":"Strength Potion"},{"floor":24,"key":"Regen Potion"},{"floor":30,"key":"Energy Potion"},{"floor":35,"key":"PowerPotion"},{"floor":38,"key":"Ancient Potion"},{"floor":45,"key":"Fire Potion"}],"is_trial":false}