{"gold_per_floor":[119,135,135,146,97,97,97,97,97,108,128,21,21,40,40,40],"floor_reached":16,"playtime":337,"items_purged":[],"score":92,"play_id":"3a4be100-41b5-4b18-9b14-4082eac03470","local_time":"20190216142829","is_ascension_mode":false,"campfire_choices":[{"data":"Armaments","floor":6,"key":"SMITH"},{"data":"Bash","floor":8,"key":"SMITH"},{"data":"Searing Blow","floor":13,"key":"SMITH"},{"floor":15,"key":"REST"}],"neow_cost":"NONE","seed_source_timestamp":156780844226308,"circlet_count":0,"master_deck":["Strike_R","Strike_R","Strike_R+1","Strike_R","Strike_R","Defend_R","Defend_R","Defend_R","Defend_R","Bash+1","Body Slam+1","Thunderclap","Armaments+1","Rampage","Searing Blow+1","Flame Barrier","Shockwave"],"relics":["Busted Crown","Pear"],"potions_floor_usage":[],"damage_taken":[{"damage":1,"enemies":"Cultist","floor":1,"turns":3},{"damage":0,"enemies":"Small Slimes","floor":2,"turns":4},{"damage":6,"enemies":"Jaw Worm","floor":4,"turns":3},{"damage":6,"enemies":"Large Slime","floor":10,"turns":4},{"damage":15,"enemies":"Exordium Thugs","floor":11,"turns":4},{"damage":0,"enemies":"Looter","floor":14,"turns":3},{"damage":0,"enemies":"Hexaghost","floor":16,"turns":2}],"seed_played":"7539166179072887678","potions_obtained":[{"floor":2,"key":"Energy Potion"},{"floor":14,"key":"Dexterity Potion"}],"is_trial":false,"path_per_floor":["M","M","?","M","$","R","?","R","T","M","M","$","R","M","R","B"],"character_chosen":"IRONCLAD","items_purchased":["Armaments","Searing Blow","Flame Barrier"],"campfire_rested":1,"item_purchase_floors":[5,12,12],"current_hp_per_floor":[79,79,79,73,73,73,57,57,67,61,46,46,46,46,73,73],"gold":40,"neow_bonus":"BOSS_RELIC","is_prod":false,"is_daily":false,"chose_seed":false,"campfire_upgraded":3,"win_rate":0,"timestamp":1550345309,"path_taken":["M","?","?","M","$","R","?","R","T","M","M","$","R","M","R","BOSS"],"build_version":"2019-01-23","purchased_purges":0,"victory":false,"max_hp_per_floor":[80,80,80,80,80,80,80,80,90,90,90,90,90,90,90,90],"card_choices":[{"not_picked":[],"picked":"Body Slam","floor":1},{"not_picked":[],"picked":"Thunderclap","floor":2},{"not_picked":["Anger"],"picked":"SKIP","floor":4},{"not_picked":[],"picked":"Rampage","floor":10},{"not_picked":["Anger"],"picked":"SKIP","floor":11},{"not_picked":[],"picked":"Shockwave","floor":14}],"player_experience":192057,"relics_obtained":[{"floor":9,"key":"Pear"}],"event_choices":[{"damage_healed":0,"gold_gain":0,"player_choice":"Leave","damage_taken":0,"max_hp_gain":0,"max_hp_loss":0,"event_name":"The Cleric","floor":3,"gold_loss":0},{"damage_healed":0,"gold_gain":0,"player_choice":"Entered Light","damage_taken":16,"max_hp_gain":0,"max_hp_loss":0,"event_name":"Shining Light","floor":7,"gold_loss":0,"cards_upgraded":["Strike_R","Body Slam"]}],"is_beta":false,"boss_relics":[],"items_purged_floors":[],"is_endless":false,"potions_floor_spawned":[2,14],"killed_by":"Hexaghost","ascension_level":0}