{"gold_per_floor":[369,32,32,43,60,91,91,109,159,184,214,226,238,264,276,288],"floor_reached":16,"playtime":330,"items_purged":[],"score":177,"play_id":"7eaab121-8494-4bb7-ac97-1b6b6e108f22","local_time":"20180727135006","is_ascension_mode":true,"campfire_choices":[{"data":"Coolheaded","floor":7,"key":"SMITH"},{"floor":12,"key":"REST"},{"data":"Gash","floor":15,"key":"SMITH"}],"neow_cost":"FIFTY_PERCENT_DAMAGE","seed_source_timestamp":318142938060489,"circlet_count":0,"master_deck":["Strike_B","Strike_B","Strike_B","Defend_B","Defend_B","Defend_B","Defend_B","Zap","Dualcast","AscendersBane","Rip and Tear","Electrodynamics","Ball Lightning","Leap","Coolheaded+1","Conserve Battery","Chill+1","Gash+1","Compile Driver"],"relics":["Cracked Core","ClockworkSouvenir","Cables","MawBank"],"potions_floor_usage":[6],"damage_taken":[{"damage":0,"enemies":"2 Louse","floor":1,"turns":1},{"damage":0,"enemies":"Small Slimes","floor":4,"turns":2},{"damage":2,"enemies":"Jaw Worm","floor":5,"turns":3},{"damage":8,"enemies":"Gremlin Nob","floor":6,"turns":3},{"damage":0,"enemies":"Lots of Slimes","floor":8,"turns":1},{"damage":5,"enemies":"3 Louse","floor":10,"turns":3},{"damage":7,"enemies":"Exordium Wildlife","floor":11,"turns":3},{"damage":0,"enemies":"Looter","floor":14,"turns":3},{"damage":29,"enemies":"The Guardian","floor":16,"turns":2}],"seed_played":"-8820218323696423038","potions_obtained":[{"floor":4,"key":"FearPotion"},{"floor":6,"key":"Energy Potion"},{"floor":11,"key":"SkillPotion"}],"is_trial":false,"path_per_floor":["M","$","?","M","M","E","R","M","T","M","M","R","?","M","R"],"character_chosen":"DEFECT","items_purchased":["ClockworkSouvenir","Electrodynamics"],"campfire_rested":1,"item_purchase_floors":[2,2],"current_hp_per_floor":[32,32,25,25,23,15,15,15,15,10,3,24,24,24,24,0],"gold":288,"neow_bonus":"TWO_FIFTY_GOLD","is_prod":false,"is_daily":false,"chose_seed":false,"campfire_upgraded":2,"win_rate":0,"timestamp":1532667006,"path_taken":["M","$","?","M","M","E","R","M","T","?","M","R","?","M","R","BOSS"],"build_version":"2018-07-26","purchased_purges":0,"victory":false,"max_hp_per_floor":[71,71,71,71,71,71,71,71,71,71,71,71,71,71,71,71],"card_choices":[{"not_picked":["Barrage","Leap"],"picked":"Rip and Tear","floor":1},{"not_picked":["Rip and Tear","Stack"],"picked":"Ball Lightning","floor":4},{"not_picked":["Lockon","Rebound"],"picked":"Leap","floor":5},{"not_picked":["Thunder Strike","Undo"],"picked":"Coolheaded","floor":6},{"not_picked":["Cold Snap","Leap"],"picked":"Conserve Battery","floor":8},{"not_picked":["Barrage","Leap"],"picked":"Chill","floor":10},{"not_picked":["Static Discharge","Doom and Gloom"],"picked":"Gash","floor":11},{"not_picked":["Ball Lightning","Rebound"],"picked":"Compile Driver","floor":14}],"player_experience":555540,"relics_obtained":[{"floor":6,"key":"Cables"},{"floor":9,"key":"MawBank"}],"event_choices":[{"event_name":"Golden Wing","player_choice":"Card Removal","floor":3,"damage_taken":0},{"event_name":"Living Wall","player_choice":"Grow","floor":13,"damage_taken":0}],"is_beta":false,"boss_relics":[],"items_purged_floors":[],"is_endless":false,"potions_floor_spawned":[4,6,11],"killed_by":"The Guardian","ascension_level":14}