{"gold_per_floor":[109,119,119,119,134,163,163,173,203,203,152,164,191,211,211,309,309,324,344,344,362,377,377,230,230,230,244,244,244,92,110,110,208,208,222,222,236,236,252,252,272,272,272,283,208,208,208,226,226,226],"floor_reached":50,"playtime":2098,"items_purged":[],"score":471,"play_id":"663165ba-78f8-4b53-b343-271a601321e2","local_time":"20181215004036","daily_mods":["Draft"],"is_ascension_mode":false,"campfire_choices":[{"data":"Spot Weakness","floor":7,"key":"SMITH"},{"data":"Heavy Blade","floor":10,"key":"SMITH"},{"data":"Seeing Red","floor":15,"key":"SMITH"},{"data":"Limit Break","floor":23,"key":"SMITH"},{"data":"Heavy Blade","floor":25,"key":"SMITH"},{"data":"Heavy Blade","floor":28,"key":"SMITH"},{"data":"Shrug It Off","floor":32,"key":"SMITH"},{"data":"Shrug It Off","floor":40,"key":"SMITH"},{"data":"Flex","floor":42,"key":"SMITH"},{"data":"Spot Weakness","floor":49,"key":"SMITH"}],"neow_cost":"","seed_source_timestamp":0,"circlet_count":0,"master_deck":["Spot Weakness+1","Iron Wave","Flex+1","Heavy Blade+1","Rage","Cleave","Headbutt","Sword Boomerang","Heavy Blade+1","Anger","Anger","Flex","Headbutt","Heavy Blade+1","Shrug It Off+1","Cleave","Shrug It Off+1","Seeing Red+1","Limit Break+1","Clash","Flex","Spot Weakness+1","Writhe"],"relics":["Burning Blood","Question Card","Dream Catcher","Tiny Chest","Odd Mushroom","Coffee Dripper","Lantern","Orichalcum","Pen Nib","Sozu","Self Forming Clay","Frozen Egg 2"],"potions_floor_usage":[16,16,31,37,37],"damage_taken":[{"damage":0,"enemies":"Cultist","floor":1,"turns":2},{"damage":0,"enemies":"Small Slimes","floor":2,"turns":2},{"damage":2,"enemies":"2 Louse","floor":5,"turns":2},{"damage":9,"enemies":"3 Sentries","floor":6,"turns":5},{"damage":4,"enemies":"Blue Slaver","floor":8,"turns":2},{"damage":5,"enemies":"3 Louse","floor":12,"turns":2},{"damage":10,"enemies":"The Mushroom Lair","floor":13,"turns":3},{"damage":12,"enemies":"Exordium Thugs","floor":14,"turns":2},{"damage":32,"enemies":"Hexaghost","floor":16,"turns":5},{"damage":2,"enemies":"Spheric Guardian","floor":18,"turns":3},{"damage":10,"enemies":"Chosen","floor":19,"turns":4},{"damage":41,"enemies":"Snecko","floor":21,"turns":6},{"damage":2,"enemies":"Sentry and Sphere","floor":22,"turns":3},{"damage":15,"enemies":"Snake Plant","floor":27,"turns":3},{"damage":6,"enemies":"Centurion and Healer","floor":31,"turns":3},{"damage":26,"enemies":"Collector","floor":33,"turns":5},{"damage":7,"enemies":"Orb Walker","floor":35,"turns":2},{"damage":0,"enemies":"3 Shapes","floor":37,"turns":4},{"damage":4,"enemies":"Transient","floor":39,"turns":5},{"damage":6,"enemies":"Sphere and 2 Shapes","floor":41,"turns":3},{"damage":50,"enemies":"Maw","floor":44,"turns":8},{"damage":29,"enemies":"Writhing Mass","floor":48,"turns":5},{"damage":54,"enemies":"Awakened One","floor":50,"turns":5}],"seed_played":"6334911923867679443","potions_obtained":[{"floor":8,"key":"Strength Potion"},{"floor":12,"key":"FearPotion"},{"floor":14,"key":"Regen Potion"},{"floor":21,"key":"GamblersBrew"},{"floor":33,"key":"LiquidBronze"}],"is_trial":true,"path_per_floor":["M","M","T","$","M","E","R","M","T","R","$","M","?","M","R","B",null,"M","M","?","M","M","R","$","R","T","M","R","?","$","M","R","B",null,"M","?","M","$","M","R","M","R","T","M","$","T","?","M","R","B"],"character_chosen":"IRONCLAD","items_purchased":["Shrug It Off","Lantern","Pen Nib","Spot Weakness"],"campfire_rested":0,"item_purchase_floors":[11,24,30,45],"current_hp_per_floor":[80,80,80,80,80,77,77,79,79,79,79,80,76,70,70,44,80,80,76,76,41,45,45,45,45,45,36,36,36,36,45,45,25,80,79,79,80,80,80,80,80,80,80,36,36,36,56,33,33,0],"gold":226,"neow_bonus":"","is_prod":false,"is_daily":false,"chose_seed":false,"campfire_upgraded":10,"win_rate":0,"timestamp":1544852436,"path_taken":["M","M","?","$","M","E","R","M","T","R","$","M","?","M","R","BOSS","M","M","?","M","M","R","$","R","T","M","R","?","$","M","R","BOSS","M","?","M","$","M","R","M","R","T","M","$","?","?","M","R","BOSS"],"build_version":"2018-12-13","purchased_purges":0,"victory":false,"max_hp_per_floor":[80,80,80,80,80,80,80,80,80,80,80,80,80,80,80,80,80,80,80,80,80,80,80,80,80,80,80,80,80,80,80,80,80,80,80,80,80,80,80,80,80,80,80,80,80,80,80,80,80,80],"card_choices":[{"not_picked":["Body Slam","Clothesline"],"picked":"Spot Weakness","floor":0},{"not_picked":["Thunderclap","Infernal Blade"],"picked":"Iron Wave","floor":0},{"not_picked":["Armaments","Corruption"],"picked":"Flex","floor":0},{"not_picked":["Iron Wave","Sword Boomerang"],"picked":"Heavy Blade","floor":0},{"not_picked":["Warcry","Cleave"],"picked":"Rage","floor":0},{"not_picked":["Evolve","Clothesline"],"picked":"Cleave","floor":0},{"not_picked":["Rupture","Thunderclap"],"picked":"Headbutt","floor":0},{"not_picked":["Metallicize","Bloodletting"],"picked":"Sword Boomerang","floor":0},{"not_picked":["Cleave","Carnage"],"picked":"Heavy Blade","floor":0},{"not_picked":["Pommel Strike","Clothesline"],"picked":"Anger","floor":0},{"not_picked":["Armaments","Pommel Strike"],"picked":"Anger","floor":0},{"not_picked":["Twin Strike","Havoc"],"picked":"Flex","floor":0},{"not_picked":["Thunderclap","Perfected Strike"],"picked":"Headbutt","floor":0},{"not_picked":["Iron Wave","Intimidate"],"picked":"Heavy Blade","floor":0},{"not_picked":["Thunderclap","Metallicize"],"picked":"Shrug It Off","floor":0},{"not_picked":["Wild Strike","Sentinel","Hemokinesis"],"picked":"SKIP","floor":1},{"not_picked":["Thunderclap","Body Slam","Anger"],"picked":"SKIP","floor":2},{"not_picked":["Warcry","Ghostly Armor","Body Slam","Armaments"],"picked":"SKIP","floor":5},{"not_picked":["Thunderclap","Pommel Strike","Sever Soul"],"picked":"Cleave","floor":6},{"not_picked":["Combust","Armaments","Metallicize","Sword Boomerang"],"picked":"SKIP","floor":8},{"not_picked":["Armaments","Wild Strike","Flex"],"picked":"Seeing Red","floor":12},{"not_picked":["Seeing Red","Brutality","Body Slam","Cleave"],"picked":"SKIP","floor":14},{"not_picked":["Bludgeon","Feed","Immolate"],"picked":"Limit Break","floor":16},{"not_picked":["Pummel+1","Heavy Blade","Sever Soul","Flex"],"picked":"SKIP","floor":18},{"not_picked":["Heavy Blade","Iron Wave+1","Evolve","Burning Pact"],"picked":"SKIP","floor":19},{"not_picked":["Wild Strike","Flame Barrier","Sword Boomerang","Thunderclap+1"],"picked":"SKIP","floor":21},{"not_picked":["Iron Wave+1","True Grit+1","Perfected Strike","Clash"],"picked":"SKIP","floor":22},{"not_picked":["Pommel Strike+1","Infernal Blade+1","Rampage","Anger"],"picked":"SKIP","floor":27},{"not_picked":["Armaments","Warcry","Dual Wield"],"picked":"Flex","floor":31},{"not_picked":["Heavy Blade","Headbutt+1","Shockwave+1","Wild Strike"],"picked":"SKIP","floor":35},{"not_picked":["Warcry","Dual Wield+1","Perfected Strike","Cleave"],"picked":"SKIP","floor":37},{"not_picked":["Shockwave","Clothesline+1","Power Through","Dual Wield"],"picked":"SKIP","floor":39},{"not_picked":["Cleave+1","Pommel Strike","Anger+1","Power Through"],"picked":"SKIP","floor":41},{"not_picked":["Perfected Strike","Iron Wave+1","Feel No Pain+1","Pommel Strike"],"picked":"SKIP","floor":44},{"not_picked":["Reckless Charge","Clash","Sentinel","Sword Boomerang+1"],"picked":"SKIP","floor":48}],"player_experience":302310,"relics_obtained":[{"floor":3,"key":"Question Card"},{"floor":6,"key":"Dream Catcher"},{"floor":9,"key":"Tiny Chest"},{"floor":13,"key":"Odd Mushroom"},{"floor":26,"key":"Orichalcum"},{"floor":43,"key":"Self Forming Clay"},{"floor":46,"key":"Frozen Egg 2"}],"event_choices":[{"damage_healed":0,"gold_gain":0,"player_choice":"Fought Mushrooms","damage_taken":0,"max_hp_gain":0,"max_hp_loss":0,"event_name":"Mushrooms","floor":13,"gold_loss":0},{"damage_healed":0,"gold_gain":0,"player_choice":"Read","damage_taken":0,"max_hp_gain":0,"max_hp_loss":0,"event_name":"The Library","floor":20,"gold_loss":0,"cards_obtained":["Clash"]},{"damage_healed":0,"gold_gain":0,"player_choice":"Ignored","damage_taken":0,"max_hp_gain":0,"max_hp_loss":0,"event_name":"Ghosts","floor":29,"gold_loss":0},{"damage_healed":0,"gold_gain":0,"player_choice":"Bought 0 Potions","damage_taken":0,"max_hp_gain":0,"max_hp_loss":0,"event_name":"The Woman in Blue","floor":36,"gold_loss":0},{"damage_healed":20,"gold_gain":0,"player_choice":"Writhe","damage_taken":0,"max_hp_gain":0,"max_hp_loss":0,"event_name":"Winding Halls","floor":47,"gold_loss":0,"cards_obtained":["Writhe"]}],"is_beta":false,"boss_relics":[{"not_picked":["Snecko Eye","Calling Bell"],"picked":"Coffee Dripper"},{"not_picked":["Philosopher\u0027s Stone","Eternal Feather"],"picked":"Sozu"}],"items_purged_floors":[],"is_endless":false,"potions_floor_spawned":[8,12,14,21,33,41,48],"killed_by":"Awakened One","ascension_level":0}