{"gold_per_floor":[111,62,62,81,92,126,140,158,158,176,196,196,207,176,176,276,276,293,17,27,47,47,47,59,59,127,27,39,58,58,76,76,76],"floor_reached":33,"playtime":1529,"items_purged":["Defend_R","Defend_R"],"score":305,"play_id":"f231c249-8445-4ffc-8ca0-0e86653681e5","local_time":"20181012235034","is_ascension_mode":false,"campfire_choices":[{"data":"Perfected Strike","floor":12,"key":"SMITH"},{"floor":15,"key":"REST"},{"data":"Perfected Strike","floor":23,"key":"SMITH"},{"data":"Feed","floor":25,"key":"SMITH"},{"floor":30,"key":"REST"},{"floor":32,"key":"REST"}],"neow_cost":"","seed_source_timestamp":228336702852769,"circlet_count":0,"master_deck":["Strike_R","Strike_R","Strike_R","Strike_R","Strike_R","Defend_R","Defend_R","Bash","Perfected Strike+1","Twin Strike","Feed+1","Whirlwind","Clash","Impervious","Wild Strike","Clash","Pommel Strike","Clash","Perfected Strike+1","Twin Strike","Perfected Strike+1","Pommel Strike","Pommel Strike+1"],"relics":["Burning Blood","Strawberry","Pantograph","Orrery","Pen Nib","Molten Egg 2"],"potions_floor_usage":[6,16,16,16,18,24,29,31,33],"damage_taken":[{"damage":7,"enemies":"2 Louse","floor":1,"turns":4},{"damage":8,"enemies":"Jaw Worm","floor":4,"turns":3},{"damage":5,"enemies":"Small Slimes","floor":5,"turns":3},{"damage":27,"enemies":"3 Sentries","floor":6,"turns":6},{"damage":8,"enemies":"Gremlin Gang","floor":7,"turns":6},{"damage":15,"enemies":"Looter","floor":8,"turns":3},{"damage":19,"enemies":"2 Fungi Beasts","floor":10,"turns":5},{"damage":21,"enemies":"Blue Slaver","floor":11,"turns":5},{"damage":37,"enemies":"Red Slaver","floor":13,"turns":5},{"damage":31,"enemies":"Slime Boss","floor":16,"turns":9},{"damage":10,"enemies":"2 Thieves","floor":18,"turns":4},{"damage":24,"enemies":"Shell Parasite","floor":20,"turns":3},{"damage":10,"enemies":"Centurion and Healer","floor":21,"turns":11},{"damage":0,"enemies":"Snecko","floor":24,"turns":3},{"damage":11,"enemies":"3 Cultists","floor":28,"turns":4},{"damage":69,"enemies":"Cultist and Chosen","floor":29,"turns":9},{"damage":35,"enemies":"Centurion and Healer","floor":31,"turns":7},{"damage":119,"enemies":"Champ","floor":33,"turns":7}],"seed_played":"7010819497943118337","potions_obtained":[{"floor":1,"key":"Explosive Potion"},{"floor":5,"key":"Poison Potion"},{"floor":11,"key":"SkillPotion"},{"floor":13,"key":"PowerPotion"},{"floor":16,"key":"Swift Potion"},{"floor":18,"key":"BloodPotion"},{"floor":20,"key":"Poison Potion"},{"floor":21,"key":"SkillPotion"},{"floor":28,"key":"SteroidPotion"}],"is_trial":false,"path_per_floor":["M","$","?","M","M","E","M","M","T","M","M","R","M","?","R","B",null,"M","$","M","M","?","R","M","R","T","$","M","M","R","M","R"],"character_chosen":"IRONCLAD","items_purchased":["Twin Strike","Twin Strike","Pen Nib"],"campfire_rested":3,"item_purchase_floors":[2,19,19],"current_hp_per_floor":[79,79,84,82,83,69,70,61,61,51,39,39,8,8,38,41,104,100,100,82,81,81,81,90,90,90,90,85,37,71,46,81,0],"gold":76,"neow_bonus":"","is_prod":false,"is_daily":false,"chose_seed":false,"campfire_upgraded":3,"win_rate":0,"timestamp":1539402634,"path_taken":["M","$","?","M","M","E","M","M","T","M","M","R","?","?","R","BOSS","M","$","M","M","?","R","M","R","T","$","M","M","R","M","R","BOSS"],"build_version":"2018-10-11","purchased_purges":2,"victory":false,"max_hp_per_floor":[80,80,85,85,85,92,95,95,95,98,101,101,101,101,101,104,104,104,104,104,107,107,107,110,110,110,110,110,114,114,118,118,118],"card_choices":[{"not_picked":["Blood for Blood","Inflame"],"picked":"Perfected Strike","floor":1},{"not_picked":["Shrug It Off","Disarm","Shockwave"],"picked":"SKIP","floor":4},{"not_picked":["Cleave","Body Slam","Iron Wave"],"picked":"SKIP","floor":5},{"not_picked":["Juggernaut","Iron Wave"],"picked":"Feed","floor":6},{"not_picked":["True Grit","Reckless Charge","Flame Barrier"],"picked":"SKIP","floor":7},{"not_picked":["Rage","Clothesline"],"picked":"Whirlwind","floor":8},{"not_picked":["Blood for Blood","Flex","True Grit"],"picked":"SKIP","floor":10},{"not_picked":["Shrug It Off","Headbutt"],"picked":"Clash","floor":11},{"not_picked":["Blood for Blood","Disarm","Rampage"],"picked":"SKIP","floor":13},{"not_picked":["Feed","Demon Form"],"picked":"Impervious","floor":16},{"not_picked":["Warcry","Dual Wield"],"picked":"Wild Strike","floor":17},{"not_picked":["Evolve","Second Wind"],"picked":"Clash","floor":17},{"not_picked":["Second Wind","Combust"],"picked":"Pommel Strike","floor":17},{"not_picked":["Cleave","Warcry"],"picked":"Clash","floor":17},{"not_picked":["Clothesline","Headbutt+1"],"picked":"Perfected Strike+1","floor":18},{"not_picked":["Thunderclap+1","Barricade","Cleave"],"picked":"SKIP","floor":20},{"not_picked":["Cleave","Iron Wave","Seeing Red"],"picked":"SKIP","floor":21},{"not_picked":["Iron Wave","Shockwave"],"picked":"Pommel Strike","floor":24},{"not_picked":["Anger+1","Fire Breathing","Dual Wield"],"picked":"SKIP","floor":28},{"not_picked":["Second Wind+1","Hemokinesis+1"],"picked":"Pommel Strike+1","floor":29},{"not_picked":["Thunderclap+1","Offering","Havoc+1"],"picked":"SKIP","floor":31}],"player_experience":166614,"relics_obtained":[{"floor":6,"key":"Strawberry"},{"floor":9,"key":"Pantograph"},{"floor":26,"key":"Molten Egg 2"}],"event_choices":[{"event_name":"Big Fish","player_choice":"Donut","floor":3,"damage_taken":0},{"event_name":"World of Goop","player_choice":"Left","floor":14,"damage_taken":0},{"event_name":"The Library","player_choice":"Read","floor":22,"damage_taken":0}],"is_beta":false,"boss_relics":[{"not_picked":["Lizard Tail","Astrolabe"],"picked":"Orrery"}],"items_purged_floors":[19,27],"is_endless":false,"potions_floor_spawned":[1,5,11,13,16,18,20,21,28],"killed_by":"Champ","ascension_level":0}