{"gold_per_floor":[109,57,67,217,58,83,133,133,133,143,143,177,177,192,192,269,269,280,293,307,22,22,22,22],"floor_reached":24,"playtime":1066,"items_purged":["Doubt","Strike_R"],"score":367,"play_id":"fa5d9b52-9489-49b9-8bdd-9b567c0f84f9","local_time":"20190308063231","is_ascension_mode":true,"campfire_choices":[{"data":"Bash","floor":8,"key":"SMITH"},{"data":"Clothesline","floor":11,"key":"SMITH"},{"floor":13,"key":"REST"},{"data":"Spot Weakness","floor":15,"key":"SMITH"},{"floor":23,"key":"REST"}],"neow_cost":"NONE","seed_source_timestamp":54546268551954,"circlet_count":0,"master_deck":["AscendersBane","Strike_R","Strike_R","Strike_R","Strike_R","Defend_R","Defend_R","Defend_R","Defend_R","Bash+1","Shrug It Off","Spot Weakness+1","Shockwave","Clothesline+1","Shrug It Off","Reaper","Shrug It Off","Uppercut+1","Thinking Ahead"],"relics":["Burning Blood","Bronze Scales","Boot","Matryoshka","Oddly Smooth Stone","Black Star"],"potions_floor_usage":[3,6,16,20],"damage_taken":[{"damage":10,"enemies":"Cultist","floor":1,"turns":5},{"damage":0,"enemies":"Jaw Worm","floor":3,"turns":3},{"damage":39,"enemies":"Gremlin Nob","floor":6,"turns":5},{"damage":5,"enemies":"2 Louse","floor":10,"turns":3},{"damage":37,"enemies":"3 Sentries","floor":12,"turns":7},{"damage":4,"enemies":"2 Fungi Beasts","floor":14,"turns":4},{"damage":19,"enemies":"Slime Boss","floor":16,"turns":11},{"damage":30,"enemies":"Shell Parasite","floor":18,"turns":9},{"damage":12,"enemies":"3 Byrds","floor":19,"turns":3},{"damage":32,"enemies":"Snecko","floor":20,"turns":8},{"damage":64,"enemies":"Book of Stabbing","floor":24,"turns":6}],"seed_played":"1589826730783413814","potions_obtained":[{"floor":1,"key":"Energy Potion"},{"floor":10,"key":"Poison Potion"},{"floor":19,"key":"Swift Potion"}],"is_trial":false,"path_per_floor":["M","$","M","?","$","E","?","R","T","M","R","E","R","M","R","B",null,"M","M","M","$","?","R","E"],"character_chosen":"IRONCLAD","items_purchased":["Shrug It Off","Regen Potion","Thinking Ahead"],"campfire_rested":2,"item_purchase_floors":[2,5,21],"current_hp_per_floor":[64,64,70,70,70,49,49,49,49,50,50,19,41,43,43,30,64,52,61,41,41,41,63,0],"gold":22,"neow_bonus":"RANDOM_COMMON_RELIC","is_prod":false,"is_daily":false,"chose_seed":false,"campfire_upgraded":3,"win_rate":0,"timestamp":1552048351,"path_taken":["M","$","M","?","$","E","?","R","T","M","R","E","R","M","R","BOSS","M","M","M","?","?","R","E"],"build_version":"2019-01-23","purchased_purges":2,"victory":false,"max_hp_per_floor":[75,75,75,75,75,75,75,75,75,75,75,75,75,75,75,75,75,75,75,75,75,75,75,75],"card_choices":[{"not_picked":["Feel No Pain","Body Slam","Clash"],"picked":"SKIP","floor":1},{"not_picked":["True Grit","Flame Barrier"],"picked":"Spot Weakness","floor":3},{"not_picked":["Hemokinesis","Power Through"],"picked":"Shockwave","floor":6},{"not_picked":["Spot Weakness","Twin Strike"],"picked":"Clothesline","floor":10},{"not_picked":["Anger","Armaments"],"picked":"Shrug It Off","floor":12},{"not_picked":["Wild Strike","Brutality","Thunderclap"],"picked":"SKIP","floor":14},{"not_picked":["Feed","Limit Break"],"picked":"Reaper","floor":16},{"not_picked":["Wild Strike","Twin Strike"],"picked":"Shrug It Off","floor":18},{"not_picked":["Bloodletting","Headbutt","Clash"],"picked":"SKIP","floor":19},{"not_picked":["Thunderclap","Intimidate+1"],"picked":"Uppercut+1","floor":20}],"player_experience":282538,"relics_obtained":[{"floor":6,"key":"Boot"},{"floor":9,"key":"Matryoshka"},{"floor":12,"key":"Oddly Smooth Stone"}],"event_choices":[{"damage_healed":0,"gold_gain":150,"player_choice":"AGREE","damage_taken":0,"max_hp_gain":0,"max_hp_loss":0,"event_name":"Liars Game","floor":4,"gold_loss":0,"cards_obtained":["Doubt"]},{"damage_healed":0,"gold_gain":50,"player_choice":"Pray","damage_taken":0,"max_hp_gain":0,"max_hp_loss":0,"event_name":"Golden Shrine","floor":7,"gold_loss":0},{"damage_healed":0,"gold_gain":0,"player_choice":"Ignored","damage_taken":0,"max_hp_gain":0,"max_hp_loss":0,"event_name":"Ghosts","floor":22,"gold_loss":0}],"is_beta":false,"boss_relics":[{"not_picked":["Fusion Hammer","Astrolabe"],"picked":"Black Star"}],"items_purged_floors":[5,21],"is_endless":false,"potions_floor_spawned":[1,10,19],"killed_by":"Book of Stabbing","ascension_level":16}