{"gold_per_floor":[117,117,42,54,4,37,37,64,64,94,94,94,105,119,119,119],"floor_reached":16,"playtime":947,"items_purged":["Strike_G"],"score":164,"play_id":"bd23ee51-f15a-4dd8-bc67-8daba1fb0aa7","local_time":"20190307193613","is_ascension_mode":true,"campfire_choices":[{"data":"Neutralize","floor":7,"key":"SMITH"},{"data":"Backflip","floor":12,"key":"SMITH"},{"data":"Acrobatics","floor":15,"key":"SMITH"}],"neow_cost":"NONE","seed_source_timestamp":1906980884048133,"circlet_count":0,"master_deck":["Defend_G","Defend_G","Defend_G","Defend_G","Strike_G","Strike_G","Strike_G","Survivor+1","Neutralize+1","Cloak And Dagger+1","Heel Hook","Blur+1","Backflip+1","Acrobatics+1"],"relics":["Ring of the Snake","NeowsBlessing","Dream Catcher","Pen Nib","Kunai","War Paint"],"potions_floor_usage":[],"damage_taken":[{"damage":0,"enemies":"Small Slimes","floor":1,"turns":1},{"damage":0,"enemies":"Cultist","floor":4,"turns":1},{"damage":0,"enemies":"Lagavulin","floor":6,"turns":1},{"damage":27,"enemies":"Gremlin Nob","floor":8,"turns":6},{"damage":16,"enemies":"3 Sentries","floor":10,"turns":15},{"damage":0,"enemies":"2 Louse","floor":13,"turns":3},{"damage":0,"enemies":"Exordium Thugs","floor":14,"turns":5},{"damage":3,"enemies":"Hexaghost","floor":16,"turns":11}],"seed_played":"-6294035645892344387","potions_obtained":[{"floor":1,"key":"Energy Potion"},{"floor":8,"key":"SneckoOil"},{"floor":10,"key":"SteroidPotion"}],"is_trial":false,"path_per_floor":["M","?","$","M","?","E","R","E","T","E","?","R","M","M","R","B"],"character_chosen":"THE_SILENT","items_purchased":[],"campfire_rested":0,"item_purchase_floors":[],"current_hp_per_floor":[70,63,63,63,63,63,63,36,36,20,20,20,20,20,20,17],"gold":119,"neow_bonus":"THREE_ENEMY_KILL","is_prod":false,"is_daily":false,"chose_seed":false,"campfire_upgraded":3,"win_rate":0,"timestamp":1552016173,"path_taken":["M","?","$","M","?","E","R","E","T","E","?","R","?","M","R","BOSS"],"build_version":"2019-01-23","purchased_purges":1,"victory":false,"max_hp_per_floor":[70,70,70,70,70,70,70,70,70,70,70,70,70,70,70,70],"card_choices":[{"not_picked":["Bouncing Flask","Escape Plan"],"picked":"Cloak And Dagger","floor":1},{"not_picked":["Escape Plan","Sucker Punch"],"picked":"Heel Hook","floor":4},{"not_picked":["Cloak And Dagger","Deflect"],"picked":"Blur","floor":6},{"not_picked":["Eviscerate","Dagger Spray","Venomology"],"picked":"SKIP","floor":8},{"not_picked":["Expertise","Phantasmal Killer"],"picked":"Backflip","floor":10},{"not_picked":["Deflect","Reflex","Prepared"],"picked":"SKIP","floor":13},{"not_picked":["Dodge and Roll","Eviscerate"],"picked":"Acrobatics","floor":14}],"player_experience":220450,"relics_obtained":[{"floor":6,"key":"Dream Catcher"},{"floor":8,"key":"Pen Nib"},{"floor":9,"key":"Kunai"},{"floor":10,"key":"War Paint"}],"event_choices":[{"cards_removed":["Strike_G"],"damage_healed":0,"gold_gain":0,"player_choice":"Card Removal","damage_taken":7,"max_hp_gain":0,"max_hp_loss":0,"event_name":"Golden Wing","floor":2,"gold_loss":0},{"cards_removed":["Defend_G"],"damage_healed":0,"gold_gain":0,"player_choice":"Card Removal","damage_taken":0,"max_hp_gain":0,"max_hp_loss":0,"event_name":"The Cleric","floor":5,"gold_loss":50},{"damage_healed":0,"gold_gain":0,"player_choice":"Forge","damage_taken":0,"max_hp_gain":0,"max_hp_loss":0,"event_name":"Accursed Blacksmith","floor":11,"gold_loss":0,"cards_upgraded":["Cloak And Dagger"]}],"is_beta":false,"boss_relics":[],"items_purged_floors":[3],"is_endless":false,"potions_floor_spawned":[1,8,10],"killed_by":"Hexaghost","ascension_level":3}