{"path_per_floor":["M","M","M","?","M","E","R","E","T","R","?","?","?","$","R","B",null,"M","?","M","M","$","R","E","$","T","M","?","M","M","M","R"],"character_chosen":"IRONCLAD","items_purchased":["Gremlin Horn","Pen Nib","Shrug It Off"],"gold_per_floor":[119,129,140,140,154,180,180,209,209,209,209,284,284,27,27,124,124,139,139,152,164,16,16,51,29,102,118,118,132,143,159,159],"floor_reached":33,"campfire_rested":3,"playtime":1383,"current_hp_per_floor":[75,74,80,64,62,55,55,41,41,41,41,30,23,23,47,48,72,78,78,67,37,37,61,49,49,49,40,69,65,50,34,60],"items_purged":[],"gold":159,"score":360,"play_id":"024cd201-c91d-4e3f-94b8-5308ac7a7160","is_prod":false,"is_daily":false,"is_ascension_mode":true,"campfire_upgraded":2,"path_taken":["M","M","M","?","M","E","R","E","T","R","?","?","?","$","R","BOSS","M","?","M","M","?","R","E","$","T","M","?","?","?","M","R","BOSS"],"build_version":"2018-02-22-PROD2","purchased_purges":0,"victory":false,"master_deck":["Strike_R+1","Strike_R","Strike_R+1","Strike_R","Defend_R","Defend_R","Defend_R","Defend_R","Bash","Perfected Strike+1","Flex+1","Ghostly Armor","Headbutt","Flex+1","Pummel","Fiend Fire","Armaments+1","Shrug It Off","Writhe","Impervious","Metallicize","Sword Boomerang+1"],"max_hp_per_floor":[80,80,80,80,80,80,80,80,80,80,80,80,80,80,80,80,80,80,80,80,80,80,80,87,87,87,87,87,87,87,87,87],"relics":["Burning Blood","Champion Belt","Charon\u0027s Ashes","Ice Cream","Gremlin Horn","Cursed Key","Pen Nib","Strawberry","Meat on the Bone"],"card_choices":[{"not_picked":["Wild Strike","Flex"],"picked":"Perfected Strike"},{"not_picked":["Pommel Strike","Wild Strike"],"picked":"Flex"},{"not_picked":["Second Wind","Dual Wield"],"picked":"Ghostly Armor"},{"not_picked":["Juggernaut","Warcry"],"picked":"Headbutt"},{"not_picked":["Uppercut","True Grit"],"picked":"Flex"},{"not_picked":["Combust","Wild Strike"],"picked":"Pummel"},{"not_picked":["Bludgeon","Dark Embrace"],"picked":"Fiend Fire"},{"not_picked":["Perfected Strike","Disarm"],"picked":"Armaments"},{"not_picked":["Disarm","Burning Pact"],"picked":"Impervious"},{"not_picked":["Thunderclap","Rage"],"picked":"Metallicize"},{"not_picked":["Uppercut","Clash"],"picked":"Sword Boomerang"}],"player_experience":218558,"potions_floor_usage":[20,21,30,31,31,33],"damage_taken":[{"damage":3,"enemies":"2 Louse","floor":1,"turns":3},{"damage":7,"enemies":"Jaw Worm","floor":2,"turns":3},{"damage":0,"enemies":"Small Slimes","floor":3,"turns":3},{"damage":8,"enemies":"Blue Slaver","floor":5,"turns":2},{"damage":13,"enemies":"Gremlin Nob","floor":6,"turns":4},{"damage":20,"enemies":"Lagavulin","floor":8,"turns":5},{"damage":5,"enemies":"Slime Boss","floor":16,"turns":8},{"damage":0,"enemies":"3 Byrds","floor":18,"turns":3},{"damage":17,"enemies":"2 Thieves","floor":20,"turns":3},{"damage":36,"enemies":"Cultist and Chosen","floor":21,"turns":5},{"damage":25,"enemies":"Gremlin Leader","floor":24,"turns":4},{"damage":27,"enemies":"Chosen and Byrds","floor":27,"turns":5},{"damage":10,"enemies":"Snecko","floor":29,"turns":4},{"damage":33,"enemies":"Cultist and Chosen","floor":30,"turns":6},{"damage":34,"enemies":"Slaver and Parasite","floor":31,"turns":4},{"damage":78,"enemies":"Champ","floor":33,"turns":13}],"event_choices":[{"event_name":"Shining Light","player_choice":"Entered Light","floor":4,"damage_taken":0},{"event_name":"Accursed Blacksmith","player_choice":"Forge","floor":11,"damage_taken":0},{"event_name":"World of Goop","player_choice":"Gather Gold","floor":12,"damage_taken":0},{"event_name":"Golden Wing","player_choice":"Card Removal","floor":13,"damage_taken":0},{"event_name":"Drug Dealer","player_choice":"Ignored","floor":19,"damage_taken":0},{"event_name":"The Library","player_choice":"Heal","floor":28,"damage_taken":0}],"boss_relics":[{"not_picked":["Pandora\u0027s Box","Black Star"],"picked":"Cursed Key"}],"potions_floor_spawned":[5,16,18,21,29,30],"seed_played":"7307757930631266426","killed_by":"Champ","ascension_level":6,"is_trial":false}