{"gold_per_floor":[119,138,151,151,151,151,70,70,93,93,58,85,105,137,149,259,271,301,313,345,129,144,144,159,159,182,245,335,350,450,462,462,561,561,574,591,14,41,41,66,66,78,78,105,122,136,36,53,53,53,53,53,1,31,31],"floor_reached":55,"playtime":6017,"items_purged":["Juggernaut","Strike_R"],"score":762,"play_id":"831debe8-80a3-418f-9268-ce8605065230","local_time":"20190303093559","is_ascension_mode":true,"campfire_choices":[{"data":"Strike_R","floor":6,"key":"SMITH"},{"data":"Flame Barrier","floor":8,"key":"SMITH"},{"data":"Iron Wave","floor":15,"key":"SMITH"},{"data":"Disarm","floor":23,"key":"SMITH"},{"data":"Armaments","floor":25,"key":"SMITH"},{"data":"Impervious","floor":32,"key":"SMITH"},{"floor":41,"key":"REST"},{"floor":49,"key":"RECALL"},{"data":"Demon Form","floor":52,"key":"SMITH"}],"neow_cost":"NONE","seed_source_timestamp":27886637140182,"circlet_count":0,"master_deck":["Strike_R+1","Strike_R","Strike_R+1","Strike_R+1","Defend_R","Defend_R","Defend_R+1","Defend_R","Shrug It Off+1","Flame Barrier+1","Iron Wave+1","Battle Trance+1","Impervious+1","Cleave+1","Disarm+1","Armaments+1","Demon Form+1","Inflame+1","Finesse","Metallicize+1","Shrug It Off+1"],"relics":["Burning Blood","Pen Nib","Gremlin Horn","MawBank","Philosopher\u0027s Stone","Red Skull","War Paint","Tiny Chest","Lizard Tail","Bottled Lightning","Blood Vial","Paper Frog","Singing Bowl","Lantern","Bag of Preparation"],"potions_floor_usage":[33,33,40,40,50,50,54,54],"damage_taken":[{"damage":0,"enemies":"Small Slimes","floor":1,"turns":3},{"damage":6,"enemies":"2 Louse","floor":2,"turns":4},{"damage":15,"enemies":"Jaw Worm","floor":3,"turns":5},{"damage":14,"enemies":"Gremlin Nob","floor":12,"turns":6},{"damage":3,"enemies":"Red Slaver","floor":13,"turns":3},{"damage":17,"enemies":"3 Sentries","floor":14,"turns":9},{"damage":44,"enemies":"Slime Boss","floor":16,"turns":14},{"damage":9,"enemies":"Spheric Guardian","floor":18,"turns":5},{"damage":0,"enemies":"2 Thieves","floor":20,"turns":4},{"damage":5,"enemies":"Centurion and Healer","floor":22,"turns":5},{"damage":0,"enemies":"Shelled Parasite and Fungi","floor":24,"turns":8},{"damage":21,"enemies":"Gremlin Leader","floor":27,"turns":10},{"damage":0,"enemies":"Cultist and Chosen","floor":29,"turns":7},{"damage":2,"enemies":"Sentry and Sphere","floor":31,"turns":7},{"damage":13,"enemies":"Collector","floor":33,"turns":20},{"damage":11,"enemies":"3 Shapes","floor":35,"turns":7},{"damage":22,"enemies":"3 Darklings","floor":36,"turns":4},{"damage":43,"enemies":"Nemesis","floor":40,"turns":11},{"damage":6,"enemies":"Jaw Worm Horde","floor":42,"turns":5},{"damage":21,"enemies":"Spire Growth","floor":45,"turns":7},{"damage":23,"enemies":"Transient","floor":46,"turns":5},{"damage":0,"enemies":"3 Darklings","floor":48,"turns":4},{"damage":20,"enemies":"Awakened One","floor":50,"turns":16},{"damage":50,"enemies":"Shield and Spear","floor":54,"turns":10},{"damage":101,"enemies":"The Heart","floor":55,"turns":8}],"seed_played":"8519090303526058875","potions_obtained":[{"floor":2,"key":"FearPotion"},{"floor":3,"key":"LiquidBronze"},{"floor":13,"key":"Regen Potion"},{"floor":16,"key":"SkillPotion"},{"floor":27,"key":"EssenceOfSteel"},{"floor":33,"key":"LiquidBronze"},{"floor":36,"key":"SpeedPotion"},{"floor":42,"key":"Poison Potion"},{"floor":45,"key":"PowerPotion"},{"floor":46,"key":"Regen Potion"}],"is_trial":false,"path_per_floor":["M","M","M","?","?","R","$","R","T","?","?","E","M","E","R","B",null,"M","?","M","$","M","R","M","R","T","E","?","M","?","M","R","B",null,"M","M","$","T","?","E","R","M","T","T","M","M","$","M","R","B",null,"R","$","E","B"],"character_chosen":"IRONCLAD","items_purchased":["Flame Barrier","Red Skull","Finesse","Bottled Lightning","Blood Vial","Regen Potion","AttackPotion"],"campfire_rested":1,"item_purchase_floors":[7,21,37,37,37,37,53],"current_hp_per_floor":[80,80,71,71,76,76,76,76,76,59,80,72,75,64,64,26,85,82,82,85,85,85,85,85,85,85,70,54,60,60,64,64,57,85,80,64,64,64,64,38,62,64,64,64,53,40,40,50,50,53,87,87,87,43,0],"gold":31,"neow_bonus":"REMOVE_CARD","is_prod":false,"is_daily":false,"chose_seed":false,"campfire_upgraded":7,"win_rate":0,"timestamp":1551627359,"path_taken":["M","M","M","?","?","R","$","R","T","?","?","E","M","E","R","BOSS","M","?","?","$","M","R","M","R","T","E","?","?","?","M","R","BOSS","M","M","$","?","?","E","R","M","T","?","M","?","?","M","R","BOSS","R","$","E","BOSS"],"build_version":"2019-01-23","purchased_purges":2,"victory":false,"max_hp_per_floor":[80,80,80,80,85,85,85,85,85,85,85,85,85,85,85,85,85,85,85,85,85,85,85,85,85,85,85,85,85,85,85,85,85,85,85,85,85,85,81,81,81,81,81,81,83,85,85,87,87,87,87,87,87,87,87],"card_choices":[{"not_picked":["Clash","Sentinel","Fire Breathing"],"picked":"SKIP","floor":1},{"not_picked":["Twin Strike","Pommel Strike"],"picked":"Shrug It Off","floor":2},{"not_picked":["Pummel","Intimidate","Evolve"],"picked":"SKIP","floor":3},{"not_picked":["Clash","Rampage"],"picked":"Iron Wave","floor":12},{"not_picked":["Heavy Blade","Pommel Strike"],"picked":"Battle Trance","floor":13},{"not_picked":["Thunderclap","Blood for Blood","Headbutt"],"picked":"SKIP","floor":14},{"not_picked":["Reaper","Berserk"],"picked":"Impervious","floor":16},{"not_picked":["Perfected Strike","Thunderclap+1"],"picked":"Cleave+1","floor":18},{"not_picked":["Pommel Strike","Headbutt","Flex"],"picked":"SKIP","floor":20},{"not_picked":["Sentinel+1","Clothesline"],"picked":"Disarm","floor":22},{"not_picked":["Clothesline","Limit Break"],"picked":"Armaments","floor":24},{"not_picked":["Corruption","Thunderclap","Uppercut"],"picked":"SKIP","floor":27},{"not_picked":["Warcry","Body Slam","Perfected Strike"],"picked":"SKIP","floor":29},{"not_picked":["Hemokinesis","Twin Strike","Rampage"],"picked":"SKIP","floor":31},{"not_picked":["Bludgeon","Feed"],"picked":"Demon Form","floor":33},{"not_picked":["Feel No Pain+1","Flex+1"],"picked":"Inflame+1","floor":35},{"not_picked":["Anger+1","Blood for Blood","Infernal Blade"],"picked":"SKIP","floor":36},{"not_picked":["Wild Strike","Twin Strike+1","Spot Weakness"],"picked":"SKIP","floor":40},{"not_picked":["Headbutt+1","Pommel Strike+1"],"picked":"Metallicize+1","floor":42},{"not_picked":["Twin Strike+1","Entrench","Body Slam"],"picked":"Singing Bowl","floor":45},{"not_picked":["Pommel Strike","Blood for Blood","Shrug It Off"],"picked":"Singing Bowl","floor":46},{"not_picked":["Pommel Strike","Seeing Red+1","Pummel+1"],"picked":"Singing Bowl","floor":48},{"not_picked":["Rage+1","Feed"],"picked":"Shrug It Off+1","floor":54}],"player_experience":80701,"relics_obtained":[{"floor":9,"key":"Pen Nib"},{"floor":12,"key":"Gremlin Horn"},{"floor":14,"key":"MawBank"},{"floor":26,"key":"War Paint"},{"floor":27,"key":"Tiny Chest"},{"floor":40,"key":"Paper Frog"},{"floor":43,"key":"Singing Bowl"},{"floor":44,"key":"Lantern"},{"floor":54,"key":"Bag of Preparation"}],"event_choices":[{"damage_healed":0,"gold_gain":0,"player_choice":"Grow","damage_taken":0,"max_hp_gain":0,"max_hp_loss":0,"event_name":"Living Wall","floor":4,"gold_loss":0,"cards_upgraded":["Shrug It Off"]},{"damage_healed":0,"gold_gain":0,"player_choice":"Donut","damage_taken":0,"max_hp_gain":5,"max_hp_loss":0,"event_name":"Big Fish","floor":5,"gold_loss":0},{"damage_healed":0,"gold_gain":0,"player_choice":"Entered Light","damage_taken":17,"max_hp_gain":0,"max_hp_loss":0,"event_name":"Shining Light","floor":10,"gold_loss":0,"cards_upgraded":["Strike_R","Strike_R"]},{"damage_healed":21,"gold_gain":0,"player_choice":"Healed","damage_taken":0,"max_hp_gain":0,"max_hp_loss":0,"event_name":"The Cleric","floor":11,"gold_loss":35},{"damage_healed":0,"gold_gain":0,"player_choice":"1 cards matched","damage_taken":0,"max_hp_gain":0,"max_hp_loss":0,"event_name":"Match and Keep!","floor":19,"gold_loss":0,"cards_obtained":["Juggernaut"]},{"damage_healed":0,"gold_gain":0,"player_choice":"1 cards matched","damage_taken":0,"max_hp_gain":0,"max_hp_loss":0,"event_name":"Match and Keep!","floor":19,"gold_loss":0,"cards_obtained":["Juggernaut"]},{"damage_healed":0,"gold_gain":90,"player_choice":"GOLD ","damage_taken":16,"max_hp_gain":0,"max_hp_loss":0,"event_name":"Knowing Skull","floor":28,"potions_obtained":[],"gold_loss":0,"cards_obtained":[]},{"damage_healed":0,"gold_gain":100,"player_choice":"Pray","damage_taken":0,"max_hp_gain":0,"max_hp_loss":0,"event_name":"Golden Shrine","floor":30,"gold_loss":0},{"damage_healed":0,"gold_gain":0,"player_choice":"Max HP","damage_taken":0,"max_hp_gain":0,"max_hp_loss":4,"event_name":"Winding Halls","floor":39,"gold_loss":0}],"is_beta":false,"boss_relics":[{"not_picked":["Mark of Pain","White Beast Statue"],"picked":"Philosopher\u0027s Stone"},{"not_picked":["Runic Cube","Fusion Hammer"],"picked":"Lizard Tail"}],"items_purged_floors":[21,47],"is_endless":false,"potions_floor_spawned":[2,3,13,16,24,27,31,33,36,42,45,46],"killed_by":"The Heart","ascension_level":1}