{"gold_per_floor":[111,124,124,49,69,69,101,112,142,154,119,119,27,27,27,99,99,118,134,134,145,145,145,171,171,198,198,211,211,161,22,22,22],"floor_reached":33,"playtime":1201,"items_purged":["Strike_R","Decay","Writhe"],"score":498,"play_id":"27c4f2dd-c5bc-452f-8fe1-23877a093dd0","local_time":"20190308065243","is_ascension_mode":true,"campfire_choices":[{"data":"Clothesline","floor":6,"key":"SMITH"},{"data":"Bash","floor":12,"key":"SMITH"},{"data":"Inflame","floor":15,"key":"SMITH"},{"data":"True Grit","floor":23,"key":"SMITH"},{"floor":25,"key":"REST"},{"data":"Shockwave","floor":29,"key":"SMITH"},{"floor":32,"key":"REST"}],"neow_cost":"NONE","seed_source_timestamp":55624177086106,"circlet_count":0,"master_deck":["AscendersBane","Strike_R","Strike_R","Strike_R","Strike_R","Defend_R","Defend_R","Defend_R","Defend_R","Bash+1","Pommel Strike","Feed","Clothesline+1","Carnage","Shockwave+1","Inflame+1","Offering","True Grit+1","Spot Weakness","Intimidate+1","Panacea"],"relics":["Burning Blood","Oddly Smooth Stone","Tiny Chest","Sozu","Letter Opener","Question Card","Centennial Puzzle","Smiling Mask"],"potions_floor_usage":[7,16,18,18],"damage_taken":[{"damage":0,"enemies":"Small Slimes","floor":1,"turns":3},{"damage":18,"enemies":"Cultist","floor":2,"turns":6},{"damage":9,"enemies":"2 Louse","floor":5,"turns":3},{"damage":24,"enemies":"Gremlin Nob","floor":7,"turns":4},{"damage":11,"enemies":"Looter","floor":8,"turns":3},{"damage":10,"enemies":"3 Louse","floor":10,"turns":3},{"damage":44,"enemies":"The Guardian","floor":16,"turns":12},{"damage":11,"enemies":"Spheric Guardian","floor":18,"turns":3},{"damage":8,"enemies":"Chosen","floor":19,"turns":3},{"damage":24,"enemies":"Snake Plant","floor":21,"turns":3},{"damage":51,"enemies":"Gremlin Leader","floor":24,"turns":7},{"damage":11,"enemies":"Centurion and Healer","floor":28,"turns":6},{"damage":93,"enemies":"Collector","floor":33,"turns":9}],"seed_played":"-1679208486819855589","potions_obtained":[{"floor":5,"key":"Strength Potion"},{"floor":7,"key":"AttackPotion"},{"floor":16,"key":"Regen Potion"}],"is_trial":false,"path_per_floor":["M","M","?","$","M","R","E","M","T","M","?","R","$","?","R","B",null,"M","M","?","M","?","R","E","R","T","T","M","R","$","$","R","B"],"character_chosen":"IRONCLAD","items_purchased":["Inflame","PowerPotion","Panacea"],"campfire_rested":2,"item_purchase_floors":[13,13,31],"current_hp_per_floor":[81,69,69,69,69,69,54,49,49,48,70,70,70,70,70,35,79,83,84,84,69,69,69,24,54,54,54,52,52,52,52,82,0],"gold":22,"neow_bonus":"TEN_PERCENT_HP_BONUS","is_prod":false,"is_daily":false,"chose_seed":false,"campfire_upgraded":5,"win_rate":0,"timestamp":1552049563,"path_taken":["M","M","?","?","M","R","E","M","T","M","?","R","$","?","R","BOSS","M","M","?","M","?","R","E","R","T","?","M","R","?","$","R","BOSS"],"build_version":"2019-01-23","purchased_purges":3,"victory":false,"max_hp_per_floor":[82,82,82,82,85,85,88,88,88,91,91,91,91,91,91,94,94,94,97,97,100,100,100,100,100,100,100,103,103,103,103,103,103],"card_choices":[{"not_picked":["Heavy Blade","Bloodletting","Body Slam"],"picked":"SKIP","floor":1},{"not_picked":["Blood for Blood","Infernal Blade"],"picked":"Pommel Strike","floor":2},{"not_picked":["Cleave","Body Slam"],"picked":"Clothesline","floor":5},{"not_picked":["Clothesline","Armaments"],"picked":"Carnage","floor":7},{"not_picked":["Combust","Flex","Reckless Charge"],"picked":"SKIP","floor":8},{"not_picked":["Rupture","Anger"],"picked":"Shockwave","floor":10},{"not_picked":["Fiend Fire","Impervious"],"picked":"Offering","floor":16},{"not_picked":["Burning Pact","Armaments","Havoc"],"picked":"SKIP","floor":18},{"not_picked":["Heavy Blade","Reckless Charge"],"picked":"True Grit","floor":19},{"not_picked":["Warcry","Rupture+1"],"picked":"Spot Weakness","floor":21},{"not_picked":["Wild Strike","Whirlwind"],"picked":"Intimidate+1","floor":24},{"not_picked":["Wild Strike","Headbutt","Anger","Demon Form"],"picked":"SKIP","floor":28}],"player_experience":283604,"relics_obtained":[{"floor":7,"key":"Oddly Smooth Stone"},{"floor":9,"key":"Tiny Chest"},{"floor":24,"key":"Question Card"},{"floor":26,"key":"Centennial Puzzle"},{"floor":27,"key":"Smiling Mask"}],"event_choices":[{"damage_healed":0,"gold_gain":0,"player_choice":"1 cards matched","damage_taken":0,"max_hp_gain":0,"max_hp_loss":0,"event_name":"Match and Keep!","floor":3,"gold_loss":0,"cards_obtained":["Feed"]},{"damage_healed":22,"gold_gain":0,"player_choice":"Healed","damage_taken":0,"max_hp_gain":0,"max_hp_loss":0,"event_name":"The Cleric","floor":11,"gold_loss":35},{"damage_healed":0,"gold_gain":0,"player_choice":"Ignored","damage_taken":0,"max_hp_gain":0,"max_hp_loss":0,"event_name":"Liars Game","floor":14,"gold_loss":0},{"damage_healed":0,"gold_gain":0,"player_choice":"Smashed Altar","damage_taken":0,"max_hp_gain":0,"max_hp_loss":0,"event_name":"Forgotten Altar","floor":20,"gold_loss":0,"cards_obtained":["Decay"]},{"damage_healed":0,"gold_gain":0,"player_choice":"Opened","damage_taken":0,"relics_obtained":["Letter Opener"],"max_hp_gain":0,"max_hp_loss":0,"event_name":"The Mausoleum","floor":22,"gold_loss":0,"cards_obtained":["Writhe"]}],"is_beta":false,"boss_relics":[{"not_picked":["Eternal Feather","Black Star"],"picked":"Sozu"}],"items_purged_floors":[4,30,31],"is_endless":false,"potions_floor_spawned":[5,7,16,21],"killed_by":"Collector","ascension_level":16}