{"gold_per_floor":[212,224,244,256,181,181,193,203,203,203,213,213,231,242,242,242],"floor_reached":16,"playtime":768,"items_purged":["Strike_R"],"score":98,"play_id":"577e8269-0449-443b-99f8-deaf17e99688","local_time":"20181210033850","is_ascension_mode":false,"campfire_choices":[{"data":"Armaments","floor":6,"key":"SMITH"},{"data":"Shrug It Off","floor":10,"key":"SMITH"},{"data":"Impervious","floor":12,"key":"SMITH"},{"floor":15,"key":"REST"}],"neow_cost":"NONE","seed_source_timestamp":882768628377336,"circlet_count":0,"master_deck":["Strike_R","Strike_R","Strike_R","Strike_R","Defend_R","Defend_R","Defend_R","Defend_R","Bash","Iron Wave","Armaments+1","Shrug It Off+1","Impervious+1"],"relics":["Burning Blood","Self Forming Clay"],"potions_floor_usage":[16],"damage_taken":[{"damage":1,"enemies":"Cultist","floor":1,"turns":3},{"damage":4,"enemies":"2 Louse","floor":2,"turns":3},{"damage":4,"enemies":"Jaw Worm","floor":3,"turns":4},{"damage":7,"enemies":"Large Slime","floor":4,"turns":8},{"damage":24,"enemies":"Exordium Thugs","floor":7,"turns":8},{"damage":4,"enemies":"2 Fungi Beasts","floor":8,"turns":6},{"damage":6,"enemies":"Looter","floor":11,"turns":4},{"damage":7,"enemies":"Blue Slaver","floor":13,"turns":4},{"damage":26,"enemies":"Exordium Thugs","floor":14,"turns":7},{"damage":5,"enemies":"Hexaghost","floor":16,"turns":10}],"seed_played":"-4295850924834180184","potions_obtained":[{"floor":2,"key":"EssenceOfSteel"},{"floor":4,"key":"FairyPotion"},{"floor":7,"key":"Energy Potion"}],"is_trial":false,"path_per_floor":["M","M","M","M","$","R","M","M","T","R","M","R","M","M","R","B"],"character_chosen":"IRONCLAD","items_purchased":[],"campfire_rested":1,"item_purchase_floors":[],"current_hp_per_floor":[80,80,80,79,79,79,61,63,63,63,63,63,62,42,66,61],"gold":242,"neow_bonus":"HUNDRED_GOLD","is_prod":false,"is_daily":false,"chose_seed":false,"campfire_upgraded":3,"win_rate":0,"timestamp":1544431130,"path_taken":["M","M","?","M","$","R","M","M","T","R","M","R","M","M","R","BOSS"],"build_version":"2018-12-06","purchased_purges":1,"victory":false,"max_hp_per_floor":[80,80,80,80,80,80,80,80,80,80,80,80,80,80,80,80],"card_choices":[{"not_picked":["Flex","Anger"],"picked":"Iron Wave","floor":1},{"not_picked":["Sword Boomerang","Twin Strike","Anger"],"picked":"SKIP","floor":2},{"not_picked":["Perfected Strike","Intimidate"],"picked":"Armaments","floor":3},{"not_picked":["Battle Trance","Inflame"],"picked":"Shrug It Off","floor":4},{"not_picked":["Havoc","Sword Boomerang","Infernal Blade"],"picked":"SKIP","floor":7},{"not_picked":["Flex","Twin Strike","Reckless Charge"],"picked":"SKIP","floor":8},{"not_picked":["Metallicize","True Grit"],"picked":"Impervious","floor":11},{"not_picked":["Flex","Cleave","Clothesline"],"picked":"SKIP","floor":13},{"not_picked":["Perfected Strike","Wild Strike","Cleave"],"picked":"SKIP","floor":14}],"player_experience":229533,"relics_obtained":[{"floor":9,"key":"Self Forming Clay"}],"event_choices":[],"is_beta":false,"boss_relics":[],"items_purged_floors":[5],"is_endless":false,"potions_floor_spawned":[2,4,7,13,14],"killed_by":"Hexaghost","ascension_level":0}