{"gold_per_floor":[110,110,124,124,143,143,44,44,44,61,79,79,27,39,39,135,135,150,150,164,19,38,58,58,108,108,108,108,108,124,124,124,221,221,241,92,102,102,102,102],"floor_reached":40,"playtime":990,"items_purged":["Anger","Cleave","Sword Boomerang"],"score":476,"play_id":"57153d07-d77f-4e51-8a6a-be51f849b868","local_time":"20180930083758","daily_mods":["SealedDeck"],"is_ascension_mode":false,"campfire_choices":[{"data":"Perfected Strike","floor":6,"key":"SMITH"},{"data":"Perfected Strike","floor":8,"key":"SMITH"},{"data":"Perfected Strike","floor":12,"key":"SMITH"},{"data":"Clash","floor":15,"key":"SMITH"},{"data":"Clash","floor":24,"key":"SMITH"},{"data":"Twin Strike","floor":27,"key":"SMITH"},{"floor":29,"key":"REST"},{"data":"Pommel Strike","floor":32,"key":"SMITH"}],"neow_cost":"","seed_source_timestamp":0,"circlet_count":0,"master_deck":["Intimidate","Flex","Twin Strike","Clash+1","Perfected Strike+1","Wild Strike","Pommel Strike+1","Perfected Strike+1","Twin Strike","Perfected Strike+1","Clash+1","Twin Strike","Perfected Strike+1","Wild Strike","Twin Strike+1","Clash+1","Perfected Strike"],"relics":["Burning Blood","PreservedInsect","Bottled Lightning","Runic Dome","Matryoshka","Philosopher\u0027s Stone"],"potions_floor_usage":[5,16,20,22,23,40,40],"damage_taken":[{"damage":11,"enemies":"Jaw Worm","floor":1,"turns":2},{"damage":0,"enemies":"2 Louse","floor":3,"turns":1},{"damage":5,"enemies":"Small Slimes","floor":5,"turns":2},{"damage":0,"enemies":"Exordium Thugs","floor":10,"turns":2},{"damage":7,"enemies":"Looter","floor":11,"turns":2},{"damage":0,"enemies":"2 Fungi Beasts","floor":14,"turns":2},{"damage":0,"enemies":"Slime Boss","floor":16,"turns":3},{"damage":14,"enemies":"2 Thieves","floor":18,"turns":2},{"damage":0,"enemies":"3 Byrds","floor":20,"turns":3},{"damage":0,"enemies":"Centurion and Healer","floor":22,"turns":3},{"damage":12,"enemies":"Cultist and Chosen","floor":23,"turns":3},{"damage":0,"enemies":"Sentry and Sphere","floor":30,"turns":2},{"damage":88,"enemies":"Collector","floor":33,"turns":8},{"damage":33,"enemies":"3 Shapes","floor":35,"turns":2},{"damage":0,"enemies":"Orb Walker","floor":37,"turns":1},{"damage":79,"enemies":"Time Eater","floor":40,"turns":3}],"seed_played":"-8447278286421344063","potions_obtained":[{"floor":1,"key":"Energy Potion"},{"floor":3,"key":"Fruit Juice"},{"floor":5,"key":"Block Potion"},{"floor":14,"key":"Strength Potion"},{"floor":20,"key":"Poison Potion"},{"floor":22,"key":"LiquidBronze"},{"floor":35,"key":"GamblersBrew"},{"floor":37,"key":"Fire Potion"}],"is_trial":true,"path_per_floor":["M","?","M","?","M","R","$","R","T","M","M","R","$","M","R","B",null,"M","?","M","$","M","M","R","?","T","R","?","R","M","$","R","B",null,"M","$","M","?","?"],"character_chosen":"IRONCLAD","items_purchased":["Twin Strike","Twin Strike","Wild Strike","Perfected Strike"],"campfire_rested":1,"item_purchase_floors":[7,13,21,36],"current_hp_per_floor":[75,75,80,80,85,85,85,85,85,85,84,84,84,85,85,85,85,77,77,83,83,85,79,79,79,79,79,63,90,90,90,90,8,90,63,63,69,69,69,0],"gold":102,"neow_bonus":"","is_prod":false,"is_daily":false,"chose_seed":false,"campfire_upgraded":7,"win_rate":0,"timestamp":1538311078,"path_taken":["M","?","M","?","M","R","$","R","T","M","M","R","$","M","R","BOSS","M","?","M","$","M","M","R","?","T","R","?","R","?","$","R","BOSS","M","$","M","?","?","BOSS"],"build_version":"2018-09-27","purchased_purges":3,"victory":false,"max_hp_per_floor":[80,80,80,80,85,85,85,85,85,85,85,85,85,85,85,85,85,85,85,85,85,85,85,85,85,85,85,90,90,90,90,90,90,90,90,90,90,90,90,90],"card_choices":[{"not_picked":["Blood for Blood","Body Slam","Pummel"],"picked":"SKIP","floor":1},{"not_picked":["Spot Weakness","Ghostly Armor"],"picked":"Perfected Strike","floor":3},{"not_picked":["Clothesline","Uppercut","Sword Boomerang"],"picked":"SKIP","floor":5},{"not_picked":["Entrench","Pommel Strike"],"picked":"Perfected Strike","floor":10},{"not_picked":["Headbutt","Blood for Blood"],"picked":"Clash","floor":11},{"not_picked":["Heavy Blade","Clothesline","Sentinel"],"picked":"SKIP","floor":14},{"not_picked":["Anger","Sword Boomerang","Inflame"],"picked":"SKIP","floor":18},{"not_picked":["Heavy Blade","Metallicize"],"picked":"Perfected Strike+1","floor":20},{"not_picked":["True Grit+1","Sword Boomerang+1"],"picked":"Twin Strike","floor":22},{"not_picked":["Clothesline","Bloodletting","Headbutt"],"picked":"SKIP","floor":23},{"not_picked":["Flex+1","Metallicize","Evolve+1"],"picked":"SKIP","floor":30},{"not_picked":["Sentinel+1","Havoc+1"],"picked":"Clash+1","floor":35},{"not_picked":["Carnage+1","Havoc+1","Spot Weakness+1"],"picked":"SKIP","floor":37}],"player_experience":155454,"relics_obtained":[{"floor":9,"key":"Bottled Lightning"},{"floor":26,"key":"Matryoshka"}],"event_choices":[{"event_name":"Golden Idol","player_choice":"Ignored","floor":2,"damage_taken":0},{"event_name":"WeMeetAgain","player_choice":"Potion","floor":4,"damage_taken":0},{"event_name":"Back to Basics","player_choice":"Simplicity","floor":19,"damage_taken":0},{"event_name":"The Joust","player_choice":"Bet on Murderer","floor":25,"damage_taken":0},{"event_name":"Forgotten Altar","player_choice":"Shed Blood","floor":28,"damage_taken":0},{"event_name":"Mysterious Sphere","player_choice":"Ignore","floor":38,"damage_taken":0},{"event_name":"SecretPortal","player_choice":"Took Portal.","floor":39,"damage_taken":0}],"is_beta":false,"boss_relics":[{"not_picked":["Orrery","Lizard Tail"],"picked":"Runic Dome"},{"not_picked":["Tiny House","Pandora\u0027s Box"],"picked":"Philosopher\u0027s Stone"}],"items_purged_floors":[7,21,36],"is_endless":false,"potions_floor_spawned":[1,3,5,14,20,22,35,37],"killed_by":"Time Eater","ascension_level":0}