{"gold_per_floor":[109,109,129,145,58,58,84,234,258,258,27,41,55,90,90,162,162,182,198,248,281,18,18,48,63,112,112,112,112,62,73,73,145,145,161,171,187,207,221,221,119,119,143,162,162,176,176,193,193,193],"floor_reached":51,"playtime":3254,"items_purged":["Strike_R","Strike_R","Strike_R","Strike_R"],"score":1281,"play_id":"482d173b-a177-4de4-808e-e0a795ea0f48","local_time":"20190110222106","is_ascension_mode":true,"campfire_choices":[{"data":"True Grit","floor":6,"key":"SMITH"},{"data":"Bash","floor":10,"key":"SMITH"},{"floor":15,"key":"REST"},{"data":"Flame Barrier","floor":23,"key":"SMITH"},{"data":"Disarm","floor":27,"key":"SMITH"},{"data":"Inflame","floor":32,"key":"SMITH"},{"data":"Pummel","floor":40,"key":"SMITH"},{"data":"Spot Weakness","floor":45,"key":"SMITH"},{"data":"Limit Break","floor":47,"key":"SMITH"},{"data":"Battle Trance","floor":49,"key":"SMITH"}],"neow_cost":"NONE","seed_source_timestamp":152130180156119,"circlet_count":0,"master_deck":["AscendersBane","Strike_R","Defend_R+1","Defend_R+1","Defend_R","Defend_R","Bash+1","Disarm+1","True Grit+1","Twin Strike","Battle Trance","Feed","Inflame+1","Disarm+1","Anger","Reaper","Flame Barrier+1","Spot Weakness+1","Battle Trance+1","Exhume","Pummel+1","Burning Pact+1","Sword Boomerang","Pommel Strike","Limit Break+1","Heavy Blade+1"],"relics":["Burning Blood","War Paint","Omamori","Bronze Scales","Torii","Coffee Dripper","Red Mask","Vajra","Art of War","Smiling Mask","Mark of Pain","Bag of Preparation"],"potions_floor_usage":[7,12,33,42],"damage_taken":[{"damage":8,"enemies":"2 Louse","floor":1,"turns":3},{"damage":2,"enemies":"Small Slimes","floor":3,"turns":4},{"damage":10,"enemies":"Cultist","floor":4,"turns":5},{"damage":13,"enemies":"Lagavulin","floor":7,"turns":9},{"damage":1,"enemies":"Lots of Slimes","floor":12,"turns":2},{"damage":24,"enemies":"Gremlin Gang","floor":13,"turns":7},{"damage":33,"enemies":"Gremlin Nob","floor":14,"turns":5},{"damage":49,"enemies":"Slime Boss","floor":16,"turns":8},{"damage":0,"enemies":"3 Byrds","floor":18,"turns":3},{"damage":8,"enemies":"Chosen","floor":19,"turns":4},{"damage":41,"enemies":"Masked Bandits","floor":21,"turns":7},{"damage":57,"enemies":"Slavers","floor":24,"turns":7},{"damage":13,"enemies":"3 Cultists","floor":25,"turns":6},{"damage":9,"enemies":"Centurion and Healer","floor":31,"turns":6},{"damage":49,"enemies":"Automaton","floor":33,"turns":8},{"damage":17,"enemies":"3 Darklings","floor":35,"turns":6},{"damage":14,"enemies":"3 Shapes","floor":36,"turns":11},{"damage":32,"enemies":"Transient","floor":37,"turns":5},{"damage":23,"enemies":"Sphere and 2 Shapes","floor":38,"turns":8},{"damage":0,"enemies":"Writhing Mass","floor":39,"turns":10},{"damage":0,"enemies":"Reptomancer","floor":42,"turns":2},{"damage":16,"enemies":"Maw","floor":44,"turns":7},{"damage":30,"enemies":"Transient","floor":46,"turns":5},{"damage":8,"enemies":"4 Shapes","floor":48,"turns":4},{"damage":89,"enemies":"Donu and Deca","floor":50,"turns":6}],"seed_played":"-8215688931802652271","potions_obtained":[{"floor":1,"key":"SteroidPotion"},{"floor":4,"key":"Explosive Potion"},{"floor":7,"key":"Strength Potion"},{"floor":13,"key":"FearPotion"},{"floor":29,"key":"SmokeBomb"},{"floor":36,"key":"Weak Potion"},{"floor":38,"key":"SteroidPotion"},{"floor":46,"key":"Energy Potion"}],"is_trial":false,"path_per_floor":["M","?","M","M","$","R","E","?","T","R","$","M","M","E","R","B",null,"M","M","?","?","$","R","E","M","T","R","?","?","$","M","R","B",null,"M","M","M","M","M","R","$","E","T","M","R","M","R","M","R","B",null],"character_chosen":"IRONCLAD","items_purchased":["Battle Trance","Inflame","Disarm","Vajra","Pommel Strike"],"campfire_rested":1,"item_purchase_floors":[5,11,11,22,41],"current_hp_per_floor":[66,66,70,66,66,66,59,59,59,59,59,67,52,28,53,13,69,78,85,85,57,57,57,33,50,50,50,69,69,69,84,84,55,86,96,99,99,99,105,105,105,105,105,105,105,99,99,105,105,59],"gold":193,"neow_bonus":"RANDOM_COMMON_RELIC","is_prod":false,"is_daily":false,"chose_seed":false,"campfire_upgraded":9,"win_rate":0,"timestamp":1547176866,"path_taken":["M","?","M","M","$","R","E","?","T","R","$","M","M","E","R","BOSS","M","M","?","?","$","R","E","M","T","R","?","?","$","?","R","BOSS","M","M","?","M","M","R","$","E","T","M","R","?","R","M","R","BOSS"],"build_version":"2019-01-09","purchased_purges":4,"victory":true,"max_hp_per_floor":[75,75,75,75,75,75,75,75,75,75,75,78,81,84,84,87,87,87,87,87,90,90,90,93,93,93,93,93,93,93,96,96,96,96,96,99,99,102,105,105,105,105,105,105,105,105,105,105,105,108],"card_choices":[{"not_picked":["True Grit","Fire Breathing"],"picked":"Disarm","floor":1},{"not_picked":["Iron Wave","Perfected Strike"],"picked":"True Grit","floor":3},{"not_picked":["Clash","Shrug It Off"],"picked":"Twin Strike","floor":4},{"not_picked":["Anger","Hemokinesis"],"picked":"Feed","floor":7},{"not_picked":["Headbutt","Clothesline","Havoc"],"picked":"SKIP","floor":12},{"not_picked":["Pommel Strike","Wild Strike","Rage"],"picked":"SKIP","floor":13},{"not_picked":["Second Wind","Hemokinesis"],"picked":"Anger","floor":14},{"not_picked":["Double Tap","Bludgeon"],"picked":"Reaper","floor":16},{"not_picked":["Pommel Strike","Evolve","Anger+1"],"picked":"SKIP","floor":18},{"not_picked":["Carnage","Ghostly Armor+1"],"picked":"Flame Barrier","floor":19},{"not_picked":["Pommel Strike","Anger"],"picked":"Spot Weakness","floor":21},{"not_picked":["Heavy Blade","Wild Strike","Sentinel"],"picked":"SKIP","floor":24},{"not_picked":["Whirlwind","Entrench"],"picked":"Battle Trance","floor":25},{"not_picked":["Wild Strike","Juggernaut","Second Wind"],"picked":"SKIP","floor":31},{"not_picked":["Barricade","Demon Form"],"picked":"Exhume","floor":33},{"not_picked":["Cleave+1","Wild Strike","Clash"],"picked":"SKIP","floor":35},{"not_picked":["Rage+1","Thunderclap"],"picked":"Pummel","floor":36},{"not_picked":["Thunderclap","True Grit"],"picked":"Burning Pact+1","floor":37},{"not_picked":["Juggernaut","Sentinel","Perfected Strike+1"],"picked":"SKIP","floor":38},{"not_picked":["Entrench","Havoc"],"picked":"Sword Boomerang","floor":39},{"not_picked":["Disarm+1","Clash+1","Headbutt"],"picked":"SKIP","floor":44},{"not_picked":["Headbutt","Anger"],"picked":"Limit Break","floor":46},{"not_picked":["Evolve+1","Pommel Strike+1"],"picked":"Heavy Blade+1","floor":48}],"player_experience":454578,"relics_obtained":[{"floor":7,"key":"Omamori"},{"floor":9,"key":"Bronze Scales"},{"floor":14,"key":"Torii"},{"floor":21,"key":"Red Mask"},{"floor":24,"key":"Art of War"},{"floor":26,"key":"Smiling Mask"},{"floor":43,"key":"Bag of Preparation"}],"event_choices":[{"damage_healed":0,"gold_gain":0,"player_choice":"Grow","damage_taken":0,"max_hp_gain":0,"max_hp_loss":0,"event_name":"Living Wall","floor":2,"gold_loss":0,"cards_upgraded":["Disarm"]},{"damage_healed":0,"gold_gain":150,"player_choice":"AGREE","damage_taken":0,"max_hp_gain":0,"max_hp_loss":0,"event_name":"Liars Game","floor":8,"gold_loss":0,"cards_obtained":["Doubt"]},{"damage_healed":0,"gold_gain":50,"player_choice":"Stole From Cult","damage_taken":0,"max_hp_gain":0,"max_hp_loss":0,"event_name":"Nest","floor":20,"gold_loss":0},{"damage_healed":0,"gold_gain":0,"player_choice":"Fought Bandits","damage_taken":0,"max_hp_gain":0,"max_hp_loss":0,"event_name":"Masked Bandits","floor":21,"gold_loss":0},{"damage_healed":19,"gold_gain":0,"player_choice":"Heal","damage_taken":0,"max_hp_gain":0,"max_hp_loss":0,"event_name":"The Library","floor":28,"gold_loss":0},{"damage_healed":0,"gold_gain":0,"player_choice":"Got Potions","damage_taken":0,"max_hp_gain":0,"max_hp_loss":0,"event_name":"Lab","floor":29,"gold_loss":0}],"is_beta":true,"boss_relics":[{"not_picked":["Runic Dome","Empty Cage"],"picked":"Coffee Dripper"},{"not_picked":["Runic Pyramid","Runic Cube"],"picked":"Mark of Pain"}],"items_purged_floors":[11,22,30,41],"is_endless":false,"potions_floor_spawned":[1,4,7,13,19,25,31,36,38,39,46],"ascension_level":16}