{"gold_per_floor":[109,58,68,68,79,29,29,59,59,89,89,107,107,107,107,207,207,218,218,143,160,179,179,104,104,104,104,29,49,49,49,49,146,146,160,160,176,189,189,189,61,79,79,0,11,11,11,22,22,22,22,22,22,22],"floor_reached":54,"playtime":3682,"items_purged":["Defend_B"],"score":858,"play_id":"b3580d0f-1e57-40a7-91ea-e5bf082e210a","local_time":"20190101031007","is_ascension_mode":false,"campfire_choices":[{"data":"Blizzard","floor":7.0,"key":"SMITH"},{"data":"Conserve Battery","floor":11.0,"key":"SMITH"},{"data":"Conserve Battery","floor":13.0,"key":"SMITH"},{"floor":15.0,"key":"REST"},{"data":"Capacitor","floor":23.0,"key":"SMITH"},{"data":"Glacier","floor":27.0,"key":"SMITH"},{"data":"Blizzard","floor":30.0,"key":"SMITH"},{"floor":32.0,"key":"REST"},{"floor":40.0,"key":"RECALL"},{"data":"Blizzard","floor":46.0,"key":"SMITH"},{"floor":49.0,"key":"REST"},{"data":"Conserve Battery","floor":52.0,"key":"SMITH"}],"neow_cost":"NONE","seed_source_timestamp":0,"circlet_count":0,"master_deck":["Strike_B","Strike_B","Strike_B","Strike_B","Zap+1","Dualcast+1","Coolheaded","Conserve Battery+1","Blizzard+1","Coolheaded","Cold Snap","Conserve Battery+1","Glacier+1","Capacitor+1","Blizzard+1","Coolheaded+1","Multi-Cast","Cold Snap","Doom and Gloom","Blizzard+1","Blizzard+1","Conserve Battery+1","Blizzard+1"],"special_seed":0,"relics":["Cracked Core","Mercury Hourglass","Matryoshka","White Beast Statue","DataDisk","Singing Bowl","Orrery","Boot","Red Mask"],"potions_floor_usage":[],"damage_taken":[{"damage":2.0,"enemies":"2 Louse","floor":1.0,"turns":2.0},{"damage":0.0,"enemies":"Jaw Worm","floor":3.0,"turns":4.0},{"damage":1.0,"enemies":"Small Slimes","floor":5.0,"turns":3.0},{"damage":18.0,"enemies":"3 Sentries","floor":10.0,"turns":7.0},{"damage":3.0,"enemies":"3 Louse","floor":12.0,"turns":2.0},{"damage":6.0,"enemies":"The Guardian","floor":16.0,"turns":12.0},{"damage":0.0,"enemies":"Chosen","floor":18.0,"turns":6.0},{"damage":22.0,"enemies":"Colosseum Slavers","floor":19.0,"turns":5.0},{"damage":0.0,"enemies":"Shell Parasite","floor":21.0,"turns":7.0},{"damage":5.0,"enemies":"Centurion and Healer","floor":22.0,"turns":9.0},{"damage":0.0,"enemies":"Shelled Parasite and Fungi","floor":29.0,"turns":6.0},{"damage":6.0,"enemies":"Collector","floor":33.0,"turns":11.0},{"damage":0.0,"enemies":"Orb Walker","floor":35.0,"turns":4.0},{"damage":0.0,"enemies":"3 Shapes","floor":37.0,"turns":6.0},{"damage":10.0,"enemies":"Spire Growth","floor":38.0,"turns":7.0},{"damage":7.0,"enemies":"Sphere and 2 Shapes","floor":42.0,"turns":4.0},{"damage":1.0,"enemies":"4 Shapes","floor":45.0,"turns":8.0},{"damage":28.0,"enemies":"Jaw Worm Horde","floor":48.0,"turns":5.0},{"damage":38.0,"enemies":"Awakened One","floor":50.0,"turns":16.0},{"damage":96,"enemies":"Shield and Spear","floor":54,"turns":5}],"seed_played":"-1029498773533895924","potions_obtained":[{"floor":5.0,"key":"FearPotion"},{"floor":12.0,"key":"AttackPotion"},{"floor":16.0,"key":"FocusPotion"},{"floor":18.0,"key":"Dexterity Potion"},{"floor":21.0,"key":"Block Potion"},{"floor":22.0,"key":"Weak Potion"},{"floor":35.0,"key":"PowerPotion"},{"floor":37.0,"key":"Swift Potion"},{"floor":38.0,"key":"AttackPotion"},{"floor":42.0,"key":"FearPotion"},{"floor":45.0,"key":"Swift Potion"},{"floor":48.0,"key":"GamblersBrew"}],"is_trial":false,"path_per_floor":["M","$","M","$","M","?","R","?","T","E","R","M","R","?","R","B",null,"M","?","?","M","M","R","$","?","T","R","$","M","R","$","R","B",null,"M","$","M","M","?","R","$","M","T","?","M","R","?","M","R","B",null,"R","$","E"],"character_chosen":"DEFECT","items_purchased":["Conserve Battery","Blizzard","Blizzard","Conserve Battery"],"campfire_rested":3,"item_purchase_floors":[2,28,41,41],"current_hp_per_floor":[73,73,73,73,72,72,72,72,72,54,54,51,51,36,58,52,75,75,53,53,53,48,48,48,48,48,48,48,48,48,48,70,64,81,83,83,85,77,77,77,77,72,72,72,71,71,71,45,71,33,87,87,87,0],"gold":22,"neow_bonus":"UPGRADE_CARD","is_prod":false,"is_daily":false,"chose_seed":false,"campfire_upgraded":8,"win_rate":0,"timestamp":1546330207,"path_taken":["M","$","M","$","M","?","R","?","T","E","R","M","R","?","R","BOSS","M","?","?","M","M","R","$","?","T","R","$","?","R","$","R","BOSS","M","$","M","M","?","R","?","M","T","?","M","R","?","M","R","BOSS","R","$","E"],"build_version":"2018-12-20","purchased_purges":1,"victory":false,"max_hp_per_floor":[75,75,75,75,75,75,75,75,75,75,75,75,75,75,75,75,75,75,75,75,75,75,75,75,75,75,75,75,75,75,75,75,75,81,83,83,85,87,87,87,87,89,89,89,89,89,85,87,87,87,87,87,87,87],"card_choices":[{"not_picked":["Turbo","Redo"],"picked":"Coolheaded","floor":1.0},{"not_picked":["Steam","Compile Driver"],"picked":"Blizzard","floor":3.0},{"not_picked":["Compile Driver","White Noise"],"picked":"Coolheaded","floor":5.0},{"not_picked":["Seek","Loop"],"picked":"Cold Snap","floor":10.0},{"not_picked":["BootSequence","Genetic Algorithm"],"picked":"Conserve Battery","floor":12.0},{"not_picked":["Heatsinks+1","Auto Shields","Compile Driver"],"picked":"SKIP","floor":18.0},{"not_picked":["Melter","Beam Cell+1"],"picked":"Glacier","floor":21.0},{"not_picked":["Aggregate","Leap"],"picked":"Capacitor","floor":22.0},{"not_picked":["Redo","Ball Lightning"],"picked":"Coolheaded+1","floor":29.0},{"not_picked":["Hyperbeam","Amplify"],"picked":"Multi-Cast","floor":33.0},{"not_picked":["Barrage+1","Redo","Steam+1"],"picked":"Singing Bowl","floor":34.0},{"not_picked":["Steam","Double Energy"],"picked":"Cold Snap","floor":34.0},{"not_picked":["Barrage","Leap"],"picked":"Doom and Gloom","floor":34.0},{"not_picked":["Turbo+1","Ball Lightning","Doom and Gloom"],"picked":"Singing Bowl","floor":34.0},{"not_picked":["Cold Snap","Gash","Ball Lightning+1"],"picked":"Singing Bowl","floor":34.0},{"not_picked":["Fusion","Hologram","Turbo"],"picked":"Singing Bowl","floor":35.0},{"not_picked":["BootSequence+1","Conserve Battery","FTL+1"],"picked":"Singing Bowl","floor":37.0},{"not_picked":["Conserve Battery+1","Redo+1","Hologram+1"],"picked":"Singing Bowl","floor":38.0},{"not_picked":["Ball Lightning+1","Gash","Coolheaded+1"],"picked":"Singing Bowl","floor":42.0},{"not_picked":["Multi-Cast","Coolheaded"],"picked":"Blizzard+1","floor":45.0},{"not_picked":["Conserve Battery","Steam Power+1","Gash+1"],"picked":"Singing Bowl","floor":48.0}],"player_experience":373473,"relics_obtained":[{"floor":9.0,"key":"Mercury Hourglass"},{"floor":10.0,"key":"Matryoshka"},{"floor":26.0,"key":"DataDisk"},{"floor":26.0,"key":"Singing Bowl"},{"floor":43.0,"key":"Boot"}],"event_choices":[{"cards_removed":["Defend_B"],"damage_healed":0.0,"max_hp_gain":0.0,"max_hp_loss":0.0,"gold_gain":0.0,"event_name":"The Cleric","player_choice":"Card Removal","floor":6.0,"gold_loss":50.0,"damage_taken":0.0},{"damage_healed":0.0,"max_hp_gain":0.0,"max_hp_loss":0.0,"gold_gain":30.0,"event_name":"Dead Adventurer","player_choice":"Searched \u00271\u0027 times","floor":8.0,"gold_loss":0.0,"damage_taken":0.0},{"damage_healed":0.0,"max_hp_gain":0.0,"max_hp_loss":0.0,"gold_gain":0.0,"event_name":"Shining Light","player_choice":"Entered Light","floor":14.0,"gold_loss":0.0,"damage_taken":15.0,"cards_upgraded":["Zap","Defend_B"]},{"damage_healed":0.0,"max_hp_gain":0.0,"max_hp_loss":0.0,"gold_gain":0.0,"event_name":"Colosseum","player_choice":"Fight","floor":19.0,"gold_loss":0.0,"damage_taken":0.0},{"damage_healed":0.0,"max_hp_gain":0.0,"max_hp_loss":0.0,"gold_gain":0.0,"event_name":"Colosseum","player_choice":"Fled From Nobs","floor":19.0,"gold_loss":0.0,"damage_taken":0.0},{"cards_removed":["Defend_B"],"damage_healed":0.0,"max_hp_gain":0.0,"max_hp_loss":0.0,"gold_gain":0.0,"event_name":"Beggar","player_choice":"Gave Gold","floor":20.0,"gold_loss":75.0,"damage_taken":0.0},{"cards_removed":["Defend_B"],"damage_healed":0.0,"max_hp_gain":0.0,"max_hp_loss":0.0,"gold_gain":0.0,"event_name":"Back to Basics","player_choice":"Elegance","floor":25.0,"gold_loss":0.0,"damage_taken":0.0},{"damage_healed":0.0,"max_hp_gain":0.0,"max_hp_loss":0.0,"gold_gain":0.0,"event_name":"Duplicator","player_choice":"Copied","floor":39.0,"gold_loss":0.0,"damage_taken":0.0,"cards_obtained":["Blizzard"]},{"damage_healed":0.0,"max_hp_gain":0.0,"max_hp_loss":0.0,"gold_gain":0.0,"event_name":"Tomb of Lord Red Mask","player_choice":"Paid","floor":44.0,"gold_loss":79.0,"damage_taken":0.0,"relics_obtained":["Red Mask"]},{"damage_healed":0.0,"max_hp_gain":0.0,"max_hp_loss":4.0,"gold_gain":0.0,"event_name":"Winding Halls","player_choice":"Max HP","floor":47.0,"gold_loss":0.0,"damage_taken":0.0}],"is_beta":false,"boss_relics":[{"not_picked":["Busted Crown","Pandora\u0027s Box"],"picked":"White Beast Statue"},{"not_picked":["Snecko Eye","Runic Pyramid"],"picked":"Orrery"}],"items_purged_floors":[24],"is_endless":false,"potions_floor_spawned":[5,12,16,18,19,21,22,29,33,35,37,38,42,45,48],"killed_by":"Shield and Spear","ascension_level":0}