{"gold_per_floor":[18,36,36,53,53,88,88,120,120,45,60,94,94,107,107,207,207,220,231,231,36,0,0,20,33,79,79,79,79,108,108,108,213,213,231,242,117,131,131,161,161,171,198,226,0,16,16,16,16,16],"floor_reached":51,"playtime":4340,"items_purged":["Defend_G","Writhe","Strike_G"],"score":854,"play_id":"cfcf6ad7-1ef3-463d-9da7-293ea3d60464","local_time":"20181029170510","is_ascension_mode":true,"campfire_choices":[{"floor":7,"key":"REST"},{"data":"Neutralize","floor":13,"key":"SMITH"},{"data":"Heel Hook","floor":15,"key":"SMITH"},{"data":"Footwork","floor":23,"key":"SMITH"},{"data":"Reflex","floor":28,"key":"SMITH"},{"data":"Well Laid Plans","floor":32,"key":"SMITH"},{"data":"A Thousand Cuts","floor":41,"key":"SMITH"},{"floor":49,"key":"REST"}],"neow_cost":"NO_GOLD","seed_source_timestamp":1661844920406252,"circlet_count":0,"master_deck":["Defend_G+1","Strike_G+1","Survivor+1","Neutralize+1","Heel Hook+1","Well Laid Plans+1","Phantasmal Killer","Quick Slash","Backflip+1","Footwork+1","Reflex+1","Quick Slash","Wraith Form v2","Heel Hook+1","A Thousand Cuts+1","Cloak And Dagger+1","Footwork+1","Quick Slash","Malaise","Madness","Madness"],"relics":["Ring of the Snake","Tough Bandages","Ice Cream","Blood Vial","The Specimen","Boot","HoveringKite","MawBank","Oddly Smooth Stone","Nilry\u0027s Codex","Bag of Marbles","Empty Cage","Juzu Bracelet","War Paint","PreservedInsect","Red Mask"],"potions_floor_usage":[8,30],"damage_taken":[{"damage":0,"enemies":"Jaw Worm","floor":1,"turns":5},{"damage":0,"enemies":"Small Slimes","floor":2,"turns":3},{"damage":0,"enemies":"Cultist","floor":4,"turns":4},{"damage":43,"enemies":"3 Sentries","floor":6,"turns":15},{"damage":9,"enemies":"Gremlin Nob","floor":8,"turns":4},{"damage":0,"enemies":"2 Fungi Beasts","floor":11,"turns":3},{"damage":11,"enemies":"Lagavulin","floor":12,"turns":8},{"damage":4,"enemies":"Exordium Wildlife","floor":14,"turns":5},{"damage":2,"enemies":"The Guardian","floor":16,"turns":15},{"damage":10,"enemies":"Shell Parasite","floor":18,"turns":7},{"damage":3,"enemies":"3 Byrds","floor":19,"turns":7},{"damage":2,"enemies":"3 Cultists","floor":24,"turns":6},{"damage":7,"enemies":"Centurion and Healer","floor":25,"turns":4},{"damage":7,"enemies":"Slavers","floor":30,"turns":6},{"damage":2,"enemies":"Collector","floor":33,"turns":7},{"damage":0,"enemies":"Orb Walker","floor":35,"turns":4},{"damage":0,"enemies":"3 Shapes","floor":36,"turns":4},{"damage":0,"enemies":"Writhing Mass","floor":38,"turns":6},{"damage":0,"enemies":"Nemesis","floor":40,"turns":6},{"damage":14,"enemies":"Jaw Worm Horde","floor":42,"turns":4},{"damage":0,"enemies":"Giant Head","floor":44,"turns":7},{"damage":2,"enemies":"Sphere and 2 Shapes","floor":46,"turns":4},{"damage":17,"enemies":"Time Eater","floor":50,"turns":13}],"seed_played":"-2065856261455683063","potions_obtained":[{"floor":1,"key":"Swift Potion"},{"floor":2,"key":"AttackPotion"},{"floor":6,"key":"Weak Potion"},{"floor":14,"key":"Ancient Potion"},{"floor":16,"key":"Strength Potion"},{"floor":33,"key":"EntropicBrew"}],"is_trial":false,"path_per_floor":["M","M","?","M","?","E","R","E","T","$","M","E","R","M","R","B",null,"M","M","?","$","?","R","M","M","T","?","R","?","E","?","R","B",null,"M","M","$","M","?","E","R","M","T","E","?","M","?","?","R","B"],"character_chosen":"THE_SILENT","items_purchased":["Backflip","Footwork"],"campfire_rested":2,"item_purchase_floors":[21,21],"current_hp_per_floor":[70,70,67,67,53,10,31,22,22,22,24,15,15,13,13,13,70,60,59,59,59,59,59,59,54,54,54,54,38,33,33,33,33,70,70,70,70,70,70,70,70,56,56,58,58,58,49,49,70,53],"gold":16,"neow_bonus":"REMOVE_TWO","is_prod":false,"is_daily":false,"chose_seed":false,"campfire_upgraded":6,"win_rate":0,"timestamp":1540847110,"path_taken":["M","M","?","?","?","E","R","E","T","$","M","E","R","M","R","BOSS","M","?","?","$","?","R","M","M","T","?","R","?","E","?","R","BOSS","M","M","$","M","?","E","R","M","T","E","?","M","?","?","R","BOSS"],"build_version":"2018-10-29","purchased_purges":3,"victory":true,"max_hp_per_floor":[70,70,70,70,70,70,70,70,70,70,70,70,70,70,70,70,70,70,70,70,70,70,70,70,70,70,70,70,70,70,70,70,70,70,70,70,70,70,70,70,70,70,70,70,70,70,70,70,70,70],"card_choices":[{"not_picked":["Distraction","Backflip","Expertise"],"picked":"SKIP","floor":1},{"not_picked":["Concentrate","Prepared"],"picked":"Heel Hook","floor":2},{"not_picked":["Outmaneuver","Acrobatics"],"picked":"Well Laid Plans","floor":4},{"not_picked":["Prepared","Slice","Blade Dance"],"picked":"SKIP","floor":6},{"not_picked":["PiercingWail","Wraith Form v2","Infinite Blades"],"picked":"SKIP","floor":8},{"not_picked":["Sucker Punch","Acrobatics","Bane"],"picked":"SKIP","floor":11},{"not_picked":["Skewer","Dagger Throw","All Out Attack"],"picked":"SKIP","floor":12},{"not_picked":["Slice","Prepared","Blade Dance"],"picked":"SKIP","floor":14},{"not_picked":["Die Die Die","Storm of Steel"],"picked":"Phantasmal Killer","floor":16},{"not_picked":["Outmaneuver","All Out Attack","Flying Knee"],"picked":"SKIP","floor":18},{"not_picked":["Acrobatics","Glass Knife"],"picked":"Quick Slash","floor":19},{"not_picked":["Acrobatics","Outmaneuver"],"picked":"Reflex","floor":24},{"not_picked":["Acrobatics","Sucker Punch+1"],"picked":"Quick Slash","floor":25},{"not_picked":["Backflip+1","Deadly Poison"],"picked":"Heel Hook+1","floor":30},{"not_picked":["Doppelganger","Corpse Explosion"],"picked":"A Thousand Cuts","floor":33},{"not_picked":["Deadly Poison+1","Deflect"],"picked":"Cloak And Dagger+1","floor":35},{"not_picked":["Endless Agony","Riddle With Holes"],"picked":"Footwork+1","floor":36},{"not_picked":["Bane","Doppelganger","Dagger Throw"],"picked":"SKIP","floor":38},{"not_picked":["Catalyst","Night Terror"],"picked":"Quick Slash","floor":40},{"not_picked":["Blade Dance","Slice+1","Poisoned Stab+1"],"picked":"SKIP","floor":42},{"not_picked":["Tactician","Setup+1"],"picked":"Malaise","floor":44},{"not_picked":["Acrobatics","Flying Knee","Accuracy"],"picked":"SKIP","floor":46}],"player_experience":306199,"relics_obtained":[{"floor":6,"key":"Ice Cream"},{"floor":8,"key":"Blood Vial"},{"floor":9,"key":"The Specimen"},{"floor":12,"key":"Boot"},{"floor":26,"key":"Oddly Smooth Stone"},{"floor":29,"key":"Nilry\u0027s Codex"},{"floor":30,"key":"Bag of Marbles"},{"floor":40,"key":"Juzu Bracelet"},{"floor":43,"key":"War Paint"},{"floor":44,"key":"PreservedInsect"}],"event_choices":[{"damage_healed":0,"gold_gain":0,"player_choice":"Success","damage_taken":3,"relics_obtained":["Tough Bandages"],"max_hp_gain":0,"max_hp_loss":0,"event_name":"Scrap Ooze","floor":3,"gold_loss":0},{"damage_healed":0,"gold_gain":0,"player_choice":"Entered Light","damage_taken":14,"max_hp_gain":0,"max_hp_loss":0,"event_name":"Shining Light","floor":5,"gold_loss":0,"cards_upgraded":["Strike_G","Defend_G"]},{"damage_healed":0,"gold_gain":0,"player_choice":"Opened","damage_taken":0,"relics_obtained":["MawBank"],"max_hp_gain":0,"max_hp_loss":0,"event_name":"The Mausoleum","floor":20,"gold_loss":0,"cards_obtained":["Writhe"]},{"damage_healed":0,"gold_gain":0,"player_choice":"Paid Fearfully","damage_taken":0,"max_hp_gain":0,"max_hp_loss":0,"event_name":"Masked Bandits","floor":22,"gold_loss":36},{"damage_healed":0,"gold_gain":0,"cards_transformed":["Defend_G"],"player_choice":"Transformed","damage_taken":0,"max_hp_gain":0,"max_hp_loss":0,"event_name":"Transmorgrifier","floor":27,"gold_loss":0,"cards_obtained":["Wraith Form v2"]},{"damage_healed":0,"gold_gain":0,"player_choice":"Obtained Book","damage_taken":16,"max_hp_gain":0,"max_hp_loss":0,"event_name":"Cursed Tome","floor":29,"gold_loss":0},{"cards_removed":["Strike_G"],"damage_healed":0,"gold_gain":0,"player_choice":"Purged","damage_taken":0,"max_hp_gain":0,"max_hp_loss":0,"event_name":"Purifier","floor":31,"gold_loss":0},{"damage_healed":0,"gold_gain":0,"player_choice":"Ignored","damage_taken":0,"max_hp_gain":0,"max_hp_loss":0,"event_name":"Mysterious Sphere","floor":39,"gold_loss":0},{"damage_healed":0,"gold_gain":0,"player_choice":"Paid","damage_taken":0,"relics_obtained":["Red Mask"],"max_hp_gain":0,"max_hp_loss":0,"event_name":"Tomb of Lord Red Mask","floor":45,"gold_loss":226},{"damage_healed":0,"gold_gain":0,"player_choice":"Embrace Madness","damage_taken":9,"max_hp_gain":0,"max_hp_loss":0,"event_name":"Winding Halls","floor":47,"gold_loss":0,"cards_obtained":["Madness","Madness"]},{"damage_healed":0,"gold_gain":0,"player_choice":"Ignored","damage_taken":0,"max_hp_gain":0,"max_hp_loss":0,"event_name":"SecretPortal","floor":48,"gold_loss":0}],"is_beta":true,"boss_relics":[{"not_picked":["Calling Bell","Eternal Feather"],"picked":"HoveringKite"},{"not_picked":["Fusion Hammer","Astrolabe"],"picked":"Empty Cage"}],"items_purged_floors":[10,21,37],"is_endless":false,"potions_floor_spawned":[1,2,6,14,16,24,25,33,38,40],"ascension_level":3}