{"gold_per_floor":[119,133,151,151,165,209,97,97,146,146,225,300,321,336,336,456,456,480,395,414,439,186,229,229,242,324,324,324,324],"floor_reached":29,"playtime":1482,"items_purged":["Strike_G","Strike_G"],"score":294,"play_id":"c3473277-e793-4ebd-8f9d-f78ca2193ff3","local_time":"20181122110341","is_ascension_mode":true,"campfire_choices":[{"data":"Footwork","floor":8,"key":"SMITH"},{"data":"Poisoned Stab","floor":10,"key":"SMITH"},{"floor":15,"key":"REST"},{"floor":24,"key":"REST"},{"data":"Cloak And Dagger","floor":28,"key":"SMITH"}],"neow_cost":"NONE","seed_source_timestamp":608403112985892,"circlet_count":0,"master_deck":["Defend_G","Defend_G","Defend_G","Defend_G","Defend_G","Strike_G","Strike_G","Strike_G","Survivor","Neutralize+1","Backstab","Slice","Quick Slash","Footwork+1","Poisoned Stab+1","Noxious Fumes+1","Acrobatics","Deadly Poison","Bane","A Thousand Cuts+1","Backflip+1","Footwork+1","Sucker Punch","Infinite Blades+1","Quick Slash","Slice","Leg Sweep","Outmaneuver+1","Cloak And Dagger+1"],"relics":["Ring of the Snake","Golden Idol","Frozen Egg 2","Orichalcum","Dream Catcher","Cursed Key","Shuriken","Letter Opener","Toxic Egg 2"],"potions_floor_usage":[23],"damage_taken":[{"damage":0,"enemies":"2 Louse","floor":1,"turns":3},{"damage":0,"enemies":"Jaw Worm","floor":2,"turns":3},{"damage":0,"enemies":"Small Slimes","floor":3,"turns":3},{"damage":1,"enemies":"Exordium Wildlife","floor":5,"turns":6},{"damage":11,"enemies":"3 Sentries","floor":6,"turns":9},{"damage":20,"enemies":"Lagavulin Event","floor":11,"turns":7},{"damage":0,"enemies":"Blue Slaver","floor":13,"turns":4},{"damage":0,"enemies":"2 Fungi Beasts","floor":14,"turns":2},{"damage":16,"enemies":"Hexaghost","floor":16,"turns":9},{"damage":7,"enemies":"3 Byrds","floor":18,"turns":3},{"damage":14,"enemies":"2 Thieves","floor":20,"turns":4},{"damage":21,"enemies":"Sentry and Sphere","floor":21,"turns":7},{"damage":22,"enemies":"Slavers","floor":23,"turns":4},{"damage":3,"enemies":"Cultist and Chosen","floor":25,"turns":6},{"damage":26,"enemies":"Shelled Parasite and Fungi","floor":29,"turns":2}],"seed_played":"6514749569058019597","potions_obtained":[{"floor":3,"key":"SteroidPotion"},{"floor":6,"key":"SteroidPotion"},{"floor":11,"key":"SpeedPotion"},{"floor":16,"key":"Strength Potion"},{"floor":25,"key":"SpeedPotion"}],"is_trial":false,"path_per_floor":["M","M","M","?","M","E","$","R","T","R","?","?","M","M","R","B",null,"M","?","M","M","$","E","R","M","T","?","R","M"],"character_chosen":"THE_SILENT","items_purchased":["Noxious Fumes+1","Infinite Blades+1","Quick Slash","Slice"],"campfire_rested":2,"item_purchase_floors":[7,22,22,22],"current_hp_per_floor":[70,70,70,53,52,41,41,41,41,41,21,10,10,10,31,15,70,63,63,49,28,28,6,27,24,24,24,24,0],"gold":324,"neow_bonus":"UPGRADE_CARD","is_prod":false,"is_daily":false,"chose_seed":false,"campfire_upgraded":3,"win_rate":0,"timestamp":1542902621,"path_taken":["M","M","M","?","M","E","$","R","T","R","?","?","?","M","R","BOSS","M","?","M","M","$","E","R","M","T","?","R","M"],"build_version":"2018-11-15","purchased_purges":2,"victory":false,"max_hp_per_floor":[70,70,70,70,70,70,70,70,70,70,70,70,70,70,70,70,70,70,70,70,70,70,70,70,70,70,70,70,70],"card_choices":[{"not_picked":["Poisoned Stab","PiercingWail"],"picked":"Backstab","floor":1},{"not_picked":["Riddle With Holes","Bane"],"picked":"Slice","floor":2},{"not_picked":["Accuracy","Slice"],"picked":"Quick Slash","floor":3},{"not_picked":["Die Die Die","Catalyst"],"picked":"Footwork","floor":5},{"not_picked":["Prepared","Deadly Poison"],"picked":"Poisoned Stab","floor":6},{"not_picked":["Flechettes","Deadly Poison"],"picked":"Acrobatics","floor":11},{"not_picked":["Dagger Spray","Dodge and Roll","Heel Hook"],"picked":"SKIP","floor":13},{"not_picked":["Terror","Dodge and Roll"],"picked":"Deadly Poison","floor":14},{"not_picked":["Cloak And Dagger","Infinite Blades+1"],"picked":"Bane","floor":15},{"not_picked":["Doppelganger","Phantasmal Killer"],"picked":"A Thousand Cuts+1","floor":16},{"not_picked":["Dagger Spray+1","Catalyst"],"picked":"Backflip+1","floor":18},{"not_picked":["Deadly Poison","Blade Dance"],"picked":"Footwork+1","floor":20},{"not_picked":["Reflex","Expertise"],"picked":"Sucker Punch","floor":21},{"not_picked":["Crippling Poison","Deflect+1"],"picked":"Leg Sweep","floor":23},{"not_picked":["Choke","Terror+1"],"picked":"Outmaneuver+1","floor":24},{"not_picked":["Flechettes","Catalyst+1"],"picked":"Cloak And Dagger","floor":25}],"player_experience":405317,"relics_obtained":[{"floor":6,"key":"Frozen Egg 2"},{"floor":9,"key":"Orichalcum"},{"floor":11,"key":"Dream Catcher"},{"floor":23,"key":"Letter Opener"},{"floor":26,"key":"Toxic Egg 2"}],"event_choices":[{"damage_healed":0,"gold_gain":0,"player_choice":"Take Damage","damage_taken":17,"relics_obtained":["Golden Idol"],"max_hp_gain":0,"max_hp_loss":0,"event_name":"Golden Idol","floor":4,"gold_loss":0},{"damage_healed":0,"gold_gain":0,"player_choice":"Searched \u00271\u0027 times","damage_taken":0,"max_hp_gain":0,"max_hp_loss":0,"event_name":"Dead Adventurer","floor":11,"gold_loss":0},{"damage_healed":0,"gold_gain":75,"player_choice":"Gather Gold","damage_taken":11,"max_hp_gain":0,"max_hp_loss":0,"event_name":"World of Goop","floor":12,"gold_loss":0},{"damage_healed":0,"gold_gain":0,"player_choice":"Obtained Relic","damage_taken":0,"relics_obtained":["Shuriken"],"max_hp_gain":0,"max_hp_loss":0,"event_name":"Addict","floor":19,"gold_loss":85},{"cards_removed":["Clumsy"],"damage_healed":0,"gold_gain":0,"player_choice":"Card Removal","damage_taken":0,"max_hp_gain":0,"max_hp_loss":0,"event_name":"Wheel of Change","floor":27,"gold_loss":0}],"is_beta":true,"boss_relics":[{"not_picked":["Orrery","Tiny House"],"picked":"Cursed Key"}],"items_purged_floors":[7,22],"is_endless":false,"potions_floor_spawned":[3,6,11,16,18,21,25],"killed_by":"Shelled Parasite and Fungi","ascension_level":4}