{"gold_per_floor":[116,41,41,41,53,86,86,105,153,169,204,215,247,247,247,344,344,362,362,27,27,41,71,84,110,158,171,201,6,106,6,6,109,109,128,146,162,162,182,212,224,250,295,395,443,470,482,67,67,67,67,67,67,102,102],"floor_reached":56,"playtime":4595,"items_purged":["Normality","Strike_R+1","Shame"],"score":2171,"play_id":"5843f09b-9e38-4c92-b7ae-8541d940442a","local_time":"20190216163603","is_ascension_mode":true,"campfire_choices":[{"data":"Second Wind","floor":7,"key":"SMITH"},{"floor":15,"key":"REST"},{"data":"Corruption","floor":32,"key":"SMITH"},{"floor":49,"key":"RECALL"},{"data":"Dark Embrace","floor":52,"key":"SMITH"}],"neow_cost":"CURSE","seed_source_timestamp":883922699615300,"circlet_count":0,"master_deck":["Strike_R+1","Strike_R+1","Defend_R+1","Defend_R+1","Defend_R+1","Defend_R+1","Bash","Second Wind+1","Warcry+1","Intimidate+1","True Grit","Rupture","Burning Pact","Havoc","Sentinel","Limit Break","Second Wind+1","Mayhem","Intimidate+1","Corruption+1","Flex+1","Entrench+1","Dark Embrace+1","Fiend Fire","Flex+1","Disarm+1","Exhume+1","Flex+1","Disarm+1","Intimidate+1","Armaments+1","Exhume+1","Havoc+1","Rupture+1","Bloodletting+1","Burning Pact+1","Flex+1","Armaments+1","Offering+1"],"relics":["Burning Blood","Dead Branch","Regal Pillow","Oddly Smooth Stone","Mummified Hand","Self Forming Clay","Coffee Dripper","War Paint","Toxic Egg 2","Orichalcum","Anchor","Bronze Scales","Pen Nib","Bag of Preparation","Nunchaku","Matryoshka","Sozu","Bottled Flame","Pear","Blue Candle","Ginger","Thread and Needle","Vajra","Lantern","Bottled Lightning"],"potions_floor_usage":[6,10,11,11,16,23,23,44],"damage_taken":[{"damage":10,"enemies":"Cultist","floor":1,"turns":5},{"damage":7,"enemies":"2 Louse","floor":5,"turns":3},{"damage":3,"enemies":"Gremlin Nob","floor":6,"turns":3},{"damage":6,"enemies":"Small Slimes","floor":8,"turns":3},{"damage":3,"enemies":"2 Fungi Beasts","floor":10,"turns":4},{"damage":55,"enemies":"Lagavulin","floor":11,"turns":8},{"damage":11,"enemies":"3 Louse","floor":12,"turns":4},{"damage":16,"enemies":"Gremlin Nob","floor":13,"turns":4},{"damage":51,"enemies":"Hexaghost","floor":16,"turns":9},{"damage":12,"enemies":"Shell Parasite","floor":18,"turns":4},{"damage":0,"enemies":"Spheric Guardian","floor":22,"turns":6},{"damage":6,"enemies":"Book of Stabbing","floor":23,"turns":9},{"damage":12,"enemies":"Snake Plant","floor":24,"turns":3},{"damage":7,"enemies":"Slavers","floor":25,"turns":5},{"damage":6,"enemies":"Shelled Parasite and Fungi","floor":27,"turns":2},{"damage":0,"enemies":"Gremlin Leader","floor":28,"turns":4},{"damage":3,"enemies":"Colosseum Slavers","floor":30,"turns":1},{"damage":6,"enemies":"Colosseum Nobs","floor":30,"turns":2},{"damage":0,"enemies":"Automaton","floor":33,"turns":3},{"damage":1,"enemies":"3 Darklings","floor":35,"turns":2},{"damage":3,"enemies":"Orb Walker","floor":36,"turns":2},{"damage":6,"enemies":"4 Shapes","floor":37,"turns":3},{"damage":6,"enemies":"Writhing Mass","floor":39,"turns":3},{"damage":0,"enemies":"Nemesis","floor":40,"turns":1},{"damage":9,"enemies":"Jaw Worm Horde","floor":41,"turns":3},{"damage":1,"enemies":"Reptomancer","floor":42,"turns":2},{"damage":0,"enemies":"Mind Bloom Boss Battle","floor":44,"turns":2},{"damage":2,"enemies":"2 Orb Walkers","floor":45,"turns":3},{"damage":21,"enemies":"Nemesis","floor":46,"turns":5},{"damage":33,"enemies":"Transient","floor":47,"turns":4},{"damage":12,"enemies":"Donu and Deca","floor":50,"turns":1},{"damage":6,"enemies":"Shield and Spear","floor":54,"turns":3},{"damage":22,"enemies":"The Heart","floor":55,"turns":3}],"seed_played":"3765605804417496391","potions_obtained":[{"floor":1,"key":"Fire Potion"},{"floor":4,"key":"Block Potion"},{"floor":4,"key":"FearPotion"},{"floor":6,"key":"Regen Potion"},{"floor":11,"key":"SteroidPotion"},{"floor":12,"key":"Weak Potion"},{"floor":18,"key":"PowerPotion"},{"floor":22,"key":"Weak Potion"},{"floor":24,"key":"Weak Potion"},{"floor":25,"key":"Weak Potion"},{"floor":28,"key":"BloodPotion"}],"is_trial":false,"path_per_floor":["M","$","?","?","M","E","R","M","T","M","E","M","E","?","R","B",null,"M","?","$","?","M","E","M","E","T","M","E","$","?","$","R","B",null,"M","M","M","?","M","E","M","E","T","?","?","E","M","$","R","B",null,"R","$","E","B",null],"character_chosen":"IRONCLAD","items_purchased":["Mayhem","War Paint","Bag of Preparation","Flex+1","Offering+1","Lantern"],"campfire_rested":1,"item_purchase_floors":[20,20,29,29,48,48],"current_hp_per_floor":[68,68,73,73,72,75,75,75,75,78,44,39,29,22,62,17,68,62,62,62,62,68,68,62,61,61,61,67,67,70,70,70,76,83,85,85,85,85,85,85,82,95,95,95,95,80,53,53,53,47,83,83,83,83,67],"gold":102,"neow_bonus":"ONE_RARE_RELIC","is_prod":false,"is_daily":false,"chose_seed":false,"campfire_upgraded":3,"win_rate":0,"timestamp":1550363763,"path_taken":["M","$","?","?","?","E","R","M","T","M","E","M","E","?","R","BOSS","M","?","$","?","M","E","?","E","T","M","E","$","?","?","R","BOSS","M","M","M","?","M","E","M","E","T","?","?","E","?","?","R","BOSS","R","$","E","BOSS"],"build_version":"2019-01-23","purchased_purges":3,"victory":true,"max_hp_per_floor":[80,80,85,85,85,85,85,85,85,85,85,85,85,85,85,85,85,85,85,85,85,85,85,85,85,85,85,85,85,85,85,85,85,85,85,85,85,85,85,85,85,95,95,95,95,95,95,95,95,95,95,95,95,95,95],"card_choices":[{"not_picked":["Perfected Strike","Pummel"],"picked":"Second Wind","floor":1},{"not_picked":["Heavy Blade","Clothesline"],"picked":"Warcry","floor":5},{"not_picked":["Anger","Double Tap"],"picked":"Intimidate","floor":6},{"not_picked":["Hemokinesis","Whirlwind"],"picked":"True Grit","floor":8},{"not_picked":["Thunderclap","Sword Boomerang"],"picked":"Rupture","floor":10},{"not_picked":["Flex","Second Wind"],"picked":"Burning Pact","floor":11},{"not_picked":["Headbutt","True Grit"],"picked":"Havoc","floor":12},{"not_picked":["Perfected Strike","Bludgeon"],"picked":"Sentinel","floor":13},{"not_picked":["Brutality","Bludgeon"],"picked":"Limit Break","floor":16},{"not_picked":["Sword Boomerang","Clothesline"],"picked":"Second Wind+1","floor":18},{"not_picked":["Bloodletting+1","Pommel Strike+1"],"picked":"Intimidate+1","floor":22},{"not_picked":["Bloodletting+1","Evolve"],"picked":"Corruption","floor":23},{"not_picked":["Pummel","Sword Boomerang"],"picked":"Flex+1","floor":24},{"not_picked":["Ghostly Armor+1","Sever Soul"],"picked":"Entrench+1","floor":25},{"not_picked":["Rage+1","Dropkick+1"],"picked":"Dark Embrace","floor":27},{"not_picked":["Twin Strike+1","Perfected Strike"],"picked":"Fiend Fire","floor":28},{"not_picked":["Inflame","Cleave+1"],"picked":"Disarm+1","floor":30},{"not_picked":["Brutality","Demon Form"],"picked":"Exhume+1","floor":33},{"not_picked":["Combust+1","Heavy Blade+1"],"picked":"Flex+1","floor":35},{"not_picked":["Body Slam+1","Bloodletting+1"],"picked":"Disarm+1","floor":36},{"not_picked":["Iron Wave","Havoc+1"],"picked":"Intimidate+1","floor":37},{"not_picked":["Offering+1","Rampage+1"],"picked":"Armaments+1","floor":39},{"not_picked":["Sword Boomerang","Dropkick+1"],"picked":"Exhume+1","floor":40},{"not_picked":["Cleave","Heavy Blade+1"],"picked":"Havoc+1","floor":41},{"not_picked":["Thunderclap+1","Rage+1"],"picked":"Rupture+1","floor":42},{"not_picked":["Fire Breathing","Shrug It Off+1"],"picked":"Bloodletting+1","floor":44},{"not_picked":["Shrug It Off+1","Flex+1"],"picked":"Burning Pact+1","floor":45},{"not_picked":["Anger","Clothesline+1"],"picked":"Flex+1","floor":46},{"not_picked":["Combust+1","Headbutt"],"picked":"Armaments+1","floor":47},{"not_picked":["Pommel Strike+1","Wild Strike+1","Perfected Strike"],"picked":"SKIP","floor":54}],"player_experience":712568,"relics_obtained":[{"floor":6,"key":"Regal Pillow"},{"floor":9,"key":"Oddly Smooth Stone"},{"floor":11,"key":"Mummified Hand"},{"floor":13,"key":"Self Forming Clay"},{"floor":23,"key":"Orichalcum"},{"floor":25,"key":"Anchor"},{"floor":26,"key":"Bronze Scales"},{"floor":28,"key":"Pen Nib"},{"floor":30,"key":"Nunchaku"},{"floor":30,"key":"Matryoshka"},{"floor":40,"key":"Bottled Flame"},{"floor":42,"key":"Pear"},{"floor":43,"key":"Blue Candle"},{"floor":44,"key":"Ginger"},{"floor":45,"key":"Thread and Needle"},{"floor":46,"key":"Vajra"},{"floor":54,"key":"Bottled Lightning"}],"event_choices":[{"damage_healed":0,"gold_gain":0,"player_choice":"Donut","damage_taken":0,"max_hp_gain":5,"max_hp_loss":0,"event_name":"Big Fish","floor":3,"gold_loss":0},{"damage_healed":0,"gold_gain":0,"player_choice":"Got Potions","damage_taken":0,"max_hp_gain":0,"max_hp_loss":0,"event_name":"Lab","floor":4,"gold_loss":0},{"cards_removed":["Strike_R"],"damage_healed":0,"gold_gain":0,"player_choice":"Card Removal","damage_taken":7,"max_hp_gain":0,"max_hp_loss":0,"event_name":"Golden Wing","floor":14,"gold_loss":0},{"damage_healed":0,"gold_gain":0,"player_choice":"Simplicity","damage_taken":0,"max_hp_gain":0,"max_hp_loss":0,"event_name":"Back to Basics","floor":19,"gold_loss":0,"cards_upgraded":["Strike_R","Strike_R","Strike_R","Strike_R","Defend_R","Defend_R","Defend_R","Defend_R"]},{"damage_healed":0,"gold_gain":0,"player_choice":"Stole Relic","damage_taken":0,"relics_obtained":["Toxic Egg 2"],"max_hp_gain":0,"max_hp_loss":0,"event_name":"Addict","floor":21,"gold_loss":0,"cards_obtained":["Shame"]},{"damage_healed":0,"gold_gain":0,"player_choice":"Fight","damage_taken":0,"max_hp_gain":0,"max_hp_loss":0,"event_name":"Colosseum","floor":30,"gold_loss":0},{"damage_healed":0,"gold_gain":0,"player_choice":"Fought Nobs","damage_taken":0,"max_hp_gain":0,"max_hp_loss":0,"event_name":"Colosseum","floor":30,"gold_loss":0},{"cards_removed":["Strike_R"],"damage_healed":0,"gold_gain":0,"player_choice":"Removed Attack","damage_taken":0,"max_hp_gain":0,"max_hp_loss":0,"event_name":"Falling","floor":38,"gold_loss":0},{"damage_healed":0,"gold_gain":0,"player_choice":"Fight","damage_taken":0,"max_hp_gain":0,"max_hp_loss":0,"event_name":"MindBloom","floor":44,"gold_loss":0},{"damage_healed":0,"gold_gain":0,"player_choice":"Fight","damage_taken":0,"max_hp_gain":0,"max_hp_loss":0,"event_name":"Mysterious Sphere","floor":45,"gold_loss":0}],"is_beta":false,"boss_relics":[{"not_picked":["Tiny House","Calling Bell"],"picked":"Coffee Dripper"},{"not_picked":["Cursed Key","Velvet Choker"],"picked":"Sozu"}],"items_purged_floors":[2,31,48],"is_endless":false,"potions_floor_spawned":[1,5,6,11,12,18,22,24,25,28,36,41,42,44,54],"ascension_level":8}