{"gold_per_floor":[19,19,29,39,49,49,66,76,76,76,94,94],"floor_reached":12,"playtime":644,"items_purged":[],"score":141,"play_id":"ffd331c8-588b-4490-ae3e-70ecc7024813","local_time":"20190125210453","is_ascension_mode":true,"campfire_choices":[{"data":"Loop","floor":6,"key":"SMITH"},{"data":"Zap","floor":10,"key":"SMITH"}],"neow_cost":"NO_GOLD","seed_source_timestamp":1312975829539200,"circlet_count":0,"master_deck":["AscendersBane","Strike_B","Strike_B","Defend_B","Defend_B","Defend_B","Defend_B","Zap+1","Dualcast","Aggregate","Loop+1","Conserve Battery","Self Repair","BootSequence","Go for the Eyes","Hologram","Conserve Battery","Sweeping Beam+1"],"relics":["Cracked Core","Molten Egg 2"],"potions_floor_usage":[8,12,12],"damage_taken":[{"damage":0,"enemies":"Cultist","floor":1,"turns":3},{"damage":4,"enemies":"2 Louse","floor":3,"turns":3},{"damage":13,"enemies":"Small Slimes","floor":4,"turns":5},{"damage":20,"enemies":"3 Louse","floor":5,"turns":5},{"damage":7,"enemies":"Blue Slaver","floor":7,"turns":4},{"damage":14,"enemies":"Large Slime","floor":8,"turns":7},{"damage":13,"enemies":"Red Slaver","floor":11,"turns":5},{"damage":57,"enemies":"Gremlin Nob","floor":12,"turns":4}],"seed_played":"6267448980561322028","potions_obtained":[{"floor":1,"key":"Regen Potion"},{"floor":5,"key":"AttackPotion"},{"floor":11,"key":"AttackPotion"}],"is_trial":false,"path_per_floor":["M","$","M","M","M","R","M","M","T","R","M","E"],"character_chosen":"DEFECT","items_purchased":[],"campfire_rested":0,"item_purchase_floors":[],"current_hp_per_floor":[64,64,60,54,41,41,41,34,34,34,28,0],"gold":94,"neow_bonus":"TRANSFORM_TWO_CARDS","is_prod":false,"is_daily":false,"chose_seed":false,"campfire_upgraded":2,"win_rate":0,"timestamp":1548479093,"path_taken":["M","?","M","?","M","R","M","M","T","R","M","E"],"build_version":"2019-01-23","purchased_purges":0,"victory":false,"max_hp_per_floor":[71,71,71,71,71,71,71,71,71,71,71,71],"card_choices":[{"not_picked":["Turbo","Compile Driver"],"picked":"Conserve Battery","floor":1},{"not_picked":["Stack","Streamline"],"picked":"Self Repair","floor":3},{"not_picked":["Streamline","Beam Cell"],"picked":"BootSequence","floor":4},{"not_picked":["Sweeping Beam","Turbo"],"picked":"Go for the Eyes","floor":5},{"not_picked":["Streamline","Cold Snap"],"picked":"Hologram","floor":7},{"not_picked":["Hologram","Leap"],"picked":"Conserve Battery","floor":8},{"not_picked":["Leap","Melter+1"],"picked":"Sweeping Beam+1","floor":11}],"player_experience":585542,"relics_obtained":[{"floor":9,"key":"Molten Egg 2"}],"event_choices":[],"is_beta":false,"boss_relics":[],"items_purged_floors":[],"is_endless":false,"potions_floor_spawned":[1,5,7,11],"killed_by":"Gremlin Nob","ascension_level":18}