{"path_per_floor":["M","?","?","M","M","R","M","R","T","M","M","T","$","M","R","B",null,"M","$","?","M","M","R","M","R","T","M","M","R","?","M","R"],"character_chosen":"IRONCLAD","items_purchased":["Shuriken"],"gold_per_floor":[110,110,60,79,96,96,110,110,190,200,214,214,214,230,230,330,330,349,141,141,159,174,174,191,191,191,208,223,223,223,233,233,233],"floor_reached":33,"campfire_rested":3,"playtime":1534,"current_hp_per_floor":[80,73,73,78,76,76,80,80,80,77,75,75,75,70,70,16,80,46,46,46,33,46,70,35,59,59,62,58,58,58,32,56,0],"items_purged":[],"gold":233,"score":243,"play_id":"3edfcd0f-5399-45d4-80e9-c26090b788cb","local_time":"20180510212815","is_prod":false,"is_daily":false,"chose_seed":false,"is_ascension_mode":false,"campfire_upgraded":4,"timestamp":1525951695,"path_taken":["M","?","?","M","M","R","M","R","T","M","?","?","?","M","R","BOSS","M","$","?","M","M","R","M","R","T","?","M","R","?","M","R","BOSS"],"build_version":"2018-05-09","seed_source_timestamp":11968040920794,"purchased_purges":0,"victory":false,"master_deck":["Strike_R+1","Strike_R","Strike_R","Strike_R","Defend_R","Defend_R","Defend_R","Twin Strike+1","Pommel Strike+1","Immolate+1","Anger","Anger+1"],"max_hp_per_floor":[80,80,80,80,80,80,80,80,80,80,80,80,80,80,80,80,80,80,80,80,80,80,80,80,80,80,80,80,80,80,80,80,80],"relics":["Burning Blood","Mummified Hand","The Courier","Lizard Tail","Shuriken","Darkstone Periapt"],"card_choices":[{"not_picked":["Feel No Pain","True Grit"],"picked":"Twin Strike","floor":7},{"not_picked":["Thunderclap","Hemokinesis"],"picked":"Pommel Strike","floor":10},{"not_picked":["Reaper","Dark Embrace"],"picked":"Immolate","floor":16},{"not_picked":["Carnage","Pommel Strike"],"picked":"Anger","floor":27}],"player_experience":202279,"potions_floor_usage":[16,16,16,22,28,31,33],"damage_taken":[{"damage":0,"enemies":"2 Louse","floor":1,"turns":4},{"damage":1,"enemies":"Jaw Worm","floor":4,"turns":5},{"damage":8,"enemies":"Cultist","floor":5,"turns":5},{"damage":2,"enemies":"Looter","floor":7,"turns":5},{"damage":9,"enemies":"Blue Slaver","floor":10,"turns":4},{"damage":8,"enemies":"3 Louse","floor":11,"turns":2},{"damage":11,"enemies":"Red Slaver","floor":14,"turns":4},{"damage":60,"enemies":"The Guardian","floor":16,"turns":11},{"damage":40,"enemies":"3 Byrds","floor":18,"turns":5},{"damage":19,"enemies":"Shell Parasite","floor":21,"turns":5},{"damage":37,"enemies":"Centurion and Healer","floor":22,"turns":7},{"damage":41,"enemies":"Snake Plant","floor":24,"turns":4},{"damage":3,"enemies":"Snecko","floor":27,"turns":3},{"damage":10,"enemies":"Chosen and Byrds","floor":28,"turns":5},{"damage":32,"enemies":"Snake Plant","floor":31,"turns":4},{"damage":61,"enemies":"Collector","floor":33,"turns":6}],"event_choices":[{"event_name":"Golden Wing","player_choice":"Card Removal","floor":2,"damage_taken":0},{"event_name":"The Cleric","player_choice":"Card Removal","floor":3,"damage_taken":0},{"event_name":"The Library","player_choice":"Read","floor":20,"damage_taken":0},{"event_name":"Ghosts","player_choice":"Ignored","floor":30,"damage_taken":0}],"boss_relics":[{"not_picked":["Velvet Choker","Ectoplasm"],"picked":"Lizard Tail"}],"potions_floor_spawned":[1,7,10,14,21,24,27,31],"seed_played":"9083628690261617836","killed_by":"Collector","ascension_level":0,"is_trial":false}