{"gold_per_floor":[116,116,137,137,153,188,208,51,51,74,87,131,152,175,175,298,298,323,323,347,366,60,103,121,121],"floor_reached":25,"playtime":1576,"items_purged":["Strike_B","Strike_B"],"score":405,"play_id":"69d2a47d-c062-46f1-8425-9a2c860aa9e5","local_time":"20190202160652","is_ascension_mode":true,"campfire_choices":[{"data":"Zap","floor":15.0,"key":"SMITH"}],"neow_cost":"NONE","seed_source_timestamp":819115208091093,"circlet_count":0,"master_deck":["Strike_B+1","Defend_B","Defend_B+1","Defend_B","Defend_B","Zap+1","Dualcast","Deep Breath","Coolheaded","Auto Shields","Ball Lightning","Steam","Rip and Tear","Bandage Up","Conserve Battery","Conserve Battery","Capacitor","Glacier","FTL","Echo Form","Leap","Reprogram","Compile Driver+1","Fission","Glacier","Skim"],"special_seed":0,"relics":["Cracked Core","Golden Idol","Unceasing Top","Dead Branch","Pocketwatch","Eternal Feather","Runic Capacitor","Bag of Marbles"],"potions_floor_usage":[23,23],"damage_taken":[{"damage":0.0,"enemies":"Cultist","floor":1.0,"turns":4.0},{"damage":3.0,"enemies":"Small Slimes","floor":3.0,"turns":4.0},{"damage":0.0,"enemies":"Jaw Worm","floor":5.0,"turns":3.0},{"damage":23.0,"enemies":"Lagavulin","floor":6.0,"turns":7.0},{"damage":0.0,"enemies":"2 Fungi Beasts","floor":7.0,"turns":3.0},{"damage":1.0,"enemies":"Red Slaver","floor":10.0,"turns":3.0},{"damage":0.0,"enemies":"Lots of Slimes","floor":11.0,"turns":1.0},{"damage":17.0,"enemies":"3 Sentries","floor":12.0,"turns":6.0},{"damage":5.0,"enemies":"Exordium Wildlife","floor":13.0,"turns":3.0},{"damage":0.0,"enemies":"3 Louse","floor":14.0,"turns":3.0},{"damage":0.0,"enemies":"Slime Boss","floor":16.0,"turns":7.0},{"damage":4.0,"enemies":"3 Byrds","floor":18.0,"turns":6.0},{"damage":4.0,"enemies":"Spheric Guardian","floor":20.0,"turns":6.0},{"damage":6.0,"enemies":"Centurion and Healer","floor":21.0,"turns":8.0},{"damage":27,"enemies":"Gremlin Leader","floor":23,"turns":6},{"damage":20,"enemies":"Snake Plant","floor":24,"turns":6},{"damage":36,"enemies":"Slavers","floor":25,"turns":6}],"seed_played":"7175872776320416294","potions_obtained":[{"floor":3.0,"key":"FocusPotion"},{"floor":7.0,"key":"Explosive Potion"},{"floor":10.0,"key":"PowerPotion"},{"floor":12.0,"key":"SkillPotion"},{"floor":18.0,"key":"PowerPotion"},{"floor":21.0,"key":"LiquidBronze"}],"is_trial":false,"path_per_floor":["M","?","M","?","M","E","M","$","T","M","M","E","M","M","R","B",null,"M","?","M","M","$","E","M","E"],"character_chosen":"DEFECT","items_purchased":["Bandage Up","Runic Capacitor"],"campfire_rested":0,"item_purchase_floors":[8,22],"current_hp_per_floor":[68,68,65,51,51,28,28,28,28,27,27,14,13,17,17,21,57,57,57,57,55,55,36,20,0],"gold":121,"neow_bonus":"RANDOM_COLORLESS","is_prod":false,"is_daily":false,"chose_seed":false,"campfire_upgraded":1,"win_rate":0,"timestamp":1549141612,"path_taken":["M","?","M","?","M","E","M","$","T","?","M","E","M","M","R","BOSS","M","?","M","?","$","E","?","E"],"build_version":"2019-01-23","purchased_purges":2,"victory":false,"max_hp_per_floor":[75,69,69,69,69,69,69,69,69,69,69,69,69,69,69,69,69,69,69,69,69,69,69,69,69],"card_choices":[{"not_picked":["Force Field","Turbo"],"picked":"Coolheaded","floor":1.0},{"not_picked":["Chaos","White Noise"],"picked":"Auto Shields","floor":3.0},{"not_picked":["Melter","Chaos"],"picked":"Ball Lightning","floor":5.0},{"not_picked":["Double Energy","Force Field"],"picked":"Steam","floor":6.0},{"not_picked":["Storm","Tempest"],"picked":"Rip and Tear","floor":7.0},{"not_picked":["Compile Driver","Tempest"],"picked":"Conserve Battery","floor":10.0},{"not_picked":["Coolheaded","Barrage"],"picked":"Conserve Battery","floor":11.0},{"not_picked":["Fusion","Compile Driver"],"picked":"Capacitor","floor":12.0},{"not_picked":["Stack","Conserve Battery"],"picked":"Glacier","floor":13.0},{"not_picked":["Loop","Static Discharge"],"picked":"FTL","floor":14.0},{"not_picked":["Machine Learning","Hyperbeam"],"picked":"Echo Form","floor":16.0},{"not_picked":["Hello World+1","Scrape"],"picked":"Leap","floor":18.0},{"not_picked":["Gash","Sunder"],"picked":"Compile Driver+1","floor":20.0},{"not_picked":["Static Discharge","Cold Snap"],"picked":"Fission","floor":21.0},{"not_picked":["Darkness","Heatsinks"],"picked":"Glacier","floor":23},{"not_picked":["Sweeping Beam","Doom and Gloom"],"picked":"Skim","floor":24}],"player_experience":304360,"relics_obtained":[{"floor":6.0,"key":"Unceasing Top"},{"floor":9.0,"key":"Dead Branch"},{"floor":12.0,"key":"Pocketwatch"},{"floor":23,"key":"Bag of Marbles"}],"event_choices":[{"damage_healed":0.0,"max_hp_gain":0.0,"max_hp_loss":6.0,"gold_gain":0.0,"event_name":"Golden Idol","player_choice":"Lose Max HP","floor":2.0,"gold_loss":0.0,"damage_taken":0.0,"relics_obtained":["Golden Idol"]},{"damage_healed":0.0,"max_hp_gain":0.0,"max_hp_loss":0.0,"gold_gain":0.0,"event_name":"Shining Light","player_choice":"Entered Light","floor":4.0,"gold_loss":0.0,"damage_taken":14.0,"cards_upgraded":["Strike_B","Defend_B"]},{"damage_healed":0.0,"max_hp_gain":0.0,"max_hp_loss":0.0,"gold_gain":0.0,"cards_transformed":["Strike_B"],"event_name":"Transmorgrifier","player_choice":"Transformed","floor":19.0,"gold_loss":0.0,"damage_taken":0.0,"cards_obtained":["Reprogram"]}],"is_beta":false,"boss_relics":[{"not_picked":["Astrolabe","Fusion Hammer"],"picked":"Eternal Feather"}],"items_purged_floors":[8,22],"is_endless":false,"potions_floor_spawned":[3,7,10,12,14,18,21],"killed_by":"Slavers","ascension_level":8}