{"gold_per_floor":[368,7,7,27,27,59,59,91,91,107,107,119,119,119,119,221,221,237,254,265,10,109,139,161,173,256,268,294,332,407,296,296,397,397,408,205,205,205,36,36,136,151,151,169,169,169,180,200,200,200],"floor_reached":51,"playtime":3538,"items_purged":["Strike_G","Decay","Night Terror","Poisoned Stab"],"score":985,"play_id":"b3bd169b-42a7-48b8-abb6-497c0a3609e0","local_time":"20190131154347","is_ascension_mode":true,"campfire_choices":[{"data":"Neutralize","floor":7,"key":"SMITH"},{"floor":11,"key":"REST"},{"data":"Envenom","floor":15,"key":"SMITH"},{"floor":27,"key":"REST"},{"floor":32,"key":"REST"},{"data":"Catalyst","floor":40,"key":"SMITH"},{"data":"After Image","floor":45,"key":"SMITH"},{"data":"Malaise","floor":46,"key":"SMITH"},{"floor":49,"key":"REST"}],"neow_cost":"TEN_PERCENT_HP_LOSS","seed_source_timestamp":427444124838434,"circlet_count":0,"master_deck":["Survivor","Neutralize+1","Envenom+1","Bane","Riddle With Holes","Calculated Gamble","Cloak And Dagger","Sucker Punch","Bullet Time","After Image+1","Dodge and Roll","Dash","Malaise+1","Escape Plan","Glass Knife","Bane","Footwork","Catalyst+1","Sadistic Nature","Impatience","Cloak And Dagger","Sadistic Nature","Bouncing Flask","Impatience","Leg Sweep"],"relics":["Ring of the Snake","Membership Card","Darkstone Periapt","Anchor","Bottled Tornado","The Specimen","WingedGreaves","Pandora\u0027s Box","MawBank","Molten Egg 2","Red Mask","Tiny Chest","Cursed Key","Pantograph"],"potions_floor_usage":[16,23,24,29,30,30,33,44,50,50],"damage_taken":[{"damage":3,"enemies":"Jaw Worm","floor":1,"turns":6},{"damage":3,"enemies":"Small Slimes","floor":4,"turns":6},{"damage":38,"enemies":"3 Sentries","floor":6,"turns":13},{"damage":18,"enemies":"Lagavulin","floor":8,"turns":8},{"damage":1,"enemies":"Cultist","floor":10,"turns":3},{"damage":0,"enemies":"Gremlin Gang","floor":12,"turns":5},{"damage":13,"enemies":"The Guardian","floor":16,"turns":11},{"damage":3,"enemies":"3 Byrds","floor":18,"turns":6},{"damage":16,"enemies":"Spheric Guardian","floor":19,"turns":8},{"damage":9,"enemies":"Snake Plant","floor":20,"turns":6},{"damage":14,"enemies":"Slavers","floor":23,"turns":5},{"damage":12,"enemies":"Shelled Parasite and Fungi","floor":24,"turns":5},{"damage":0,"enemies":"Snecko","floor":28,"turns":4},{"damage":21,"enemies":"Masked Bandits","floor":29,"turns":5},{"damage":2,"enemies":"Gremlin Leader","floor":30,"turns":7},{"damage":5,"enemies":"Automaton","floor":33,"turns":8},{"damage":21,"enemies":"3 Darklings","floor":35,"turns":6},{"damage":0,"enemies":"Orb Walker","floor":42,"turns":2},{"damage":0,"enemies":"Maw","floor":44,"turns":6},{"damage":22,"enemies":"Jaw Worm Horde","floor":47,"turns":4},{"damage":0,"enemies":"Transient","floor":48,"turns":5},{"damage":25,"enemies":"Time Eater","floor":50,"turns":11}],"seed_played":"-5813912802110127002","potions_obtained":[{"floor":4,"key":"GhostInAJar"},{"floor":6,"key":"SpeedPotion"},{"floor":10,"key":"SteroidPotion"},{"floor":12,"key":"Block Potion"},{"floor":16,"key":"Weak Potion"},{"floor":23,"key":"AttackPotion"},{"floor":24,"key":"GamblersBrew"},{"floor":29,"key":"Block Potion"},{"floor":44,"key":"PowerPotion"},{"floor":48,"key":"PowerPotion"}],"is_trial":false,"path_per_floor":["M","$","?","M","T","E","R","E","T","M","R","M","?","?","R","B",null,"M","M","M","$","?","E","M","?","T","R","M","?","E","$","R","B",null,"M","$","?","?","$","R","?","M","T","M","R","R","M","M","R","B",null],"character_chosen":"THE_SILENT","items_purchased":["Membership Card","Envenom","Bane","Deflect","Footwork","Catalyst","Sadistic Nature","Impatience","GhostInAJar","Block Potion","Sadistic Nature","Bouncing Flask","Pantograph","Leg Sweep"],"campfire_rested":4,"item_purchase_floors":[2,2,2,2,21,21,21,21,31,31,36,36,39,39],"current_hp_per_floor":[60,60,65,62,62,24,24,6,6,5,25,25,13,19,19,6,57,54,38,29,29,29,15,3,3,3,25,25,4,2,2,24,19,60,39,39,39,39,39,39,39,39,39,39,39,39,17,17,39,39],"gold":200,"neow_bonus":"TWO_FIFTY_GOLD","is_prod":false,"is_daily":false,"chose_seed":false,"campfire_upgraded":5,"win_rate":0,"timestamp":1548909827,"path_taken":["M","$","?","M","?","E","R","E","T","M","R","M","?","?","R","BOSS","M","?","?","$","?","E","M","?","T","R","?","?","E","$","R","BOSS","M","$","?","?","$","R","?","M","T","M","R","R","M","?","R","BOSS"],"build_version":"2019-01-23","purchased_purges":4,"victory":true,"max_hp_per_floor":[63,63,68,68,68,68,68,68,68,68,68,68,68,74,74,74,74,74,74,74,74,74,74,74,74,74,74,74,74,74,74,74,74,74,74,74,74,74,74,74,74,74,74,74,74,74,74,74,74,74],"card_choices":[{"not_picked":["Outmaneuver","Dagger Throw"],"picked":"Underhanded Strike","floor":1},{"not_picked":["Backflip","Cloak And Dagger"],"picked":"Poisoned Stab","floor":4},{"not_picked":["Backflip","Eviscerate","Slice"],"picked":"SKIP","floor":6},{"not_picked":["Underhanded Strike","Dodge and Roll","Calculated Gamble"],"picked":"SKIP","floor":8},{"not_picked":["Acrobatics","Blade Dance","Terror"],"picked":"SKIP","floor":10},{"not_picked":["Skewer","Flying Knee"],"picked":"Riddle With Holes","floor":12},{"not_picked":["Cloak And Dagger","Sucker Punch"],"picked":"Escape Plan","floor":18},{"not_picked":["Underhanded Strike+1","Blade Dance"],"picked":"Glass Knife","floor":19},{"not_picked":["Acrobatics","Blade Dance"],"picked":"Bane","floor":20},{"not_picked":["Underhanded Strike","Tactician+1","Slice"],"picked":"SKIP","floor":23},{"not_picked":["Bane","Deadly Poison+1"],"picked":"Cloak And Dagger","floor":24},{"not_picked":["Caltrops+1","Concentrate","Tactician"],"picked":"SKIP","floor":28},{"not_picked":["Heel Hook+1","Sucker Punch+1","Bouncing Flask"],"picked":"SKIP","floor":30},{"not_picked":["Deflect","Prepared+1","Finisher+1"],"picked":"SKIP","floor":35},{"not_picked":["Jack Of All Trades","Thinking Ahead"],"picked":"Impatience","floor":38},{"not_picked":["Bouncing Flask","Prepared+1","Underhanded Strike+1"],"picked":"SKIP","floor":42},{"not_picked":["Dagger Spray+1","Concentrate","Deflect"],"picked":"SKIP","floor":44},{"not_picked":["Tactician+1","Prepared+1","Flying Knee+1"],"picked":"SKIP","floor":47},{"not_picked":["Sucker Punch+1","Acrobatics","Dagger Spray+1"],"picked":"SKIP","floor":48}],"player_experience":683841,"relics_obtained":[{"floor":5,"key":"Darkstone Periapt"},{"floor":6,"key":"Anchor"},{"floor":8,"key":"Bottled Tornado"},{"floor":9,"key":"The Specimen"},{"floor":23,"key":"MawBank"},{"floor":26,"key":"Molten Egg 2"},{"floor":29,"key":"Red Mask"},{"floor":30,"key":"Tiny Chest"}],"event_choices":[{"damage_healed":0,"gold_gain":0,"player_choice":"Donut","damage_taken":0,"max_hp_gain":5,"max_hp_loss":0,"event_name":"Big Fish","floor":3,"gold_loss":0},{"damage_healed":0,"gold_gain":0,"player_choice":"Success","damage_taken":12,"relics_obtained":["WingedGreaves"],"max_hp_gain":0,"max_hp_loss":0,"event_name":"Scrap Ooze","floor":13,"gold_loss":0},{"damage_healed":0,"gold_gain":0,"player_choice":"Cursed","damage_taken":0,"max_hp_gain":0,"max_hp_loss":0,"event_name":"Wheel of Change","floor":14,"gold_loss":0,"cards_obtained":["Decay"]},{"damage_healed":0,"gold_gain":99,"player_choice":"Stole From Cult","damage_taken":0,"max_hp_gain":0,"max_hp_loss":0,"event_name":"Nest","floor":22,"gold_loss":0},{"cards_removed":["Underhanded Strike"],"damage_healed":0,"gold_gain":0,"player_choice":"Card Removal","damage_taken":0,"max_hp_gain":0,"max_hp_loss":0,"event_name":"Wheel of Change","floor":25,"gold_loss":0},{"damage_healed":0,"gold_gain":0,"player_choice":"Fought Bandits","damage_taken":0,"max_hp_gain":0,"max_hp_loss":0,"event_name":"Masked Bandits","floor":29,"gold_loss":0},{"cards_removed":["Deflect"],"damage_healed":0,"gold_gain":0,"player_choice":"Removed Skill","damage_taken":0,"max_hp_gain":0,"max_hp_loss":0,"event_name":"Falling","floor":37,"gold_loss":0},{"damage_healed":0,"gold_gain":0,"player_choice":"Memory 1","damage_taken":0,"max_hp_gain":0,"max_hp_loss":0,"event_name":"SensoryStone","floor":38,"gold_loss":0},{"damage_healed":0,"gold_gain":100,"player_choice":"Pray","damage_taken":0,"max_hp_gain":0,"max_hp_loss":0,"event_name":"Golden Shrine","floor":41,"gold_loss":0}],"is_beta":false,"boss_relics":[{"not_picked":["Ring of the Serpent","Orrery"],"picked":"Pandora\u0027s Box"},{"not_picked":["White Beast Statue","Velvet Choker"],"picked":"Cursed Key"}],"items_purged_floors":[2,21,31,36],"is_endless":false,"potions_floor_spawned":[4,6,10,12,16,19,23,24,29,44,48],"ascension_level":8}