{"gold_per_floor":[217,235,235,260,274,274,310,106,188,209,247,81,81,122,122,215,215,235,260,260,20,45,45,86,1,1,19,42,85,98,131,131,226,226,246,261,43,64,78,78,117,117,117,117,117,151,151,166,166,166],"floor_reached":51,"playtime":2521,"items_purged":["Strike_R"],"score":1434,"play_id":"366d9d8f-f253-43f3-b141-3bc0cef1213e","local_time":"20180811183753","is_ascension_mode":true,"campfire_choices":[{"floor":6,"key":"REST"},{"floor":15,"key":"REST"},{"floor":23,"key":"REST"},{"floor":32,"key":"REST"},{"floor":40,"key":"REST"},{"floor":45,"key":"REST"},{"floor":49,"key":"REST"}],"neow_cost":"NONE","seed_source_timestamp":2677761929817984,"circlet_count":0,"master_deck":["Strike_R","Strike_R","Strike_R+1","Defend_R","Defend_R","Defend_R","Defend_R","Bash+1","AscendersBane","Thunderclap","Metallicize","Pommel Strike","Flame Barrier","Shrug It Off","Twin Strike","Sword Boomerang","Flame Barrier","Swift Strike","Inflame","Shrug It Off","Immolate","Shrug It Off","Anger","Pommel Strike+1","Armaments","Demon Form","Clothesline","Feed","Whirlwind","Shrug It Off+1","Burning Pact+1"],"relics":["Burning Blood","Golden Idol","Sundial","Sling","Shuriken","Whetstone","Ancient Tea Set","Fusion Hammer","Singing Bowl","Mercury Hourglass","Torii","Bird Faced Urn","Ginger","Happy Flower","Sozu","Juzu Bracelet","Oddly Smooth Stone","Strawberry","Bag of Preparation"],"potions_floor_usage":[7,7,10,29,30,41,50],"damage_taken":[{"damage":6,"enemies":"Cultist","floor":1,"turns":4},{"damage":4,"enemies":"2 Louse","floor":2,"turns":3},{"damage":8,"enemies":"Small Slimes","floor":4,"turns":6},{"damage":11,"enemies":"Red Slaver","floor":5,"turns":5},{"damage":32,"enemies":"Gremlin Nob","floor":7,"turns":5},{"damage":5,"enemies":"Gremlin Gang","floor":10,"turns":5},{"damage":13,"enemies":"Lagavulin","floor":11,"turns":7},{"damage":19,"enemies":"3 Sentries","floor":14,"turns":5},{"damage":18,"enemies":"Hexaghost","floor":16,"turns":8},{"damage":19,"enemies":"Spheric Guardian","floor":18,"turns":4},{"damage":6,"enemies":"3 Byrds","floor":19,"turns":2},{"damage":9,"enemies":"Cultist and Chosen","floor":22,"turns":5},{"damage":0,"enemies":"Gremlin Leader","floor":24,"turns":3},{"damage":9,"enemies":"Snake Plant","floor":27,"turns":4},{"damage":14,"enemies":"Sentry and Sphere","floor":28,"turns":6},{"damage":9,"enemies":"Slavers","floor":29,"turns":4},{"damage":2,"enemies":"Centurion and Healer","floor":30,"turns":6},{"damage":27,"enemies":"Gremlin Leader","floor":31,"turns":7},{"damage":71,"enemies":"Champ","floor":33,"turns":9},{"damage":0,"enemies":"Orb Walker","floor":35,"turns":4},{"damage":6,"enemies":"3 Shapes","floor":36,"turns":3},{"damage":58,"enemies":"Transient","floor":38,"turns":5},{"damage":28,"enemies":"Spire Growth","floor":39,"turns":5},{"damage":12,"enemies":"2 Orb Walkers","floor":41,"turns":3},{"damage":16,"enemies":"Nemesis","floor":46,"turns":5},{"damage":9,"enemies":"Flame Bruiser 2 Orb","floor":48,"turns":4},{"damage":85,"enemies":"Time Eater","floor":50,"turns":9}],"seed_played":"805101150876461086","potions_obtained":[{"floor":2,"key":"Energy Potion"},{"floor":4,"key":"SmokeBomb"},{"floor":5,"key":"SkillPotion"},{"floor":7,"key":"Fire Potion"},{"floor":19,"key":"Fire Potion"},{"floor":22,"key":"Strength Potion"},{"floor":29,"key":"SkillPotion"},{"floor":31,"key":"Strength Potion"}],"is_trial":false,"path_per_floor":["M","M","?","M","M","R","E","$","T","M","E","$","?","E","R","B",null,"M","M","?","$","M","R","E","?","T","M","M","E","M","E","R","B",null,"M","M","$","M","M","R","E","?","T","?","R","E","?","M","R","B"],"character_chosen":"IRONCLAD","items_purchased":["Sling","Flame Barrier","Swift Strike","Singing Bowl","Juzu Bracelet"],"campfire_rested":7,"item_purchase_floors":[8,12,12,21,37],"current_hp_per_floor":[68,70,44,42,37,59,33,33,33,34,27,27,27,14,36,24,62,49,49,49,49,46,68,74,74,74,72,68,71,79,64,81,17,65,78,80,80,30,14,40,36,54,61,61,90,88,88,89,99,22],"gold":166,"neow_bonus":"HUNDRED_GOLD","is_prod":false,"is_daily":false,"chose_seed":false,"campfire_upgraded":0,"win_rate":0,"timestamp":1534005473,"path_taken":["M","?","?","M","M","R","E","$","T","?","E","?","?","E","R","BOSS","M","M","?","$","M","R","E","?","T","M","?","E","M","E","R","BOSS","M","M","$","M","M","R","E","?","T","?","R","E","?","M","R","BOSS"],"build_version":"2018-08-09","purchased_purges":1,"victory":true,"max_hp_per_floor":[75,75,75,75,75,75,75,75,75,75,75,75,75,75,75,75,75,75,75,75,75,75,75,75,75,75,75,75,77,79,81,81,81,81,84,86,86,86,88,88,90,90,97,97,97,99,99,99,99,99],"card_choices":[{"not_picked":["Bloodletting","Sever Soul"],"picked":"Thunderclap","floor":1},{"not_picked":["Thunderclap","Sentinel"],"picked":"Metallicize","floor":2},{"not_picked":["Cleave","Sentinel"],"picked":"Pommel Strike","floor":4},{"not_picked":["Entrench","Heavy Blade"],"picked":"Flame Barrier","floor":5},{"not_picked":["Reckless Charge","Iron Wave"],"picked":"Shrug It Off","floor":7},{"not_picked":["Bloodletting","Warcry"],"picked":"Twin Strike","floor":10},{"not_picked":["Pommel Strike","Infernal Blade"],"picked":"Sword Boomerang","floor":11},{"not_picked":["Heavy Blade","Clash"],"picked":"Shrug It Off","floor":14},{"not_picked":["Offering","Double Tap"],"picked":"Immolate","floor":16},{"not_picked":["Twin Strike+1","Entrench"],"picked":"Shrug It Off","floor":18},{"not_picked":["Iron Wave","Combust"],"picked":"Anger","floor":19},{"not_picked":["Iron Wave","Warcry"],"picked":"Pommel Strike+1","floor":22},{"not_picked":["Second Wind","Cleave"],"picked":"Armaments","floor":24},{"not_picked":["Dropkick","Sword Boomerang"],"picked":"Demon Form","floor":27},{"not_picked":["Armaments","Iron Wave"],"picked":"Clothesline","floor":28},{"not_picked":["Armaments","Burning Pact+1","Anger"],"picked":"Singing Bowl","floor":29},{"not_picked":["Wild Strike","Armaments","Twin Strike"],"picked":"Singing Bowl","floor":30},{"not_picked":["Bloodletting","Fire Breathing+1","Exhume"],"picked":"Singing Bowl","floor":31},{"not_picked":["Limit Break","Barricade"],"picked":"Feed","floor":33},{"not_picked":["Wild Strike","Intimidate"],"picked":"Whirlwind","floor":35},{"not_picked":["Twin Strike","Warcry","Sever Soul"],"picked":"Singing Bowl","floor":36},{"not_picked":["Armaments+1","Sentinel"],"picked":"Shrug It Off+1","floor":38},{"not_picked":["Intimidate","Havoc","Flex"],"picked":"Singing Bowl","floor":39},{"not_picked":["Heavy Blade","Evolve","Bludgeon"],"picked":"Singing Bowl","floor":41},{"not_picked":["Whirlwind","Thunderclap","Evolve"],"picked":"Singing Bowl","floor":46},{"not_picked":["Spot Weakness+1","Clothesline"],"picked":"Burning Pact+1","floor":48}],"player_experience":950465,"relics_obtained":[{"floor":7,"key":"Sundial"},{"floor":9,"key":"Shuriken"},{"floor":11,"key":"Whetstone"},{"floor":14,"key":"Ancient Tea Set"},{"floor":24,"key":"Mercury Hourglass"},{"floor":26,"key":"Bird Faced Urn"},{"floor":29,"key":"Ginger"},{"floor":31,"key":"Happy Flower"},{"floor":41,"key":"Oddly Smooth Stone"},{"floor":43,"key":"Strawberry"},{"floor":46,"key":"Bag of Preparation"}],"event_choices":[{"event_name":"Golden Idol","player_choice":"Take Damage","floor":3,"damage_taken":0},{"event_name":"Living Wall","player_choice":"Change","floor":13,"damage_taken":0},{"event_name":"N\u0027loth","player_choice":"Ignored","floor":20,"damage_taken":0},{"event_name":"Addict","player_choice":"Obtained Relic","floor":25,"damage_taken":0},{"event_name":"Winding Halls","player_choice":"Writhe","floor":42,"damage_taken":0},{"event_name":"Wheel of Change","player_choice":"Card Removal","floor":44,"damage_taken":0},{"event_name":"The Moai Head","player_choice":"Ignored","floor":47,"damage_taken":0}],"is_beta":false,"boss_relics":[{"not_picked":["Eternal Feather","Black Blood"],"picked":"Fusion Hammer"},{"not_picked":["Calling Bell","Astrolabe"],"picked":"Sozu"}],"items_purged_floors":[37],"is_endless":false,"potions_floor_spawned":[2,4,5,7,19,22,29,31,36,39,41,46],"ascension_level":15}