{"gold_per_floor":[112,132,146,71,82,111,111,140,140,140,140,156,24,56,56,127,127,137,93,110,25,25,25,56,56,56,2,2,18,51,0,0,77,77,89,89,104,4,104,104,130,144,144,144,192,192,221,235,235,235,235,235,235,42,73,73],"floor_reached":57,"playtime":4385,"items_purged":["Defend_G","Reflex"],"score":2728,"play_id":"5b3ff70e-5f73-40bd-85f0-0582a6c0de5c","local_time":"20190308110126","is_ascension_mode":true,"campfire_choices":[{"floor":7.0,"key":"REST"},{"floor":10.0,"key":"REST"},{"data":"Bouncing Flask","floor":15.0,"key":"SMITH"},{"data":"Footwork","floor":23.0,"key":"SMITH"},{"floor":25.0,"key":"REST"},{"data":"After Image","floor":32.0,"key":"SMITH"},{"floor":40.0,"key":"RECALL"},{"data":"Blade Dance","floor":49.0,"key":"PURGE"},{"data":"Blade Dance","floor":53.0,"key":"PURGE"}],"neow_cost":"NONE","seed_source_timestamp":0,"circlet_count":0,"master_deck":["AscendersBane","Survivor","Neutralize","Predator+1","Leg Sweep","Bouncing Flask+1","Footwork+1","Well Laid Plans","After Image+1","Footwork","Leg Sweep","Blur","Backstab+1","Blur","Well Laid Plans","Adrenaline","Backstab","Deadly Poison+1","Tools of the Trade","Deadly Poison+1","Sadistic Nature","Mayhem","Crippling Poison","Backflip","Noxious Fumes","Venomology"],"special_seed":0,"relics":["Ring of the Snake","Happy Flower","Paper Crane","Pantograph","Question Card","Pandora\u0027s Box","Mummified Hand","Anchor","Whetstone","MutagenicStrength","Oddly Smooth Stone","Empty Cage","Peace Pipe","Bottled Flame","Unceasing Top","Ornamental Fan","Pen Nib"],"potions_floor_usage":[55,56,56,56],"damage_taken":[{"damage":0.0,"enemies":"Cultist","floor":1.0,"turns":3.0},{"damage":9.0,"enemies":"Jaw Worm","floor":2.0,"turns":5.0},{"damage":3.0,"enemies":"Small Slimes","floor":3.0,"turns":4.0},{"damage":11.0,"enemies":"Exordium Wildlife","floor":5.0,"turns":6.0},{"damage":19.0,"enemies":"Lagavulin","floor":6.0,"turns":6.0},{"damage":28.0,"enemies":"3 Sentries","floor":8.0,"turns":11.0},{"damage":1.0,"enemies":"Looter","floor":12.0,"turns":4.0},{"damage":2.0,"enemies":"Lagavulin","floor":14.0,"turns":6.0},{"damage":20.0,"enemies":"Hexaghost","floor":16.0,"turns":9.0},{"damage":1.0,"enemies":"Spheric Guardian","floor":18.0,"turns":3.0},{"damage":2.0,"enemies":"Shell Parasite","floor":20.0,"turns":6.0},{"damage":12.0,"enemies":"Gremlin Leader","floor":24.0,"turns":8.0},{"damage":0.0,"enemies":"Snecko","floor":29.0,"turns":4.0},{"damage":4.0,"enemies":"Slavers","floor":30.0,"turns":6.0},{"damage":4.0,"enemies":"Collector","floor":33.0,"turns":15.0},{"damage":0.0,"enemies":"Orb Walker","floor":35.0,"turns":4.0},{"damage":0.0,"enemies":"3 Darklings","floor":37.0,"turns":10.0},{"damage":0.0,"enemies":"Mind Bloom Boss Battle","floor":39.0,"turns":8.0},{"damage":0.0,"enemies":"Giant Head","floor":41.0,"turns":10.0},{"damage":0.0,"enemies":"Maw","floor":42.0,"turns":8.0},{"damage":13.0,"enemies":"2 Orb Walkers","floor":45.0,"turns":7.0},{"damage":16.0,"enemies":"Reptomancer","floor":47.0,"turns":6.0},{"damage":0.0,"enemies":"Sphere and 2 Shapes","floor":48.0,"turns":3.0},{"damage":6.0,"enemies":"Donu and Deca","floor":50.0,"turns":13.0},{"damage":6.0,"enemies":"Time Eater","floor":51.0,"turns":11.0},{"damage":10,"enemies":"Shield and Spear","floor":55,"turns":6},{"damage":42,"enemies":"The Heart","floor":56,"turns":11}],"seed_played":"1043095317117295054","potions_obtained":[{"floor":1.0,"key":"PowerPotion"},{"floor":3.0,"key":"Ancient Potion"},{"floor":6.0,"key":"Dexterity Potion"},{"floor":8.0,"key":"GamblersBrew"},{"floor":29.0,"key":"SneckoOil"},{"floor":30.0,"key":"Dexterity Potion"},{"floor":39.0,"key":"AttackPotion"},{"floor":41.0,"key":"Regen Potion"},{"floor":48.0,"key":"FearPotion"},{"floor":55,"key":"GamblersBrew"}],"is_trial":false,"path_per_floor":["M","M","M","$","M","E","R","E","T","R","?","M","$","E","R","B",null,"M","$","M","?","$","R","E","R","T","$","?","M","E","?","R","B",null,"M","?","M","$","?","R","E","M","T","?","?","?","E","M","R","B","B",null,"R","$","E","B",null],"character_chosen":"THE_SILENT","items_purchased":["Well Laid Plans","Poison Potion","Backstab","SkillPotion","Noxious Fumes","PowerPotion","Dexterity Potion"],"campfire_rested":3,"item_purchase_floors":[13,13,19,27,54,54,54],"current_hp_per_floor":[65,56,53,53,42,23,44,16,16,37,30,29,29,27,27,32,62,61,61,59,59,59,59,47,68,68,68,68,68,64,64,64,68,71,71,71,71,71,72,72,72,72,72,62,49,49,47,47,47,62,62,67,67,67,57,26],"gold":73,"neow_bonus":"TEN_PERCENT_HP_BONUS","is_prod":false,"is_daily":false,"chose_seed":false,"campfire_upgraded":3,"win_rate":0,"timestamp":1552071686,"path_taken":["M","?","M","?","M","E","R","E","T","R","?","M","$","E","R","BOSS","M","$","M","?","$","R","E","R","T","$","?","?","E","?","R","BOSS","M","?","M","$","?","R","E","M","T","?","?","?","E","M","R","BOSS","BOSS","R","$","E","BOSS"],"build_version":"2019-01-23","purchased_purges":2,"victory":true,"max_hp_per_floor":[72,72,72,72,72,72,72,72,72,72,72,72,72,72,72,72,72,72,72,72,72,72,72,72,72,72,72,72,72,72,72,72,72,72,72,72,72,72,72,72,72,72,72,72,72,68,68,68,68,68,68,68,68,68,68,68],"card_choices":[{"not_picked":["Bane","Deflect"],"picked":"Predator","floor":1.0},{"not_picked":["Flying Knee","Deadly Poison","Setup"],"picked":"SKIP","floor":2.0},{"not_picked":["Blade Dance","Acrobatics"],"picked":"Leg Sweep","floor":3.0},{"not_picked":["Deflect","Flying Knee"],"picked":"Bouncing Flask","floor":5.0},{"not_picked":["Setup","Quick Slash","Dagger Spray"],"picked":"SKIP","floor":6.0},{"not_picked":["Poisoned Stab","Blade Dance","Finisher"],"picked":"SKIP","floor":8.0},{"not_picked":["Dodge and Roll","Finisher"],"picked":"Footwork","floor":12.0},{"not_picked":["Dodge and Roll","PiercingWail","Slice"],"picked":"SKIP","floor":14.0},{"not_picked":["Wraith Form v2","Venomology","Storm of Steel"],"picked":"After Image","floor":16.0},{"not_picked":["Blade Dance+1","Bane","Calculated Gamble"],"picked":"Blur","floor":18.0},{"not_picked":["Concentrate+1","Blade Dance","Expertise","Slice"],"picked":"SKIP","floor":20.0},{"not_picked":["Tactician","Deadly Poison","Underhanded Strike"],"picked":"Blur","floor":24.0},{"not_picked":["Dodge and Roll","Underhanded Strike+1","Dagger Throw+1","Quick Slash"],"picked":"SKIP","floor":29.0},{"not_picked":["Cloak And Dagger","Heel Hook","Wraith Form v2"],"picked":"Well Laid Plans","floor":30.0},{"not_picked":["A Thousand Cuts","Unload","Storm of Steel"],"picked":"Adrenaline","floor":33.0},{"not_picked":["Flying Knee","Prepared","Dagger Spray"],"picked":"Backstab","floor":35.0},{"not_picked":["Sucker Punch","Endless Agony","Bane"],"picked":"Deadly Poison+1","floor":37.0},{"not_picked":["Flying Knee+1","PiercingWail+1","Blur"],"picked":"Tools of the Trade","floor":41.0},{"not_picked":["Predator","Bane","Quick Slash+1"],"picked":"Deadly Poison+1","floor":42.0},{"not_picked":["Transmutation","Impatience","Purity"],"picked":"Sadistic Nature","floor":44.0},{"not_picked":["Enlightenment","Trip","Deep Breath"],"picked":"Mayhem","floor":44.0},{"not_picked":["Expertise+1","Flying Knee","Riddle With Holes"],"picked":"Crippling Poison","floor":45.0},{"not_picked":["Dagger Throw+1","Prepared","All Out Attack","Masterful Stab"],"picked":"SKIP","floor":47.0},{"not_picked":["Predator","Deadly Poison+1","Deflect"],"picked":"Backflip","floor":48.0},{"not_picked":["Terror","Sucker Punch","Backstab"],"picked":"Venomology","floor":55}],"player_experience":739662,"relics_obtained":[{"floor":6.0,"key":"Happy Flower"},{"floor":8.0,"key":"Paper Crane"},{"floor":9.0,"key":"Pantograph"},{"floor":14.0,"key":"Question Card"},{"floor":24.0,"key":"Anchor"},{"floor":26.0,"key":"Whetstone"},{"floor":30.0,"key":"Oddly Smooth Stone"},{"floor":39.0,"key":"Peace Pipe"},{"floor":41.0,"key":"Bottled Flame"},{"floor":45.0,"key":"Unceasing Top"},{"floor":47.0,"key":"Ornamental Fan"},{"floor":55,"key":"Pen Nib"}],"event_choices":[{"cards_removed":["Strike_G"],"damage_healed":0.0,"max_hp_gain":0.0,"max_hp_loss":0.0,"gold_gain":0.0,"event_name":"Golden Wing","player_choice":"Card Removal","floor":11.0,"gold_loss":0.0,"damage_taken":7.0},{"damage_healed":0.0,"max_hp_gain":0.0,"max_hp_loss":0.0,"gold_gain":0.0,"event_name":"Addict","player_choice":"Obtained Relic","floor":21.0,"gold_loss":85.0,"damage_taken":0.0,"relics_obtained":["Mummified Hand"]},{"damage_healed":0.0,"max_hp_gain":0.0,"max_hp_loss":0.0,"gold_gain":0.0,"event_name":"Drug Dealer","player_choice":"Inject Mutagens","floor":28.0,"gold_loss":0.0,"damage_taken":0.0,"relics_obtained":["MutagenicStrength"]},{"damage_healed":0.0,"max_hp_gain":0.0,"max_hp_loss":0.0,"gold_gain":0.0,"event_name":"Masked Bandits","player_choice":"Paid Fearfully","floor":31.0,"gold_loss":51.0,"damage_taken":0.0},{"cards_removed":["Bullet Time"],"damage_healed":0.0,"max_hp_gain":0.0,"max_hp_loss":0.0,"gold_gain":0.0,"event_name":"Falling","player_choice":"Removed Skill","floor":36.0,"gold_loss":0.0,"damage_taken":0.0},{"damage_healed":0.0,"max_hp_gain":0.0,"max_hp_loss":0.0,"gold_gain":0.0,"event_name":"MindBloom","player_choice":"Fight","floor":39.0,"gold_loss":0.0,"damage_taken":0.0},{"damage_healed":0.0,"max_hp_gain":0.0,"max_hp_loss":0.0,"gold_gain":0.0,"event_name":"SensoryStone","player_choice":"Memory 3","floor":44.0,"gold_loss":0.0,"damage_taken":10.0},{"damage_healed":0.0,"max_hp_gain":0.0,"max_hp_loss":0.0,"gold_gain":0.0,"event_name":"Mysterious Sphere","player_choice":"Fight","floor":45.0,"gold_loss":0.0,"damage_taken":0.0},{"damage_healed":0.0,"max_hp_gain":0.0,"max_hp_loss":4.0,"gold_gain":0.0,"event_name":"Winding Halls","player_choice":"Max HP","floor":46.0,"gold_loss":0.0,"damage_taken":0.0}],"is_beta":false,"boss_relics":[{"not_picked":["Runic Pyramid","Eternal Feather"],"picked":"Pandora\u0027s Box"},{"not_picked":["Orrery","WristBlade"],"picked":"Empty Cage"}],"items_purged_floors":[4,38],"is_endless":false,"potions_floor_spawned":[1,3,6,8,29,30,39,41,48,55],"ascension_level":20}