{"gold_per_floor":[114,9,9,9,22,22,41,41,41,68,68,53],"floor_reached":12,"playtime":359,"items_purged":[],"score":122,"play_id":"47f1448b-b8be-464e-9f35-b32191536748","local_time":"20190216093235","is_ascension_mode":true,"campfire_choices":[{"data":"Hello World","floor":6,"key":"SMITH"}],"neow_cost":"PERCENT_DAMAGE","seed_source_timestamp":1086717587153350,"circlet_count":0,"master_deck":["AscendersBane","Strike_B","Strike_B","Strike_B","Strike_B+1","Defend_B","Defend_B","Defend_B","Defend_B","Zap+1","Dualcast","Meteor Strike","Conserve Battery+1","Hello World+1","Conserve Battery","Tempest","Turbo"],"relics":["Cracked Core","Orichalcum","Nunchaku"],"potions_floor_usage":[12,12],"damage_taken":[{"damage":1,"enemies":"2 Louse","floor":1,"turns":3},{"damage":2,"enemies":"Jaw Worm","floor":5,"turns":3},{"damage":1,"enemies":"Small Slimes","floor":7,"turns":4},{"damage":20,"enemies":"3 Sentries","floor":10,"turns":9},{"damage":11,"enemies":"Exordium Thugs","floor":12,"turns":2}],"seed_played":"-6510994699347220413","potions_obtained":[{"floor":5,"key":"AttackPotion"},{"floor":7,"key":"Weak Potion"}],"is_trial":false,"path_per_floor":["M","$","?","?","M","R","M","$","T","E","?","M"],"character_chosen":"DEFECT","items_purchased":["Hello World","Conserve Battery"],"campfire_rested":0,"item_purchase_floors":[2,2],"current_hp_per_floor":[49,49,49,34,32,32,31,31,31,11,11,0],"gold":53,"neow_bonus":"THREE_RARE_CARDS","is_prod":false,"is_daily":false,"chose_seed":false,"campfire_upgraded":1,"win_rate":0,"timestamp":1550269955,"path_taken":["M","$","?","?","M","R","M","?","T","E","?","M"],"build_version":"2019-01-23","purchased_purges":0,"victory":false,"max_hp_per_floor":[75,75,75,75,75,75,75,75,75,75,75,75],"card_choices":[{"not_picked":["Amplify","Core Surge"],"picked":"Meteor Strike","floor":0},{"not_picked":["Reprogram","Streamline"],"picked":"Conserve Battery","floor":1},{"not_picked":["Cold Snap","Chill","Rip and Tear"],"picked":"SKIP","floor":5},{"not_picked":["Tempest","Consume","Sweeping Beam"],"picked":"SKIP","floor":7},{"not_picked":["Consume","Sweeping Beam"],"picked":"Tempest","floor":7},{"not_picked":["Echo Form","Rebound"],"picked":"Turbo","floor":10}],"player_experience":716976,"relics_obtained":[{"floor":9,"key":"Orichalcum"},{"floor":10,"key":"Nunchaku"}],"event_choices":[{"damage_healed":0,"gold_gain":0,"player_choice":"Grow","damage_taken":0,"max_hp_gain":0,"max_hp_loss":0,"event_name":"Living Wall","floor":3,"gold_loss":0,"cards_upgraded":["Zap"]},{"damage_healed":0,"gold_gain":0,"player_choice":"Entered Light","damage_taken":15,"max_hp_gain":0,"max_hp_loss":0,"event_name":"Shining Light","floor":4,"gold_loss":0,"cards_upgraded":["Conserve Battery","Strike_B"]},{"damage_healed":0,"gold_gain":0,"player_choice":"Searched \u00271\u0027 times","damage_taken":0,"max_hp_gain":0,"max_hp_loss":0,"event_name":"Dead Adventurer","floor":11,"gold_loss":0}],"is_beta":false,"boss_relics":[],"items_purged_floors":[],"is_endless":false,"potions_floor_spawned":[5,7],"killed_by":"Exordium Thugs","ascension_level":12}