{"gold_per_floor":[109,125,143,163,176,195,195,214,214,214,24,34,60,74,74,74],"floor_reached":16,"playtime":802,"items_purged":[],"score":216,"play_id":"25105d4a-f2e3-4b5a-8cf0-10ac7a407a58","local_time":"20190206214741","is_ascension_mode":true,"campfire_choices":[{"data":"Defragment","floor":7,"key":"SMITH"},{"floor":15,"key":"REST"}],"neow_cost":"NONE","seed_source_timestamp":42412682188700,"circlet_count":0,"master_deck":["AscendersBane","Strike_B","Strike_B","Strike_B+1","Strike_B","Defend_B","Defend_B","Defend_B","Defend_B","Zap","Dualcast","Auto Shields","Doom and Gloom","Compile Driver","Tempest","Defragment+1","Cold Snap","Compile Driver+1","Conserve Battery","Conserve Battery","Core Surge","Conserve Battery"],"relics":["Cracked Core","Mummified Hand","Blood Vial","Cables"],"potions_floor_usage":[5,13,13,13,13],"damage_taken":[{"damage":1,"enemies":"Cultist","floor":1,"turns":4},{"damage":0,"enemies":"2 Louse","floor":2,"turns":3},{"damage":12,"enemies":"Jaw Worm","floor":3,"turns":4},{"damage":13,"enemies":"Blue Slaver","floor":4,"turns":4},{"damage":9,"enemies":"Lots of Slimes","floor":5,"turns":3},{"damage":2,"enemies":"Exordium Thugs","floor":6,"turns":5},{"damage":7,"enemies":"3 Louse","floor":8,"turns":3},{"damage":2,"enemies":"Red Slaver","floor":12,"turns":3},{"damage":4,"enemies":"3 Sentries","floor":13,"turns":6},{"damage":0,"enemies":"Exordium Wildlife","floor":14,"turns":3},{"damage":32,"enemies":"Hexaghost","floor":16,"turns":9}],"seed_played":"7408426992883298712","potions_obtained":[{"floor":1,"key":"Swift Potion"},{"floor":5,"key":"EntropicBrew"},{"floor":6,"key":"SteroidPotion"},{"floor":12,"key":"Weak Potion"}],"is_trial":false,"path_per_floor":["M","M","M","M","M","M","R","M","T","?","$","M","E","M","R","B"],"character_chosen":"DEFECT","items_purchased":["Blood Vial","Conserve Battery"],"campfire_rested":1,"item_purchase_floors":[11,11],"current_hp_per_floor":[70,70,58,45,36,34,34,27,27,4,4,4,2,4,27,0],"gold":74,"neow_bonus":"TEN_PERCENT_HP_BONUS","is_prod":false,"is_daily":false,"chose_seed":false,"campfire_upgraded":1,"win_rate":0,"timestamp":1549518461,"path_taken":["M","M","M","M","M","?","R","M","T","?","$","M","E","M","R","BOSS"],"build_version":"2019-01-23","purchased_purges":0,"victory":false,"max_hp_per_floor":[78,78,78,78,78,78,78,78,78,78,78,78,78,78,78,78],"card_choices":[{"not_picked":["Hello World","Beam Cell"],"picked":"Auto Shields","floor":1},{"not_picked":["Cold Snap","Sunder"],"picked":"Doom and Gloom","floor":2},{"not_picked":["Sunder","Rebound"],"picked":"Compile Driver","floor":3},{"not_picked":["Aggregate","Redo"],"picked":"Tempest","floor":4},{"not_picked":["Compile Driver","Doom and Gloom"],"picked":"Defragment","floor":5},{"not_picked":["Reinforced Body","Leap"],"picked":"Cold Snap","floor":6},{"not_picked":["Steam","Skim"],"picked":"Compile Driver","floor":8},{"not_picked":["Double Energy","Barrage"],"picked":"Conserve Battery","floor":12},{"not_picked":["Redo","Cold Snap"],"picked":"Core Surge","floor":13},{"not_picked":["Sweeping Beam","Compile Driver"],"picked":"Conserve Battery","floor":14}],"player_experience":649170,"relics_obtained":[{"floor":9,"key":"Mummified Hand"},{"floor":13,"key":"Cables"}],"event_choices":[{"damage_healed":0,"gold_gain":0,"player_choice":"Entered Light","damage_taken":23,"max_hp_gain":0,"max_hp_loss":0,"event_name":"Shining Light","floor":10,"gold_loss":0,"cards_upgraded":["Compile Driver","Strike_B"]}],"is_beta":false,"boss_relics":[],"items_purged_floors":[],"is_endless":false,"potions_floor_spawned":[1,5,6,12],"killed_by":"Hexaghost","ascension_level":20}