{"gold_per_floor":[362,8,24,24,174,174,194,194,194,194],"floor_reached":10,"playtime":200,"items_purged":[],"score":112,"play_id":"800bb33f-7458-4665-a5c0-6d1cfccd7177","local_time":"20181123120558","is_ascension_mode":true,"campfire_choices":[{"data":"Disarm","floor":6.0,"key":"SMITH"},{"data":"Feel No Pain","floor":8.0,"key":"SMITH"}],"neow_cost":"PERCENT_DAMAGE","seed_source_timestamp":6321958771273,"circlet_count":0,"master_deck":["AscendersBane","Strike_R","Strike_R","Strike_R","Strike_R","Strike_R","Defend_R","Defend_R","Defend_R","Defend_R","Bash","Feel No Pain+1","Offering","Disarm+1","Doubt"],"special_seed":0,"relics":["Burning Blood","Blue Candle","Darkstone Periapt"],"potions_floor_usage":[10,10],"damage_taken":[{"damage":6.0,"enemies":"Cultist","floor":1.0,"turns":3.0},{"damage":11.0,"enemies":"2 Louse","floor":3.0,"turns":3.0},{"damage":14.0,"enemies":"Small Slimes","floor":7.0,"turns":4.0},{"damage":51,"enemies":"Lagavulin","floor":10,"turns":8}],"seed_played":"-7737598822969415124","potions_obtained":[{"floor":1.0,"key":"LiquidBronze"},{"floor":7.0,"key":"Ancient Potion"}],"is_trial":false,"path_per_floor":["M","$","M","?","?","R","M","R","T","E"],"character_chosen":"IRONCLAD","items_purchased":["Blue Candle","Offering"],"campfire_rested":0,"item_purchase_floors":[2,2],"current_hp_per_floor":[50,50,45,45,45,45,37,37,37,0],"gold":194,"neow_bonus":"TWO_FIFTY_GOLD","is_prod":false,"is_daily":false,"chose_seed":false,"campfire_upgraded":2,"win_rate":0,"timestamp":1543003558,"path_taken":["M","$","M","?","?","R","M","R","T","E"],"build_version":"2018-11-15","purchased_purges":0,"victory":false,"max_hp_per_floor":[75,75,75,75,75,75,75,75,75,75],"card_choices":[{"not_picked":["Iron Wave","Body Slam"],"picked":"Feel No Pain","floor":1.0},{"not_picked":["Shrug It Off","Wild Strike"],"picked":"Disarm","floor":3.0},{"not_picked":["Headbutt","Havoc","Warcry"],"picked":"SKIP","floor":7.0}],"player_experience":675177,"relics_obtained":[{"floor":9.0,"key":"Darkstone Periapt"}],"event_choices":[{"damage_healed":0.0,"max_hp_gain":0.0,"max_hp_loss":0.0,"gold_gain":0.0,"event_name":"The Cleric","player_choice":"Leave","floor":4.0,"gold_loss":0.0,"damage_taken":0.0},{"damage_healed":0.0,"max_hp_gain":0.0,"max_hp_loss":0.0,"gold_gain":150.0,"event_name":"Liars Game","player_choice":"AGREE","floor":5.0,"gold_loss":0.0,"damage_taken":0.0,"cards_obtained":["Doubt"]}],"is_beta":false,"boss_relics":[],"items_purged_floors":[],"is_endless":false,"potions_floor_spawned":[1,7],"killed_by":"Lagavulin","ascension_level":20}