{"gold_per_floor":[119,137,40,55,67,101,48,60,60,119,17,28,47,60,60,157,157,173,173,38,52,67,67,80,92,92,102,102,17,39,51,63,75],"floor_reached":33,"playtime":3592,"items_purged":["Bash","Defend_R"],"score":280,"play_id":"6cc049ac-48cd-4462-beae-1052e90c277f","local_time":"20180814144334","is_ascension_mode":false,"campfire_choices":[{"floor":15,"key":"REST"},{"floor":23,"key":"REST"},{"floor":28,"key":"REST"},{"floor":32,"key":"REST"}],"neow_cost":"","seed_source_timestamp":306123973912626,"circlet_count":0,"master_deck":["Strike_R","Strike_R","Strike_R","Strike_R","Strike_R","Defend_R","Defend_R","Defend_R","Flex","Armaments","Clash","Iron Wave","Fire Breathing","Infernal Blade","Sword Boomerang","Perfected Strike","Inflame","Demon Form+1","True Grit","Sword Boomerang","Pommel Strike","Twin Strike","Sword Boomerang","Double Tap","Twin Strike+1","Seeing Red+1","Flex+1","Armaments+1","Iron Wave+1","Fire Breathing+1","Flex+1","Inflame+1","Flex+1","Pommel Strike"],"relics":["Burning Blood","Potion Belt","Frozen Egg 2","Dream Catcher","Lizard Tail","Toxic Egg 2","Calipers","MawBank"],"potions_floor_usage":[10,10,13,16,16,22,25,33,33],"damage_taken":[{"damage":9,"enemies":"Cultist","floor":1,"turns":5},{"damage":12,"enemies":"2 Louse","floor":2,"turns":3},{"damage":5,"enemies":"Small Slimes","floor":4,"turns":3},{"damage":4,"enemies":"Exordium Wildlife","floor":5,"turns":4},{"damage":25,"enemies":"3 Sentries","floor":6,"turns":7},{"damage":5,"enemies":"Looter","floor":8,"turns":3},{"damage":6,"enemies":"Gremlin Nob","floor":10,"turns":3},{"damage":1,"enemies":"Exordium Thugs","floor":12,"turns":5},{"damage":12,"enemies":"Exordium Wildlife","floor":13,"turns":5},{"damage":4,"enemies":"Blue Slaver","floor":14,"turns":4},{"damage":71,"enemies":"The Guardian","floor":16,"turns":10},{"damage":29,"enemies":"Shell Parasite","floor":18,"turns":6},{"damage":38,"enemies":"3 Byrds","floor":21,"turns":5},{"damage":5,"enemies":"Centurion and Healer","floor":22,"turns":4},{"damage":39,"enemies":"Cultist and Chosen","floor":24,"turns":7},{"damage":30,"enemies":"Snecko","floor":25,"turns":4},{"damage":23,"enemies":"Snake Plant","floor":27,"turns":5},{"damage":35,"enemies":"3 Cultists","floor":30,"turns":6},{"damage":53,"enemies":"Champ","floor":33,"turns":6}],"seed_played":"4466677304182740947","potions_obtained":[{"floor":6,"key":"FearPotion"},{"floor":8,"key":"EntropicBrew"},{"floor":12,"key":"EssenceOfSteel"},{"floor":13,"key":"Ancient Potion"},{"floor":14,"key":"SteroidPotion"},{"floor":16,"key":"SteroidPotion"},{"floor":24,"key":"Strength Potion"},{"floor":30,"key":"Ancient Potion"}],"is_trial":false,"path_per_floor":["M","M","$","M","M","E","$","M","T","?","$","M","M","M","R","B",null,"M","?","$","M","M","R","M","M","T","M","R","?","M","?","R"],"character_chosen":"IRONCLAD","items_purchased":["Clash","Iron Wave","Perfected Strike","True Grit","Seeing Red+1"],"campfire_rested":4,"item_purchase_floors":[3,3,7,11,20],"current_hp_per_floor":[77,71,71,72,74,55,55,56,56,56,56,61,55,57,80,29,80,57,57,57,25,26,50,17,46,46,29,53,53,24,24,48,0],"gold":75,"neow_bonus":"","is_prod":false,"is_daily":false,"chose_seed":false,"campfire_upgraded":0,"win_rate":0.0,"timestamp":1534272214,"path_taken":["M","M","$","M","M","E","?","M","T","?","?","?","M","M","R","BOSS","M","?","$","M","M","R","M","M","T","M","R","?","M","?","R","BOSS"],"build_version":"2018-08-09","purchased_purges":2,"victory":false,"max_hp_per_floor":[80,80,80,80,80,80,80,80,80,80,80,80,80,80,80,80,80,80,80,80,80,80,80,80,80,80,80,80,80,80,80,80,80],"card_choices":[{"not_picked":["Rampage","Perfected Strike"],"picked":"Flex","floor":1},{"not_picked":["Sever Soul","Sword Boomerang"],"picked":"Armaments","floor":2},{"not_picked":["Perfected Strike","Iron Wave"],"picked":"Fire Breathing","floor":4},{"not_picked":["Warcry","Shockwave"],"picked":"Infernal Blade","floor":5},{"not_picked":["Disarm","Reckless Charge"],"picked":"Sword Boomerang","floor":6},{"not_picked":["Metallicize","Feel No Pain"],"picked":"Inflame","floor":8},{"not_picked":["Dual Wield","Iron Wave"],"picked":"Demon Form+1","floor":10},{"not_picked":["Thunderclap","Clothesline"],"picked":"Sword Boomerang","floor":12},{"not_picked":["Reckless Charge","Searing Blow"],"picked":"Pommel Strike","floor":13},{"not_picked":["Warcry","Armaments"],"picked":"Twin Strike","floor":14},{"not_picked":["Perfected Strike","Shrug It Off"],"picked":"Sword Boomerang","floor":15},{"not_picked":["Offering","Demon Form+1"],"picked":"Double Tap","floor":16},{"not_picked":["Clothesline","Flex"],"picked":"Twin Strike+1","floor":18},{"not_picked":["True Grit+1","Twin Strike"],"picked":"Flex+1","floor":21},{"not_picked":["Reckless Charge","Seeing Red+1"],"picked":"Armaments+1","floor":22},{"not_picked":["Carnage","True Grit+1"],"picked":"Iron Wave+1","floor":23},{"not_picked":["Sword Boomerang","Flame Barrier+1"],"picked":"Fire Breathing+1","floor":24},{"not_picked":["Feed","Metallicize+1"],"picked":"Flex+1","floor":25},{"not_picked":["Intimidate+1","Perfected Strike"],"picked":"Inflame+1","floor":27},{"not_picked":["Warcry+1","Bloodletting+1"],"picked":"Flex+1","floor":28},{"not_picked":["True Grit+1","Perfected Strike","Hemokinesis"],"picked":"SKIP","floor":30},{"not_picked":["Intimidate+1","Body Slam+1"],"picked":"Pommel Strike","floor":32}],"player_experience":0,"relics_obtained":[{"floor":6,"key":"Potion Belt"},{"floor":9,"key":"Frozen Egg 2"},{"floor":10,"key":"Dream Catcher"},{"floor":26,"key":"Calipers"}],"event_choices":[{"event_name":"Dead Adventurer","player_choice":"Searched \u00271\u0027 times","floor":10,"damage_taken":0},{"event_name":"WeMeetAgain","player_choice":"Potion","floor":19,"damage_taken":0},{"event_name":"Addict","player_choice":"Obtained Relic","floor":29,"damage_taken":0},{"event_name":"Ghosts","player_choice":"Ignored","floor":31,"damage_taken":0}],"is_beta":false,"boss_relics":[{"not_picked":["Runic Cube","Orrery"],"picked":"Lizard Tail"}],"items_purged_floors":[11,20],"is_endless":false,"potions_floor_spawned":[6,8,12,13,14,16,24,30],"killed_by":"Champ","ascension_level":0}