{"path_per_floor":["M","?","M","M","?","?","E","?","T","R","M","M","R","M","R","B",null,"M","?","?","M","$","R","?","M","T","M","?","R","$","?","R","B",null,"M","?","$","?","M","R","M","M","T","R","M","M","M","$","R","B"],"character_chosen":"IRONCLAD","items_purchased":["Apotheosis","War Paint","Inflame","Offering"],"gold_per_floor":[15,15,34,52,127,227,252,252,332,332,351,367,367,378,378,481,481,496,396,396,408,12,12,12,29,29,42,42,42,42,42,42,143,143,159,159,18,18,35,35,54,64,112,112,128,142,157,82,82,82],"floor_reached":51,"campfire_rested":2,"playtime":2514,"current_hp_per_floor":[95,95,79,81,70,70,59,59,59,59,56,58,58,56,84,55,96,94,94,79,76,76,76,70,70,70,68,68,68,68,52,52,43,70,67,67,67,67,65,65,68,63,63,63,62,39,30,30,66,35],"items_purged":["Bite"],"gold":82,"play_id":"7e1ac66e-592f-4078-9d58-595db66a515a","is_prod":false,"is_daily":false,"is_ascension_mode":true,"campfire_upgraded":7,"path_taken":["M","?","M","M","?","?","E","?","T","R","?","M","R","M","R","BOSS","M","?","?","M","$","R","?","M","T","?","?","R","?","?","R","BOSS","M","?","?","?","M","R","M","M","T","R","M","?","M","$","R","BOSS"],"build_version":"2018-02-01-PROD3","purchased_purges":1,"victory":true,"master_deck":["Defend_R","Defend_R","Defend_R+1","Defend_R+1","Bash+1","Heavy Blade+1","Offering+1","Shrug It Off","Corruption+1","Flame Barrier+1","Rupture+1","Offering+1","J.A.X.","Hemokinesis","Apotheosis+1","Inflame+1","Bite","Bite","Bite","Whirlwind+1","Flex+1","Dark Embrace+1","Offering+1","Metallicize+1","Warcry+1","Flex","Sentinel+1"],"max_hp_per_floor":[96,96,96,96,96,96,96,96,96,96,96,96,96,96,96,96,96,96,96,101,101,101,101,70,70,70,70,70,70,70,70,70,70,70,70,70,70,70,70,70,70,70,70,70,70,70,70,70,70,70],"relics":["Burning Blood","Ancient Tea Set","Frozen Egg 2","Sozu","War Paint","Ice Cream","Enchiridion","Regal Pillow"],"card_choices":[{"not_picked":["Shrug It Off","Havoc"],"picked":"Heavy Blade"},{"not_picked":["Inflame","Clothesline"],"picked":"Offering"},{"not_picked":["Intimidate","Sword Boomerang"],"picked":"Shrug It Off"},{"not_picked":["Thunderclap","Burning Pact"],"picked":"Corruption"},{"not_picked":["Searing Blow","Warcry"],"picked":"Flame Barrier"},{"not_picked":["True Grit","Warcry"],"picked":"Rupture"},{"not_picked":["Impervious","Exhume"],"picked":"Offering"},{"not_picked":["Clothesline","True Grit"],"picked":"Armaments"},{"not_picked":["Twin Strike","Body Slam"],"picked":"Hemokinesis"},{"not_picked":["Perfected Strike","Pommel Strike"],"picked":"Whirlwind"},{"not_picked":["Reckless Charge","Body Slam"],"picked":"Flex"},{"not_picked":["Fiend Fire","Feed"],"picked":"Dark Embrace"},{"not_picked":["Cleave","Pummel"],"picked":"Metallicize"},{"not_picked":["Body Slam","Clothesline"],"picked":"Warcry"},{"not_picked":["Dark Embrace","Clash"],"picked":"Flex"},{"not_picked":["Dropkick","Evolve"],"picked":"Sentinel"}],"player_experience":105777,"potions_floor_usage":[7,16],"damage_taken":[{"damage":7,"enemies":"Small Slimes","floor":1,"turns":3},{"damage":22,"enemies":"Blue Slaver","floor":3,"turns":5},{"damage":4,"enemies":"Cultist","floor":4,"turns":2},{"damage":17,"enemies":"3 Sentries","floor":7,"turns":6},{"damage":9,"enemies":"Exordium Wildlife","floor":11,"turns":3},{"damage":4,"enemies":"Looter","floor":12,"turns":3},{"damage":8,"enemies":"Large Slime","floor":14,"turns":4},{"damage":35,"enemies":"The Guardian","floor":16,"turns":8},{"damage":8,"enemies":"2 Thieves","floor":18,"turns":3},{"damage":9,"enemies":"3 Byrds","floor":21,"turns":3},{"damage":14,"enemies":"Centurion and Healer","floor":25,"turns":3},{"damage":14,"enemies":"Cultist and Chosen","floor":27,"turns":3},{"damage":28,"enemies":"Collector","floor":33,"turns":4},{"damage":11,"enemies":"Orb Walker","floor":35,"turns":2},{"damage":8,"enemies":"3 Darklings","floor":39,"turns":1},{"damage":15,"enemies":"Maw","floor":41,"turns":4},{"damage":11,"enemies":"4 Shapes","floor":42,"turns":2},{"damage":7,"enemies":"Sphere and 2 Shapes","floor":45,"turns":1},{"damage":38,"enemies":"Maw","floor":46,"turns":4},{"damage":15,"enemies":"3 Darklings","floor":47,"turns":1},{"damage":37,"enemies":"Donu and Deca","floor":50,"turns":2}],"event_choices":[{"event_name":"Upgrade Shrine","player_choice":"Upgraded","floor":2,"damage_taken":0},{"event_name":"World of Goop","player_choice":"Gather Gold","floor":5,"damage_taken":0},{"event_name":"Wheel of Change","player_choice":"Gold","floor":6,"damage_taken":0},{"event_name":"Living Wall","player_choice":"Grow","floor":8,"damage_taken":0},{"event_name":"Drug Dealer","player_choice":"Got JAXXED","floor":19,"damage_taken":0},{"event_name":"Forgotten Altar","player_choice":"Shed Blood","floor":20,"damage_taken":0},{"event_name":"Vampires","player_choice":"Became a vampire","floor":24,"damage_taken":0},{"event_name":"Upgrade Shrine","player_choice":"Upgraded","floor":28,"damage_taken":0},{"event_name":"Cursed Tome","player_choice":"Obtained Book","floor":31,"damage_taken":0},{"event_name":"Purifier","player_choice":"One Purge","floor":36,"damage_taken":0}],"boss_relics":[{"not_picked":["Philosopher\u0027s Stone","Calling Bell"],"picked":"Sozu"},{"not_picked":["Runic Dome","White Beast Statue","Mark of Pain"]}],"potions_floor_spawned":[3,11,14,25,27,35,41,45,47],"seed_played":"-3382170383142164932","ascension_level":3,"is_trial":false}