{"gold_per_floor":[118,133,133,133,5,5,21,48,48,48,75,95,95,109,109,205,205,220,145,156,170,180,180,180,192,192,192,210,135,135,146,146,250,300,318,318,329,329,329,329,329,329,356,375,375,375,375,388,388,487,487,527,427,440,440,455,486,486,499,523,539,555,596,628,656,668,782,794,816,828,840,852,864,876,898,910,955,987,899,899,915,915,915,1016,1016,1036,1036,704,704,722,756,756,767,799,799,799,799,799,799,799,897,897,917,797,808,821,821,821,835,849,876,876,876,888,838,873,873,972,972,984,984,984,984,1000,1035,948,960,993,993,993,993,993,1012,1012,1117,1117,1134,1084,1134,1184,1234,1262,1262,1312,1345,1345,1052,1365,1415,1426,1426,1523,1523,1543,1593,45,95,166,199,199,230,255,305,255,255,266,277,277,277],"floor_reached":169,"playtime":6674,"items_purged":["Strike_R","Writhe","Strike_R+1","Madness+1","Defend_R+1","Flame Barrier+1","Clash+1","Feed+1","Twin Strike+1"],"score":5834,"play_id":"b0ecb342-ceb3-4f67-aee4-e469f0c47d44","local_time":"20180719205906","daily_mods":["Vintage"],"is_ascension_mode":false,"campfire_choices":[{"floor":6,"key":"REST"},{"floor":10,"key":"REST"},{"floor":15,"key":"REST"},{"data":"Defend_R","floor":23,"key":"SMITH"},{"data":"Defend_R","floor":30,"key":"SMITH"},{"data":"Defend_R","floor":32,"key":"SMITH"},{"data":"Defend_R","floor":40,"key":"SMITH"},{"floor":42,"key":"REST"},{"floor":45,"key":"REST"},{"floor":49,"key":"REST"},{"floor":58,"key":"REST"},{"floor":66,"key":"REST"},{"floor":74,"key":"REST"},{"floor":76,"key":"REST"},{"floor":83,"key":"REST"},{"floor":98,"key":"REST"},{"floor":100,"key":"REST"},{"floor":108,"key":"REST"},{"floor":117,"key":"REST"},{"data":"Fire Breathing","floor":143,"key":"PURGE"},{"data":"Madness+1","floor":146,"key":"PURGE"},{"data":"Master of Strategy+1","floor":151,"key":"PURGE"},{"data":"Twin Strike+1","floor":160,"key":"PURGE"},{"data":"Feed+1","floor":165,"key":"PURGE"},{"data":"Dramatic Entrance+1","floor":168,"key":"PURGE"}],"neow_cost":"","seed_source_timestamp":0,"circlet_count":2,"master_deck":["Rampage+1","Flex+1","Rampage+1","Anger+1","Anger+1","Anger+1","RitualDagger+1","Panache","Rage+1","Clash+1","Flex+1","RitualDagger+1","Flex+1","Anger+1"],"relics":["Unceasing Top","Molten Egg 2","Mango","Ornamental Fan","Bag of Preparation","Matryoshka","Kunai","Ice Cream","Strawberry","Blood Vial","Gremlin Horn","Nunchaku","Calipers","Boot","Shuriken","Oddly Smooth Stone","Du-Vu Doll","Red Skull","Bronze Scales","Anchor","Tiny House","Torii","Toxic Egg 2","Bag of Marbles","Whetstone","Happy Flower","Potion Belt","Centennial Puzzle","Runic Dome","Tiny Chest","Mercury Hourglass","The Courier","Dream Catcher","Juzu Bracelet","Pantograph","MawBank","Blue Candle","Art of War","Lantern","Fusion Hammer","War Paint","Pear","Omamori","Enchiridion","Regal Pillow","Meat on the Bone","Black Star","Mummified Hand","MealTicket","Sundial","Bottled Tornado","Self Forming Clay","Paper Frog","Eternal Feather","Orichalcum","Ancient Tea Set","Vajra","Letter Opener","Singing Bowl","Bottled Lightning","Dodecahedron","Coffee Dripper","Darkstone Periapt","Smiling Mask","Magic Flower","Nloth\u0027s Gift","SsserpentHead","Dead Branch","Question Card","Empty Cage","Ginger","Peace Pipe","Champion Belt","Old Coin","Thread and Needle","Bird Faced Urn","Philosopher\u0027s Stone","Pen Nib","Bottled Flame","HandDrill","StoneCalendar","Frozen Egg 2","Shovel","Turnip","Odd Mushroom","Circlet"],"potions_floor_usage":[8,16,33],"damage_taken":[{"damage":7,"enemies":"Small Slimes","floor":1,"turns":5},{"damage":15,"enemies":"Jaw Worm","floor":2,"turns":5},{"damage":1,"enemies":"Cultist","floor":7,"turns":3},{"damage":26,"enemies":"Gremlin Nob","floor":8,"turns":4},{"damage":29,"enemies":"3 Sentries","floor":11,"turns":9},{"damage":8,"enemies":"2 Fungi Beasts","floor":12,"turns":4},{"damage":6,"enemies":"Exordium Wildlife","floor":14,"turns":4},{"damage":26,"enemies":"The Guardian","floor":16,"turns":10},{"damage":6,"enemies":"Spheric Guardian","floor":18,"turns":4},{"damage":16,"enemies":"2 Thieves","floor":20,"turns":3},{"damage":4,"enemies":"Centurion and Healer","floor":21,"turns":4},{"damage":2,"enemies":"Chosen and Byrds","floor":22,"turns":5},{"damage":10,"enemies":"Sentry and Sphere","floor":25,"turns":4},{"damage":0,"enemies":"Cultist and Chosen","floor":28,"turns":3},{"damage":9,"enemies":"Snake Plant","floor":31,"turns":3},{"damage":0,"enemies":"Collector","floor":33,"turns":6},{"damage":6,"enemies":"3 Darklings","floor":35,"turns":4},{"damage":0,"enemies":"Orb Walker","floor":37,"turns":3},{"damage":0,"enemies":"Spire Growth","floor":44,"turns":3},{"damage":3,"enemies":"4 Shapes","floor":48,"turns":3},{"damage":1,"enemies":"Awakened One","floor":50,"turns":8},{"damage":0,"enemies":"2 Louse","floor":52,"turns":2},{"damage":0,"enemies":"Small Slimes","floor":54,"turns":1},{"damage":0,"enemies":"Jaw Worm","floor":56,"turns":1},{"damage":13,"enemies":"3 Sentries","floor":57,"turns":4},{"damage":0,"enemies":"Large Slime","floor":59,"turns":2},{"damage":0,"enemies":"Red Slaver","floor":61,"turns":1},{"damage":0,"enemies":"3 Louse","floor":62,"turns":1},{"damage":0,"enemies":"Lagavulin","floor":63,"turns":3},{"damage":0,"enemies":"Looter","floor":64,"turns":1},{"damage":0,"enemies":"Gremlin Gang","floor":65,"turns":1},{"damage":143,"enemies":"Hexaghost","floor":67,"turns":4},{"damage":0,"enemies":"Shell Parasite","floor":69,"turns":1},{"damage":0,"enemies":"Spheric Guardian","floor":75,"turns":2},{"damage":8,"enemies":"Book of Stabbing","floor":77,"turns":2},{"damage":0,"enemies":"Snecko","floor":78,"turns":2},{"damage":8,"enemies":"Snake Plant","floor":81,"turns":3},{"damage":8,"enemies":"Champ","floor":84,"turns":3},{"damage":0,"enemies":"Orb Walker","floor":86,"turns":1},{"damage":0,"floor":89,"turns":2},{"damage":0,"enemies":"3 Shapes","floor":90,"turns":1},{"damage":0,"enemies":"Giant Head","floor":91,"turns":2},{"damage":0,"enemies":"Transient","floor":93,"turns":3},{"damage":38,"enemies":"Nemesis","floor":94,"turns":3},{"damage":17,"enemies":"Awakened One","floor":101,"turns":3},{"damage":0,"enemies":"Cultist","floor":103,"turns":1},{"damage":0,"enemies":"Jaw Worm","floor":105,"turns":1},{"damage":0,"enemies":"2 Louse","floor":106,"turns":1},{"damage":0,"enemies":"Exordium Wildlife","floor":109,"turns":1},{"damage":0,"enemies":"3 Louse","floor":110,"turns":1},{"damage":0,"enemies":"Lagavulin","floor":111,"turns":1},{"damage":0,"enemies":"Red Slaver","floor":114,"turns":1},{"damage":0,"enemies":"3 Sentries","floor":116,"turns":2},{"damage":0,"enemies":"Hexaghost","floor":118,"turns":2},{"damage":0,"enemies":"2 Thieves","floor":120,"turns":1},{"damage":0,"enemies":"Shell Parasite","floor":124,"turns":1},{"damage":0,"enemies":"Book of Stabbing","floor":125,"turns":2},{"damage":0,"enemies":"Snake Plant","floor":127,"turns":1},{"damage":0,"enemies":"Slavers","floor":128,"turns":1},{"damage":0,"enemies":"Snecko","floor":133,"turns":1},{"damage":56,"enemies":"Collector","floor":135,"turns":3},{"damage":0,"enemies":"3 Darklings","floor":137,"turns":1},{"damage":0,"floor":141,"turns":1},{"damage":3,"enemies":"Giant Head","floor":142,"turns":3},{"damage":15,"enemies":"Nemesis","floor":145,"turns":3},{"damage":0,"enemies":"Flame Bruiser 1 Orb","floor":148,"turns":1},{"damage":0,"enemies":"4 Shapes","floor":150,"turns":1},{"damage":11,"enemies":"Time Eater","floor":152,"turns":5},{"damage":0,"enemies":"Small Slimes","floor":154,"turns":1},{"damage":0,"floor":158,"turns":1},{"damage":0,"enemies":"Lagavulin","floor":159,"turns":1},{"damage":0,"enemies":"Gremlin Nob","floor":161,"turns":1},{"damage":0,"enemies":"Lagavulin","floor":162,"turns":1},{"damage":0,"enemies":"2 Louse","floor":166,"turns":1},{"damage":0,"enemies":"Cultist","floor":167,"turns":1},{"damage":250,"enemies":"Hexaghost","floor":169,"turns":2}],"seed_played":"2004510283105821662","potions_obtained":[{"floor":1,"key":"LiquidBronze"},{"floor":14,"key":"FearPotion"},{"floor":16,"key":"Poison Potion"},{"floor":135,"key":"AttackPotion"},{"floor":141,"key":"Poison Potion"},{"floor":142,"key":"Fire Potion"},{"floor":148,"key":"GamblersBrew"},{"floor":150,"key":"EssenceOfSteel"},{"floor":166,"key":"Swift Potion"}],"is_trial":true,"path_per_floor":["M","M","?","?","$","R","M","E","T","R","E","M","?","M","R","B",null,"M","?","M","M","M","R","?","M","T","?","M","$","R","M","R","B",null,"M","?","M","?","?","R","?","R","T","M","R","?","?","M","R","B",null,"M","$","M","?","M","E","R","M","T","M","M","E","M","M","R","B",null,"M","?","?","?","$","R","M","R","E","M","$","?","M","?","R","B",null,"M","?","$","?","M","E","?","M","E","?","?","?","R","?","R","B",null,"M","$","M","M","?","R","M","M","E","?","?","M","?","E","R","B",null,"M","?","?","?","M","E","$","M","E","R","?","?","R","M","R","B",null,"M","$","?","?","?","E","R","?","E","R","$","M","?","M","R","B",null,"M","?","$","?","?","E","R","E","E","?","$","R","M","M","R"],"character_chosen":"IRONCLAD","items_purchased":["Rampage+1","Flex","Panache","MealTicket","Flex+1","Champion Belt","Bottled Flame","HandDrill","StoneCalendar","Frozen Egg 2","Shovel","Turnip"],"campfire_rested":15,"item_purchase_floors":[5,5,88,88,126,147,156,156,156,156,156,156],"current_hp_per_floor":[73,72,72,65,65,93,92,66,66,94,65,57,57,58,88,62,101,95,95,85,87,91,91,91,83,83,83,89,89,89,82,82,84,122,120,120,126,126,126,126,126,130,130,130,130,130,130,135,138,141,142,146,146,150,120,122,119,158,158,158,162,166,166,170,174,174,31,174,174,174,168,129,129,179,189,189,181,187,187,171,165,165,193,185,193,193,193,193,193,197,197,197,197,159,134,134,134,197,197,197,180,197,197,197,201,205,210,210,210,218,218,218,218,218,218,226,226,228,228,228,228,222,222,224,228,230,230,236,236,236,236,236,236,236,182,238,238,238,208,208,238,240,240,240,227,239,242,242,242,246,246,242,248,248,248,248,248,248,248,248,248,248,248,248,248,248,248,248,0],"gold":277,"neow_bonus":"","is_prod":false,"is_daily":false,"chose_seed":false,"campfire_upgraded":4,"win_rate":0,"timestamp":1531997946,"path_taken":["M","M","?","?","$","R","?","E","T","R","E","M","?","M","R","BOSS","M","?","M","M","M","R","?","M","T","?","M","$","R","M","R","BOSS","M","?","M","?","?","R","?","R","T","?","R","?","?","M","R","BOSS","M","$","M","?","M","E","R","M","T","M","M","E","M","M","R","BOSS","M","?","?","?","$","R","M","R","E","M","$","?","M","?","R","BOSS","M","?","$","?","M","E","?","M","E","?","?","?","R","?","R","BOSS","M","$","M","M","?","R","M","M","E","?","?","M","?","E","R","BOSS","M","?","?","?","M","E","$","M","E","R","?","?","R","M","R","BOSS","M","$","?","?","?","E","R","?","E","R","$","M","?","M","R","BOSS","M","?","$","?","?","E","R","E","E","?","$","R","M","M","R","BOSS"],"build_version":"2018-07-18","purchased_purges":9,"victory":false,"max_hp_per_floor":[80,94,94,94,94,94,94,94,94,94,94,94,94,101,101,101,101,101,101,105,109,113,113,113,113,113,113,117,117,117,117,117,117,122,126,126,130,130,130,130,130,130,130,130,130,130,130,138,138,142,142,146,146,150,150,150,158,158,158,158,162,166,166,170,174,174,174,174,174,174,174,179,179,179,189,189,189,193,193,193,193,193,193,193,193,193,193,193,193,197,197,197,197,197,197,197,197,197,197,197,197,197,197,197,201,205,210,210,210,218,218,218,218,218,218,226,226,228,228,228,228,228,228,228,230,230,230,236,236,236,236,236,236,236,238,238,238,238,238,238,238,240,240,240,242,242,242,242,242,246,246,248,248,248,248,248,248,248,248,248,248,248,248,248,248,248,248,248,248],"card_choices":[{"not_picked":["Perfected Strike+1","Seeing Red"],"picked":"Rampage+1","floor":8},{"not_picked":["Heavy Blade+1","Clothesline+1","Bludgeon+1"],"picked":"SKIP","floor":11},{"not_picked":["Reaper+1","Offering"],"picked":"Feed+1","floor":16},{"not_picked":["Pommel Strike+1","Reckless Charge+1"],"picked":"Twin Strike+1","floor":34},{"not_picked":["Secret Technique+1","Chrysalis+1"],"picked":"Master of Strategy+1","floor":38},{"not_picked":["Double Tap+1","Impervious+1"],"picked":"Demon Form","floor":50},{"not_picked":["Rupture","Whirlwind+1"],"picked":"Anger+1","floor":57},{"not_picked":["Bludgeon+1","Entrench+1","Reckless Charge+1"],"picked":"SKIP","floor":63},{"not_picked":["Thunderclap+1","Perfected Strike+1"],"picked":"Anger+1","floor":66},{"not_picked":["Sever Soul+1","Thunderclap+1"],"picked":"Twin Strike+1","floor":76},{"not_picked":["Wild Strike+1","Iron Wave+1"],"picked":"Fire Breathing","floor":77},{"not_picked":["Brutality","Clothesline+1","Armaments+1"],"picked":"SKIP","floor":91},{"not_picked":["Warcry+1","Bloodletting+1"],"picked":"Clash+1","floor":94},{"not_picked":["Warcry+1","Whirlwind+1"],"picked":"Flame Barrier+1","floor":98},{"not_picked":["Shrug It Off+1","Juggernaut"],"picked":"Fire Breathing+1","floor":100},{"not_picked":["Perfected Strike+1","Havoc+1"],"picked":"Rage+1","floor":111},{"not_picked":["Perfected Strike+1","Warcry+1"],"picked":"Clash+1","floor":116},{"not_picked":["Iron Wave+1","Reckless Charge+1"],"picked":"Flex+1","floor":117},{"not_picked":["Feed+1","Limit Break+1","Double Tap+1"],"picked":"Singing Bowl","floor":118},{"not_picked":["Reckless Charge+1","Clothesline+1","Cleave+1"],"picked":"Singing Bowl","floor":125},{"not_picked":["Infernal Blade+1","Havoc+1","Cleave+1"],"picked":"Singing Bowl","floor":128},{"not_picked":["Immolate+1","Feed+1","Brutality"],"picked":"Singing Bowl","floor":135},{"not_picked":["Armaments+1","Shrug It Off+1","Twin Strike+1"],"picked":"Anger+1","floor":141},{"not_picked":["Twin Strike+1","Sword Boomerang+1","Barricade","Body Slam+1"],"picked":"Singing Bowl","floor":142},{"not_picked":["Body Slam+1","Havoc+1","Perfected Strike+1","Pommel Strike+1"],"picked":"Singing Bowl","floor":145},{"not_picked":["Impervious+1","Bludgeon+1","Juggernaut","Barricade"],"picked":"Singing Bowl","floor":152},{"not_picked":["Cleave+1","Corruption+1","Bludgeon+1","Seeing Red+1"],"picked":"Singing Bowl","floor":158},{"not_picked":["Cleave+1","Reaper+1","Disarm+1","Exhume+1"],"picked":"Singing Bowl","floor":159},{"not_picked":["Wild Strike+1","Thunderclap+1","Brutality+1","Immolate+1"],"picked":"Singing Bowl","floor":161},{"not_picked":["Headbutt+1","Perfected Strike+1","Cleave+1","Armaments+1"],"picked":"Singing Bowl","floor":162}],"player_experience":484156,"relics_obtained":[{"floor":1,"key":"Molten Egg 2"},{"floor":2,"key":"Mango"},{"floor":7,"key":"Ornamental Fan"},{"floor":8,"key":"Bag of Preparation"},{"floor":9,"key":"Matryoshka"},{"floor":11,"key":"Kunai"},{"floor":12,"key":"Ice Cream"},{"floor":14,"key":"Strawberry"},{"floor":16,"key":"Blood Vial"},{"floor":18,"key":"Gremlin Horn"},{"floor":20,"key":"Nunchaku"},{"floor":21,"key":"Calipers"},{"floor":22,"key":"Boot"},{"floor":25,"key":"Shuriken"},{"floor":26,"key":"Oddly Smooth Stone"},{"floor":26,"key":"Du-Vu Doll"},{"floor":28,"key":"Red Skull"},{"floor":31,"key":"Bronze Scales"},{"floor":33,"key":"Anchor"},{"floor":35,"key":"Torii"},{"floor":37,"key":"Toxic Egg 2"},{"floor":43,"key":"Bag of Marbles"},{"floor":43,"key":"Whetstone"},{"floor":44,"key":"Happy Flower"},{"floor":48,"key":"Potion Belt"},{"floor":50,"key":"Centennial Puzzle"},{"floor":52,"key":"Tiny Chest"},{"floor":54,"key":"Mercury Hourglass"},{"floor":56,"key":"The Courier"},{"floor":59,"key":"Dream Catcher"},{"floor":60,"key":"Juzu Bracelet"},{"floor":61,"key":"Pantograph"},{"floor":62,"key":"MawBank"},{"floor":64,"key":"Blue Candle"},{"floor":65,"key":"Art of War"},{"floor":67,"key":"Lantern"},{"floor":69,"key":"War Paint"},{"floor":75,"key":"Pear"},{"floor":78,"key":"Omamori"},{"floor":80,"key":"Enchiridion"},{"floor":81,"key":"Regal Pillow"},{"floor":84,"key":"Meat on the Bone"},{"floor":86,"key":"Mummified Hand"},{"floor":89,"key":"Sundial"},{"floor":90,"key":"Bottled Tornado"},{"floor":93,"key":"Self Forming Clay"},{"floor":101,"key":"Paper Frog"},{"floor":103,"key":"Orichalcum"},{"floor":105,"key":"Ancient Tea Set"},{"floor":106,"key":"Vajra"},{"floor":109,"key":"Letter Opener"},{"floor":110,"key":"Singing Bowl"},{"floor":114,"key":"Bottled Lightning"},{"floor":118,"key":"Dodecahedron"},{"floor":120,"key":"Darkstone Periapt"},{"floor":124,"key":"Smiling Mask"},{"floor":127,"key":"Magic Flower"},{"floor":133,"key":"Dead Branch"},{"floor":135,"key":"Question Card"},{"floor":137,"key":"Ginger"},{"floor":141,"key":"Peace Pipe"},{"floor":148,"key":"Old Coin"},{"floor":150,"key":"Thread and Needle"},{"floor":152,"key":"Bird Faced Urn"},{"floor":154,"key":"Pen Nib"},{"floor":158,"key":"Odd Mushroom"},{"floor":166,"key":"Circlet"},{"floor":167,"key":"Circlet"}],"event_choices":[{"event_name":"Living Wall","player_choice":"Forget","floor":3,"damage_taken":0},{"event_name":"Golden Wing","player_choice":"Card Removal","floor":4,"damage_taken":0},{"event_name":"Accursed Blacksmith","player_choice":"Forge","floor":13,"damage_taken":0},{"event_name":"Beggar","player_choice":"Gave Gold","floor":19,"damage_taken":0},{"event_name":"The Library","player_choice":"Read","floor":24,"damage_taken":0},{"event_name":"Duplicator","player_choice":"One dupe","floor":27,"damage_taken":0},{"event_name":"Purifier","player_choice":"One Purge","floor":36,"damage_taken":0},{"event_name":"SensoryStone","player_choice":"Memory 1","floor":38,"damage_taken":0},{"event_name":"Tomb of Lord Red Mask","player_choice":"Ignored","floor":39,"damage_taken":0},{"event_name":"Mysterious Sphere","player_choice":"Ignore","floor":41,"damage_taken":0},{"event_name":"Upgrade Shrine","player_choice":"Skipped","floor":46,"damage_taken":0},{"event_name":"Match and Keep!","player_choice":"1 cards matched","floor":47,"damage_taken":0},{"event_name":"Shining Light","player_choice":"Entered Light","floor":55,"damage_taken":0},{"event_name":"Ghosts","player_choice":"Ignored","floor":70,"damage_taken":0},{"event_name":"Nest","player_choice":"Joined the Cult","floor":71,"damage_taken":0},{"event_name":"Forgotten Altar","player_choice":"Shed Blood","floor":72,"damage_taken":0},{"event_name":"Cursed Tome","player_choice":"Obtained Book","floor":80,"damage_taken":0},{"event_name":"Back to Basics","player_choice":"Elegance","floor":82,"damage_taken":0},{"event_name":"SensoryStone","player_choice":"Memory 1","floor":87,"damage_taken":0},{"event_name":"MindBloom","player_choice":"Fight","floor":89,"damage_taken":0},{"event_name":"Tomb of Lord Red Mask","player_choice":"Ignored","floor":92,"damage_taken":0},{"event_name":"Winding Halls","player_choice":"Embrace Madness","floor":95,"damage_taken":0},{"event_name":"Falling","player_choice":"Removed Skill","floor":96,"damage_taken":0},{"event_name":"Mysterious Sphere","player_choice":"Ignore","floor":97,"damage_taken":0},{"event_name":"Match and Keep!","player_choice":"0 cards matched","floor":99,"damage_taken":0},{"event_name":"Big Fish","player_choice":"Donut","floor":107,"damage_taken":0},{"event_name":"Dead Adventurer","player_choice":"Searched \u00270\u0027 times","floor":112,"damage_taken":0},{"event_name":"Transmorgrifier","player_choice":"Transform","floor":113,"damage_taken":0},{"event_name":"The Cleric","player_choice":"Card Removal","floor":115,"damage_taken":0},{"event_name":"The Library","player_choice":"Read","floor":121,"damage_taken":0},{"event_name":"Nest","player_choice":"Joined the Cult","floor":122,"damage_taken":0},{"event_name":"The Mausoleum","player_choice":"No","floor":123,"damage_taken":0},{"event_name":"N\u0027loth","player_choice":"Traded a Sozu","floor":130,"damage_taken":0},{"event_name":"FaceTrader","player_choice":"Trade","floor":131,"damage_taken":0},{"event_name":"Winding Halls","player_choice":"Embrace Madness","floor":139,"damage_taken":0},{"event_name":"Purifier","player_choice":"One Purge","floor":140,"damage_taken":0},{"event_name":"MindBloom","player_choice":"Fight","floor":141,"damage_taken":0},{"event_name":"The Woman in Blue","player_choice":"Bought 0 Potions","floor":144,"damage_taken":0},{"event_name":"Falling","player_choice":"Removed Power","floor":149,"damage_taken":0},{"event_name":"Dead Adventurer","player_choice":"Searched \u00270\u0027 times","floor":155,"damage_taken":0},{"event_name":"Big Fish","player_choice":"Donut","floor":157,"damage_taken":0},{"event_name":"Mushrooms","player_choice":"Fought Mushrooms","floor":158,"damage_taken":0},{"event_name":"The Lab","player_choice":"Got Potions","floor":163,"damage_taken":0}],"is_beta":true,"boss_relics":[{"not_picked":["Astrolabe","White Beast Statue"],"picked":"Sozu"},{"not_picked":["Black Star","Runic Cube"],"picked":"Tiny House"},{"not_picked":["Velvet Choker","Mark of Pain"],"picked":"Runic Dome"},{"not_picked":["Runic Cube","Ectoplasm"],"picked":"Fusion Hammer"},{"not_picked":["Mark of Pain","Velvet Choker"],"picked":"Black Star"},{"not_picked":["White Beast Statue","Runic Pyramid"],"picked":"Eternal Feather"},{"not_picked":["Velvet Choker","Pandora\u0027s Box"],"picked":"Coffee Dripper"},{"not_picked":["Runic Pyramid","Mark of Pain"],"picked":"Empty Cage"},{"not_picked":["Snecko Eye","Cursed Key"],"picked":"Philosopher\u0027s Stone"}],"items_purged_floors":[29,53,79,104,126,138,147,156,164],"is_endless":true,"potions_floor_spawned":[1,14,16,20,28,33,35,44,52,56,61,64,65,69,75,77,84,89,90,93,103,114,116,118,120,125,135,141,142,148,150,154,159,162,166],"killed_by":"Hexaghost","ascension_level":0}