{"gold_per_floor":[116,191,207,207,224,224,235,235,235,235,249,261,275,293,293,394,394],"floor_reached":17,"playtime":537,"items_purged":[],"score":151,"play_id":"40ccf19a-9d58-4b4d-b952-00881b067a63","local_time":"20181218045011","is_ascension_mode":false,"campfire_choices":[{"data":"Clash","floor":6,"key":"SMITH"},{"floor":8,"key":"REST"},{"data":"Flex","floor":10,"key":"SMITH"},{"floor":15,"key":"REST"}],"neow_cost":"NONE","seed_source_timestamp":433634483825649,"circlet_count":0,"master_deck":["Strike_R","Strike_R","Strike_R","Strike_R","Strike_R","Defend_R","Defend_R","Defend_R","Bash","Clash+1","Flex+1","Flex","Thunderclap","Berserk"],"relics":["Burning Blood","Pantograph"],"potions_floor_usage":[14,16],"damage_taken":[{"damage":10,"enemies":"Small Slimes","floor":1,"turns":3},{"damage":0,"enemies":"2 Louse","floor":3,"turns":2},{"damage":6,"enemies":"Cultist","floor":5,"turns":3},{"damage":38,"enemies":"Gremlin Gang","floor":7,"turns":5},{"damage":11,"enemies":"Large Slime","floor":11,"turns":5},{"damage":9,"enemies":"2 Fungi Beasts","floor":12,"turns":3},{"damage":10,"enemies":"Looter","floor":13,"turns":3},{"damage":19,"enemies":"Gremlin Gang","floor":14,"turns":4},{"damage":77,"enemies":"Hexaghost","floor":16,"turns":9}],"seed_played":"5080466534091871223","potions_obtained":[{"floor":1,"key":"Dexterity Potion"},{"floor":3,"key":"Regen Potion"},{"floor":5,"key":"SteroidPotion"}],"is_trial":false,"path_per_floor":["M","?","M","?","M","R","M","R","T","R","M","M","M","M","R","B",null],"character_chosen":"IRONCLAD","items_purchased":[],"campfire_rested":2,"item_purchase_floors":[],"current_hp_per_floor":[76,65,71,71,71,71,39,63,63,63,58,55,51,38,62,19,19],"gold":394,"neow_bonus":"REMOVE_CARD","is_prod":false,"is_daily":false,"chose_seed":false,"campfire_upgraded":2,"win_rate":0,"timestamp":1545126611,"path_taken":["M","?","M","?","M","R","?","R","T","R","M","M","?","M","R","BOSS"],"build_version":"2018-12-13","purchased_purges":0,"victory":false,"max_hp_per_floor":[80,80,80,80,80,80,80,80,80,80,80,80,80,80,80,80,80],"card_choices":[{"not_picked":["Disarm","Wild Strike"],"picked":"Clash","floor":1},{"not_picked":["Headbutt","Warcry"],"picked":"Flex","floor":3},{"not_picked":["Pommel Strike","Sword Boomerang"],"picked":"Flex","floor":5},{"not_picked":["Cleave","Anger","Twin Strike"],"picked":"SKIP","floor":7},{"not_picked":["Battle Trance","Anger"],"picked":"Thunderclap","floor":11},{"not_picked":["Barricade","Fire Breathing","Wild Strike"],"picked":"SKIP","floor":12},{"not_picked":["Uppercut","Sever Soul","Iron Wave"],"picked":"SKIP","floor":13},{"not_picked":["Rage","Disarm","Pummel"],"picked":"SKIP","floor":14},{"not_picked":["Fiend Fire","Barricade"],"picked":"Berserk","floor":16}],"player_experience":320295,"relics_obtained":[{"floor":9,"key":"Pantograph"}],"event_choices":[{"damage_healed":0,"gold_gain":75,"player_choice":"Gather Gold","damage_taken":11,"max_hp_gain":0,"max_hp_loss":0,"event_name":"World of Goop","floor":2,"gold_loss":0},{"damage_healed":0,"gold_gain":0,"player_choice":"0 cards matched","damage_taken":0,"max_hp_gain":0,"max_hp_loss":0,"event_name":"Match and Keep!","floor":4,"gold_loss":0,"cards_obtained":[]}],"is_beta":false,"boss_relics":[],"items_purged_floors":[],"is_endless":false,"potions_floor_spawned":[1,3,5,11],"ascension_level":0}