{"gold_per_floor":[12,12,12,30,49,49,78,78,78,78,97,45,61,89,89,89],"floor_reached":16,"playtime":882,"items_purged":[],"score":220,"play_id":"205500d6-a0d4-46f4-8398-c1c957b1e305","local_time":"20190219223320","is_ascension_mode":true,"campfire_choices":[{"data":"Zap","floor":6,"key":"SMITH"},{"floor":8,"key":"REST"},{"data":"Gash","floor":10,"key":"SMITH"},{"data":"Seek","floor":15,"key":"SMITH"}],"neow_cost":"NO_GOLD","seed_source_timestamp":1168284463344600,"circlet_count":0,"master_deck":["AscendersBane","Strike_B","Strike_B","Strike_B","Strike_B","Defend_B","Defend_B","Defend_B","Defend_B","Zap+1","Dualcast","Seek+1","Glacier","Gash+1","Cold Snap","Glacier","Redo","Static Discharge","Core Surge"],"relics":["Cracked Core","The Courier","Bottled Flame","Turnip"],"potions_floor_usage":[7,16],"damage_taken":[{"damage":7,"enemies":"Jaw Worm","floor":1,"turns":3},{"damage":2,"enemies":"Small Slimes","floor":4,"turns":5},{"damage":11,"enemies":"2 Louse","floor":5,"turns":5},{"damage":29,"enemies":"3 Sentries","floor":7,"turns":23},{"damage":7,"enemies":"Exordium Wildlife","floor":11,"turns":4},{"damage":0,"enemies":"Large Slime","floor":13,"turns":6},{"damage":13,"enemies":"Lagavulin","floor":14,"turns":8},{"damage":30,"enemies":"Slime Boss","floor":16,"turns":10}],"seed_played":"3938388355355693649","potions_obtained":[{"floor":1,"key":"PowerPotion"},{"floor":13,"key":"Block Potion"}],"is_trial":false,"path_per_floor":["M","?","?","M","M","R","E","R","T","R","M","?","M","E","R","B"],"character_chosen":"DEFECT","items_purchased":[],"campfire_rested":1,"item_purchase_floors":[],"current_hp_per_floor":[57,57,57,55,44,44,15,36,36,36,29,29,29,16,16,0],"gold":89,"neow_bonus":"THREE_RARE_CARDS","is_prod":false,"is_daily":false,"chose_seed":false,"campfire_upgraded":3,"win_rate":0,"timestamp":1550644400,"path_taken":["M","?","?","M","M","R","E","R","T","R","M","?","M","E","R","BOSS"],"build_version":"2019-01-23","purchased_purges":0,"victory":false,"max_hp_per_floor":[71,71,71,71,71,71,71,71,71,71,71,71,71,71,71,71],"card_choices":[{"not_picked":["Meteor Strike","Fission"],"picked":"Seek","floor":0},{"not_picked":["Force Field","Barrage"],"picked":"Glacier","floor":1},{"not_picked":["Streamline","Coolheaded"],"picked":"Gash","floor":4},{"not_picked":["Melter","Sunder"],"picked":"Cold Snap","floor":5},{"not_picked":["Coolheaded","Compile Driver"],"picked":"Glacier","floor":7},{"not_picked":["Leap","Barrage"],"picked":"Redo","floor":11},{"not_picked":["Doom and Gloom","Steam Power"],"picked":"Static Discharge","floor":13},{"not_picked":["Compile Driver","Rebound"],"picked":"Core Surge","floor":14}],"player_experience":743445,"relics_obtained":[{"floor":7,"key":"The Courier"},{"floor":9,"key":"Bottled Flame"},{"floor":14,"key":"Turnip"}],"event_choices":[{"damage_healed":0,"gold_gain":0,"player_choice":"Leave","damage_taken":0,"max_hp_gain":0,"max_hp_loss":0,"event_name":"The Cleric","floor":2,"gold_loss":0},{"damage_healed":0,"gold_gain":0,"player_choice":"Ignored","damage_taken":0,"max_hp_gain":0,"max_hp_loss":0,"event_name":"Liars Game","floor":3,"gold_loss":0},{"damage_healed":0,"gold_gain":0,"player_choice":"Left Gold","damage_taken":0,"max_hp_gain":0,"max_hp_loss":0,"event_name":"World of Goop","floor":12,"gold_loss":52}],"is_beta":false,"boss_relics":[],"items_purged_floors":[],"is_endless":false,"potions_floor_spawned":[1,13],"killed_by":"Slime Boss","ascension_level":20}