{"gold_per_floor":[117,192,212,28,28,40,79,91,103,115,77,89,111,149,161,273,285,312,324,354,379,411,423,446,458,470,175,274,223,223,223,223,323,323,334,434,447,460,460,460,460,460,460,460,470,181,195,212,212,212],"floor_reached":51,"playtime":3540,"items_purged":["Strike_G","Decay"],"score":683,"play_id":"a4134e9f-d3e0-45d0-8ff7-38da67e99ca7","local_time":"20190212220051","is_ascension_mode":true,"campfire_choices":[{"floor":6,"key":"REST"},{"data":"Neutralize","floor":8,"key":"SMITH"},{"floor":10,"key":"REST"},{"floor":15,"key":"REST"},{"floor":23,"key":"REST"},{"floor":25,"key":"REST"},{"floor":32,"key":"REST"},{"data":"Accuracy","floor":40,"key":"SMITH"},{"data":"Infinite Blades","floor":42,"key":"SMITH"},{"data":"Cloak And Dagger","floor":44,"key":"SMITH"},{"data":"Infinite Blades","floor":49,"key":"SMITH"}],"neow_cost":"NONE","seed_source_timestamp":517079891524345,"circlet_count":0,"master_deck":["Defend_G","Defend_G","Defend_G","Defend_G","Defend_G","Strike_G","Strike_G+1","Strike_G","Survivor","Neutralize+1","Predator","Slice","Endless Agony+1","Leg Sweep","Footwork","Accuracy+1","Finisher+1","Venomology","Sucker Punch+1","Backflip","Cloak And Dagger+1","PiercingWail","Infinite Blades+1","Cloak And Dagger","Cloak And Dagger+1","Outmaneuver+1","Noxious Fumes+1","Madness","Madness","Heel Hook+1","Infinite Blades+1","Choke+1"],"relics":["WristBlade","MawBank","Molten Egg 2","Vajra","Whetstone","Snake Skull","Philosopher\u0027s Stone","Mummified Hand","Toy Ornithopter","Eternal Feather","Dead Branch","Ginger","Bag of Marbles"],"potions_floor_usage":[16,20,20,22,24,24,31,33,33,33,38,47,50,50],"damage_taken":[{"damage":7,"enemies":"Jaw Worm","floor":1,"turns":7},{"damage":0,"enemies":"2 Louse","floor":3,"turns":2},{"damage":20,"enemies":"Gremlin Nob","floor":7,"turns":4},{"damage":0,"enemies":"Small Slimes","floor":13,"turns":3},{"damage":25,"enemies":"3 Sentries","floor":14,"turns":4},{"damage":39,"enemies":"Slime Boss","floor":16,"turns":15},{"damage":20,"enemies":"2 Thieves","floor":18,"turns":4},{"damage":17,"enemies":"3 Byrds","floor":20,"turns":5},{"damage":9,"enemies":"Cultist and Chosen","floor":21,"turns":9},{"damage":4,"enemies":"Centurion and Healer","floor":22,"turns":5},{"damage":17,"enemies":"Snecko","floor":24,"turns":6},{"damage":8,"enemies":"Colosseum Slavers","floor":31,"turns":4},{"damage":64,"enemies":"Collector","floor":33,"turns":15},{"damage":10,"enemies":"3 Darklings","floor":35,"turns":8},{"damage":0,"enemies":"Mind Bloom Boss Battle","floor":36,"turns":3},{"damage":0,"enemies":"Orb Walker","floor":37,"turns":2},{"damage":0,"enemies":"4 Shapes","floor":38,"turns":5},{"damage":16,"enemies":"Writhing Mass","floor":45,"turns":5},{"damage":0,"enemies":"Spire Growth","floor":47,"turns":2},{"damage":0,"enemies":"Maw","floor":48,"turns":4},{"damage":20,"enemies":"Donu and Deca","floor":50,"turns":6}],"seed_played":"-8902031538473997751","potions_obtained":[{"floor":1,"key":"SteroidPotion"},{"floor":13,"key":"Swift Potion"},{"floor":14,"key":"Weak Potion"},{"floor":18,"key":"GhostInAJar"},{"floor":22,"key":"PowerPotion"},{"floor":35,"key":"Ancient Potion"}],"is_trial":false,"path_per_floor":["M","?","M","$","?","R","E","R","T","R","?","T","M","E","R","B",null,"M","?","M","M","M","R","M","R","T","$","?","$","?","?","R","B",null,"M","?","M","M","?","R","?","R","T","R","M","$","M","M","R","B",null],"character_chosen":"THE_SILENT","items_purchased":["Endless Agony","Leg Sweep","Footwork","Infinite Blades","Toy Ornithopter","Cloak And Dagger","Infinite Blades","Bag of Marbles"],"campfire_rested":6,"item_purchase_floors":[4,4,4,27,27,29,46,46],"current_hp_per_floor":[63,52,52,52,34,55,35,35,35,56,56,56,56,31,52,13,70,50,43,26,17,13,34,17,38,38,38,38,38,38,35,56,7,70,60,60,60,65,56,70,70,70,70,70,54,54,59,59,70,60],"gold":212,"neow_bonus":"BOSS_RELIC","is_prod":false,"is_daily":false,"chose_seed":false,"campfire_upgraded":5,"win_rate":0,"timestamp":1550026851,"path_taken":["M","?","M","$","?","R","E","R","T","R","?","?","?","E","R","BOSS","M","?","M","?","M","R","M","R","T","$","?","$","?","?","R","BOSS","M","?","M","M","?","R","?","R","T","R","M","$","M","M","R","BOSS"],"build_version":"2019-01-23","purchased_purges":2,"victory":true,"max_hp_per_floor":[70,70,70,70,70,70,70,70,70,70,70,70,70,70,70,70,70,70,70,70,70,70,70,70,70,70,70,70,70,70,70,70,70,70,70,70,70,70,70,70,70,70,70,70,70,70,70,70,70,70],"card_choices":[{"not_picked":["Outmaneuver","Dodge and Roll"],"picked":"Predator","floor":1},{"not_picked":["Underhanded Strike","Flying Knee"],"picked":"Slice","floor":3},{"not_picked":["Prepared","Bouncing Flask"],"picked":"Accuracy","floor":7},{"not_picked":["Blur","Deadly Poison"],"picked":"Finisher+1","floor":13},{"not_picked":["Underhanded Strike+1","Deflect","Heel Hook+1"],"picked":"SKIP","floor":14},{"not_picked":["Burst","Wraith Form v2"],"picked":"Venomology","floor":16},{"not_picked":["Finisher+1","Underhanded Strike+1"],"picked":"Sucker Punch+1","floor":18},{"not_picked":["Quick Slash+1","Dagger Spray+1"],"picked":"Backflip","floor":20},{"not_picked":["Sucker Punch+1","Caltrops+1"],"picked":"Cloak And Dagger+1","floor":21},{"not_picked":["Eviscerate+1","Flying Knee+1"],"picked":"PiercingWail","floor":22},{"not_picked":["Poisoned Stab+1","Footwork","Riddle With Holes+1"],"picked":"SKIP","floor":24},{"not_picked":["Poisoned Stab+1","Outmaneuver+1","Caltrops"],"picked":"SKIP","floor":35},{"not_picked":["All Out Attack+1","Sucker Punch+1"],"picked":"Cloak And Dagger","floor":36},{"not_picked":["Venomology","Dagger Spray+1"],"picked":"Outmaneuver+1","floor":37},{"not_picked":["Dagger Spray+1","Deadly Poison+1"],"picked":"Noxious Fumes+1","floor":38},{"not_picked":["Poisoned Stab+1","Dagger Spray+1"],"picked":"Heel Hook+1","floor":45},{"not_picked":["Deadly Poison","Escape Plan","Terror"],"picked":"SKIP","floor":47},{"not_picked":["Bane+1","Heel Hook+1"],"picked":"Choke+1","floor":48}],"player_experience":179715,"relics_obtained":[{"floor":7,"key":"Molten Egg 2"},{"floor":9,"key":"Vajra"},{"floor":12,"key":"Whetstone"},{"floor":14,"key":"Snake Skull"},{"floor":26,"key":"Mummified Hand"},{"floor":36,"key":"Dead Branch"},{"floor":43,"key":"Ginger"}],"event_choices":[{"damage_healed":0,"gold_gain":75,"player_choice":"Gather Gold","damage_taken":11,"max_hp_gain":0,"max_hp_loss":0,"event_name":"World of Goop","floor":2,"gold_loss":0},{"damage_healed":0,"gold_gain":0,"player_choice":"Success","damage_taken":18,"relics_obtained":["MawBank"],"max_hp_gain":0,"max_hp_loss":0,"event_name":"Scrap Ooze","floor":5,"gold_loss":0},{"cards_removed":["Strike_G"],"damage_healed":0,"gold_gain":0,"player_choice":"Card Removal","damage_taken":0,"max_hp_gain":0,"max_hp_loss":0,"event_name":"The Cleric","floor":11,"gold_loss":50},{"damage_healed":0,"gold_gain":0,"player_choice":"","damage_taken":7,"max_hp_gain":0,"max_hp_loss":0,"event_name":"Knowing Skull","floor":19,"potions_obtained":[],"gold_loss":0,"cards_obtained":[]},{"damage_healed":0,"gold_gain":99,"player_choice":"Stole From Cult","damage_taken":0,"max_hp_gain":0,"max_hp_loss":0,"event_name":"Nest","floor":28,"gold_loss":0},{"damage_healed":0,"gold_gain":0,"player_choice":"Smashed Altar","damage_taken":0,"max_hp_gain":0,"max_hp_loss":0,"event_name":"Forgotten Altar","floor":30,"gold_loss":0,"cards_obtained":["Decay"]},{"damage_healed":0,"gold_gain":0,"player_choice":"Fight","damage_taken":0,"max_hp_gain":0,"max_hp_loss":0,"event_name":"Colosseum","floor":31,"gold_loss":0},{"damage_healed":0,"gold_gain":0,"player_choice":"Fled From Nobs","damage_taken":0,"max_hp_gain":0,"max_hp_loss":0,"event_name":"Colosseum","floor":31,"gold_loss":0},{"damage_healed":0,"gold_gain":0,"player_choice":"Fight","damage_taken":0,"max_hp_gain":0,"max_hp_loss":0,"event_name":"MindBloom","floor":36,"gold_loss":0},{"damage_healed":0,"gold_gain":0,"player_choice":"Embrace Madness","damage_taken":9,"max_hp_gain":0,"max_hp_loss":0,"event_name":"Winding Halls","floor":39,"gold_loss":0,"cards_obtained":["Madness","Madness"]},{"damage_healed":0,"gold_gain":0,"player_choice":"Ignored","damage_taken":0,"max_hp_gain":0,"max_hp_loss":0,"event_name":"Tomb of Lord Red Mask","floor":41,"gold_loss":0}],"is_beta":false,"boss_relics":[{"not_picked":["White Beast Statue","Snecko Eye"],"picked":"Philosopher\u0027s Stone"},{"not_picked":["Cursed Key","Sozu"],"picked":"Eternal Feather"}],"items_purged_floors":[27,46],"is_endless":false,"potions_floor_spawned":[1,13,14,18,21,22,35,36],"ascension_level":1}