{"gold_per_floor":[109,128,128,146,166,166,193,193,193,193,225,225],"floor_reached":12,"playtime":458,"items_purged":[],"score":110,"play_id":"2611a883-2f23-4d99-8297-6257536af795","local_time":"20190117222943","is_ascension_mode":true,"campfire_choices":[{"data":"Pummel","floor":6,"key":"SMITH"},{"data":"Evolve","floor":8,"key":"SMITH"},{"data":"Corruption","floor":10,"key":"SMITH"}],"neow_cost":"NONE","seed_source_timestamp":627051300756000,"circlet_count":0,"master_deck":["Strike_R","Strike_R","Strike_R","Strike_R","Defend_R","Defend_R","Defend_R","Defend_R","Bash","Evolve+1","Headbutt","Sword Boomerang","Rupture","Pummel+1","Corruption+1","Heavy Blade"],"relics":["Burning Blood","Dodecahedron","Toxic Egg 2","The Courier"],"potions_floor_usage":[5],"damage_taken":[{"damage":3,"enemies":"Jaw Worm","floor":1,"turns":5},{"damage":1,"enemies":"Cultist","floor":2,"turns":4},{"damage":2,"enemies":"2 Louse","floor":4,"turns":3},{"damage":2,"enemies":"Looter","floor":5,"turns":4},{"damage":71,"enemies":"Lagavulin","floor":7,"turns":7},{"damage":20,"enemies":"Gremlin Nob","floor":11,"turns":4},{"damage":10,"enemies":"Gremlin Gang","floor":12,"turns":2}],"seed_played":"-7765853448698230029","potions_obtained":[{"floor":1,"key":"Explosive Potion"}],"is_trial":false,"path_per_floor":["M","M","?","M","M","R","E","R","T","R","E","M"],"character_chosen":"IRONCLAD","items_purchased":[],"campfire_rested":0,"item_purchase_floors":[],"current_hp_per_floor":[88,88,88,88,88,88,23,23,23,23,9,0],"gold":225,"neow_bonus":"TEN_PERCENT_HP_BONUS","is_prod":false,"is_daily":false,"chose_seed":false,"campfire_upgraded":3,"win_rate":0,"timestamp":1547792983,"path_taken":["M","M","?","?","M","R","E","R","T","R","E","?"],"build_version":"2019-01-17","purchased_purges":0,"victory":false,"max_hp_per_floor":[88,88,88,88,88,88,88,88,88,88,88,88],"card_choices":[{"not_picked":["Carnage","Warcry"],"picked":"Evolve","floor":1},{"not_picked":["Searing Blow","Perfected Strike"],"picked":"Headbutt","floor":2},{"not_picked":["Anger","Hemokinesis"],"picked":"Rupture","floor":4},{"not_picked":["Havoc","Warcry"],"picked":"Pummel","floor":5},{"not_picked":["Wild Strike","Rage"],"picked":"Corruption","floor":7},{"not_picked":["Perfected Strike","Wild Strike"],"picked":"Heavy Blade","floor":11}],"player_experience":528336,"relics_obtained":[{"floor":7,"key":"Dodecahedron"},{"floor":9,"key":"Toxic Egg 2"},{"floor":11,"key":"The Courier"}],"event_choices":[{"damage_healed":0,"gold_gain":0,"cards_transformed":["Strike_R"],"player_choice":"Transformed","damage_taken":0,"max_hp_gain":0,"max_hp_loss":0,"event_name":"Transmorgrifier","floor":3,"gold_loss":0,"cards_obtained":["Sword Boomerang"]}],"is_beta":false,"boss_relics":[],"items_purged_floors":[],"is_endless":false,"potions_floor_spawned":[1],"killed_by":"Gremlin Gang","ascension_level":5}