{"gold_per_floor":[115,130,130,23,42,71,71,99,147,147,172,172,207,207,207,311,311,321,321,246,246,25,55,55,82,155,482,482,513,527,527,527,658,658,674,721,738,291,291,321,321,360,372,35,65,65,95,113,113,113],"floor_reached":51,"playtime":1513,"items_purged":[],"score":1536,"play_id":"708dd1ab-73d2-4a65-8ec5-41bb8cccf910","local_time":"20180728035919","daily_mods":["Draft","Elite Swarm","Lethality","Vintage","Hoarder"],"is_ascension_mode":false,"campfire_choices":[{"floor":7,"key":"DIG"},{"floor":10,"key":"DIG"},{"data":"After Image","floor":12,"key":"SMITH"},{"data":"Blade Dance","floor":15,"key":"SMITH"},{"data":"Blade Dance","floor":24,"key":"SMITH"},{"floor":28,"key":"DIG"},{"floor":32,"key":"DIG"},{"floor":41,"key":"DIG"},{"floor":46,"key":"DIG"},{"floor":49,"key":"DIG"}],"neow_cost":"","seed_source_timestamp":0,"circlet_count":0,"master_deck":["Expertise+1","Expertise","Expertise","Poisoned Stab","Poisoned Stab","Poisoned Stab","Deadly Poison","Deadly Poison","Deadly Poison","Dagger Spray","Dagger Spray","Dagger Spray","Finisher","Finisher","Finisher+1","Slice","Slice","Slice","Acrobatics","Acrobatics","Acrobatics","Cloak And Dagger","Cloak And Dagger","Cloak And Dagger","Slice","Slice","Slice","Calculated Gamble","Calculated Gamble","Calculated Gamble","Tactician","Tactician","Tactician","Underhanded Strike","Underhanded Strike","Underhanded Strike","Endless Agony","Endless Agony","Endless Agony","Deadly Poison","Deadly Poison","Deadly Poison","Eviscerate","Eviscerate","Blade Dance+1","Blade Dance","Blade Dance+1","Flechettes","Flechettes","Flechettes","Adrenaline","Adrenaline","Adrenaline","After Image","After Image","After Image+1","Burst+1","Burst","Burst","Adrenaline","Adrenaline","Adrenaline","Endless Agony","Endless Agony","Endless Agony","Adrenaline","Adrenaline","Adrenaline","Corpse Explosion","Corpse Explosion","Corpse Explosion","Eviscerate+1","Eviscerate+1","Eviscerate+1","Flash of Steel+1","Flash of Steel","Flash of Steel","Adrenaline","Adrenaline","Adrenaline","Acrobatics","Acrobatics","Acrobatics","Adrenaline","Adrenaline","Adrenaline","After Image+1","After Image+1","After Image+1"],"relics":["Ring of the Snake","Letter Opener","Blood Vial","Shovel","Boot","Oddly Smooth Stone","Incense Burner","Pen Nib","Calipers","Juzu Bracelet","Ginger","Strawberry","Regal Pillow","Philosopher\u0027s Stone","Lantern","Meat on the Bone","War Paint","Torii","Mercury Hourglass","Kunai","Old Coin","Mango","Bag of Marbles","Frozen Egg 2","Nunchaku","Tiny Chest","Runic Dome","Orichalcum","Omamori","Vajra","Sling","Question Card","MawBank","Tough Bandages","Sundial","Ancient Tea Set","Centennial Puzzle","Whetstone","Snake Skull","Darkstone Periapt","Anchor","Matryoshka"],"potions_floor_usage":[6],"damage_taken":[{"damage":0,"enemies":"Cultist","floor":1,"turns":1},{"damage":0,"enemies":"Jaw Worm","floor":2,"turns":1},{"damage":0,"enemies":"Small Slimes","floor":5,"turns":1},{"damage":11,"enemies":"3 Sentries","floor":6,"turns":3},{"damage":14,"enemies":"Lagavulin","floor":8,"turns":3},{"damage":0,"enemies":"3 Sentries","floor":11,"turns":1},{"damage":0,"enemies":"Gremlin Nob","floor":13,"turns":2},{"damage":13,"enemies":"Hexaghost","floor":16,"turns":5},{"damage":0,"enemies":"Shell Parasite","floor":18,"turns":1},{"damage":0,"enemies":"Slavers","floor":23,"turns":1},{"damage":29,"enemies":"Gremlin Leader","floor":25,"turns":3},{"damage":12,"enemies":"Slavers","floor":27,"turns":3},{"damage":0,"enemies":"Book of Stabbing","floor":29,"turns":1},{"damage":0,"enemies":"Spheric Guardian","floor":30,"turns":1},{"damage":0,"enemies":"Collector","floor":33,"turns":1},{"damage":0,"enemies":"Orb Walker","floor":35,"turns":2},{"damage":0,"floor":36,"turns":1},{"damage":0,"enemies":"3 Shapes","floor":37,"turns":2},{"damage":0,"enemies":"Giant Head","floor":40,"turns":3},{"damage":0,"enemies":"Nemesis","floor":42,"turns":1},{"damage":0,"enemies":"Giant Head","floor":45,"turns":1},{"damage":0,"enemies":"2 Orb Walkers","floor":47,"turns":2},{"damage":0,"enemies":"3 Darklings","floor":48,"turns":2},{"damage":0,"enemies":"Awakened One","floor":50,"turns":3}],"seed_played":"-2682323638757184797","potions_obtained":[{"floor":5,"key":"Block Potion"},{"floor":8,"key":"FairyPotion"},{"floor":16,"key":"Regen Potion"},{"floor":25,"key":"GhostInAJar"}],"is_trial":true,"path_per_floor":["M","M","?","$","M","E","R","E","T","R","E","R","E","?","R","B",null,"M","?","?","?","$","E","R","E","T","E","R","E","M","?","R","B",null,"M","?","M","$","?","E","R","E","T","$","E","R","E","M","R","B"],"character_chosen":"THE_SILENT","items_purchased":["Blade Dance","Flechettes","War Paint","Endless Agony","Flash of Steel","Vajra","Sling","Ancient Tea Set","Acrobatics","Centennial Puzzle"],"campfire_rested":0,"item_purchase_floors":[4,4,22,22,38,38,38,44,44,44],"current_hp_per_floor":[70,70,70,70,70,59,59,47,47,47,49,49,51,58,58,47,77,77,63,63,63,63,65,65,50,50,52,66,68,70,70,70,72,96,96,96,96,96,96,96,96,96,96,96,96,96,96,96,96,96],"gold":113,"neow_bonus":"","is_prod":false,"is_daily":false,"chose_seed":false,"campfire_upgraded":3,"win_rate":0,"timestamp":1532717959,"path_taken":["M","?","?","$","M","E","R","E","T","R","E","R","E","?","R","BOSS","M","?","?","?","$","E","R","E","T","E","R","E","M","?","R","BOSS","M","?","M","$","?","E","R","E","T","?","E","R","E","M","R","BOSS"],"build_version":"2018-07-26","purchased_purges":0,"victory":true,"max_hp_per_floor":[70,70,70,70,70,70,70,70,70,70,70,70,70,77,77,77,77,77,82,82,82,82,82,82,82,82,82,96,96,96,96,96,96,96,96,96,96,96,96,96,96,96,96,96,96,96,96,96,96,96],"card_choices":[{"not_picked":["Flying Knee","Dagger Throw"],"picked":"Expertise","floor":0},{"not_picked":["Riddle With Holes","Expertise"],"picked":"Poisoned Stab","floor":0},{"not_picked":["Choke","Backstab"],"picked":"Deadly Poison","floor":0},{"not_picked":["Outmaneuver","PiercingWail"],"picked":"Dagger Spray","floor":0},{"not_picked":["Underhanded Strike","Endless Agony"],"picked":"Finisher","floor":0},{"not_picked":["Dagger Throw","Sucker Punch"],"picked":"Slice","floor":0},{"not_picked":["Sucker Punch","Dagger Spray"],"picked":"Acrobatics","floor":0},{"not_picked":["Dodge and Roll","Underhanded Strike"],"picked":"Cloak And Dagger","floor":0},{"not_picked":["Bouncing Flask","Infinite Blades"],"picked":"Slice","floor":0},{"not_picked":["Prepared","All Out Attack"],"picked":"Calculated Gamble","floor":0},{"not_picked":["Flying Knee","Poisoned Stab"],"picked":"Tactician","floor":0},{"not_picked":["Bane","Accuracy"],"picked":"Underhanded Strike","floor":0},{"not_picked":["Acrobatics","Quick Slash"],"picked":"Endless Agony","floor":0},{"not_picked":["Deflect","Dagger Spray"],"picked":"Deadly Poison","floor":0},{"not_picked":["Flying Knee","Sucker Punch"],"picked":"Eviscerate","floor":0},{"not_picked":["Envenom","Die Die Die"],"picked":"Adrenaline","floor":6},{"not_picked":["Wraith Form v2","Die Die Die","Unload"],"picked":"SKIP","floor":8},{"not_picked":["Corpse Explosion","Die Die Die"],"picked":"After Image","floor":11},{"not_picked":["Phantasmal Killer","Night Terror"],"picked":"Burst","floor":13},{"not_picked":["A Thousand Cuts","Unload"],"picked":"Adrenaline","floor":16},{"not_picked":["Phantasmal Killer","Night Terror","Die Die Die"],"picked":"SKIP","floor":23},{"not_picked":["Unload","Die Die Die","Burst"],"picked":"SKIP","floor":25},{"not_picked":["Glass Knife","Malaise"],"picked":"Adrenaline","floor":27},{"not_picked":["Corpse Explosion","Wraith Form v2","Venomology"],"picked":"SKIP","floor":29},{"not_picked":["Unload","Glass Knife"],"picked":"Corpse Explosion","floor":33},{"not_picked":["Caltrops+1","Expertise"],"picked":"Eviscerate+1","floor":36},{"not_picked":["Wraith Form v2+1","Bullet Time"],"picked":"Adrenaline","floor":40},{"not_picked":["Malaise","Wraith Form v2+1","Storm of Steel","Burst"],"picked":"SKIP","floor":42},{"not_picked":["Die Die Die","Phantasmal Killer","Wraith Form v2+1"],"picked":"Adrenaline","floor":45},{"not_picked":["Storm of Steel","Unload","Malaise"],"picked":"After Image+1","floor":47}],"player_experience":559051,"relics_obtained":[{"floor":1,"key":"Letter Opener"},{"floor":2,"key":"Blood Vial"},{"floor":5,"key":"Shovel"},{"floor":6,"key":"Boot"},{"floor":7,"key":"Oddly Smooth Stone"},{"floor":8,"key":"Incense Burner"},{"floor":9,"key":"Pen Nib"},{"floor":10,"key":"Calipers"},{"floor":11,"key":"Juzu Bracelet"},{"floor":13,"key":"Ginger"},{"floor":16,"key":"Regal Pillow"},{"floor":18,"key":"Lantern"},{"floor":23,"key":"Torii"},{"floor":25,"key":"Mercury Hourglass"},{"floor":26,"key":"Kunai"},{"floor":27,"key":"Old Coin"},{"floor":28,"key":"Mango"},{"floor":29,"key":"Bag of Marbles"},{"floor":30,"key":"Frozen Egg 2"},{"floor":32,"key":"Nunchaku"},{"floor":33,"key":"Tiny Chest"},{"floor":35,"key":"Orichalcum"},{"floor":37,"key":"Omamori"},{"floor":40,"key":"Question Card"},{"floor":41,"key":"MawBank"},{"floor":42,"key":"Tough Bandages"},{"floor":43,"key":"Sundial"},{"floor":45,"key":"Whetstone"},{"floor":46,"key":"Snake Skull"},{"floor":47,"key":"Darkstone Periapt"},{"floor":48,"key":"Anchor"},{"floor":49,"key":"Matryoshka"}],"event_choices":[{"event_name":"Liars Game","player_choice":"disagreed","floor":3,"damage_taken":0},{"event_name":"WeMeetAgain","player_choice":"Potion","floor":14,"damage_taken":0},{"event_name":"Forgotten Altar","player_choice":"Shed Blood","floor":19,"damage_taken":0},{"event_name":"Beggar","player_choice":"Gave Gold","floor":20,"damage_taken":0},{"event_name":"The Mausoleum","player_choice":"Yes","floor":21,"damage_taken":0},{"event_name":"The Lab","player_choice":"Got Potions","floor":31,"damage_taken":0},{"event_name":"Mysterious Sphere","player_choice":"Fight","floor":36,"damage_taken":0},{"event_name":"Accursed Blacksmith","player_choice":"Ignore","floor":39,"damage_taken":0}],"is_beta":false,"boss_relics":[{"not_picked":["Lizard Tail","Fusion Hammer"],"picked":"Philosopher\u0027s Stone"},{"not_picked":["Tiny House","Coffee Dripper"],"picked":"Runic Dome"}],"items_purged_floors":[],"is_endless":false,"potions_floor_spawned":[5,8,16,25,30,35,37,40,47],"ascension_level":0}