{"path_per_floor":["M","M","M","$","M","R","E","M","T","E","M","R","$","M","R","B",null,"M","?","M","M","?"],"character_chosen":"THE_SILENT","items_purchased":["Footwork","Catalyst","Noxious Fumes"],"gold_per_floor":[112,124,142,67,83,83,112,130,130,164,184,184,67,85,85,163,163,174,174,194,209,209,209],"floor_reached":23,"campfire_rested":1,"playtime":1355,"current_hp_per_floor":[53,50,49,49,42,42,34,25,25,12,9,28,28,26,26,28,57,57,57,57,57,57,0],"items_purged":[],"gold":209,"score":359,"play_id":"98f33992-d98e-44bd-b7ad-49ff27881305","local_time":"20180426214501","is_prod":false,"is_daily":false,"chose_seed":false,"is_ascension_mode":true,"campfire_upgraded":2,"timestamp":1524771901,"path_taken":["M","M","M","$","M","R","E","M","T","E","M","R","?","M","R","BOSS","M","?","M","M","?","E"],"build_version":"2018-04-19","seed_source_timestamp":307910728840322,"purchased_purges":0,"victory":false,"master_deck":["Defend_G","Defend_G","Defend_G","Defend_G","Defend_G","Strike_G","Strike_G","Strike_G","Strike_G","Survivor","Neutralize+1","AscendersBane","Deflect","Dagger Spray","Predator","Flying Knee","Footwork","Flying Knee","Burst+1","Sucker Punch","Footwork","Bouncing Flask","Catalyst","Noxious Fumes","Night Terror","Eviscerate","Dash","Quick Slash+1"],"max_hp_per_floor":[66,66,66,66,66,66,66,66,66,66,66,66,66,66,66,66,66,66,66,66,66,66,66],"relics":["Ring of the Snake","Omamori","Pantograph","Mercury Hourglass","Snecko Eye"],"card_choices":[{"not_picked":["Eviscerate","Endless Agony"],"picked":"Dagger Spray","floor":1},{"not_picked":["Dodge and Roll","Quick Slash"],"picked":"Predator","floor":2},{"not_picked":["Accuracy","Prepared"],"picked":"Flying Knee","floor":3},{"not_picked":["Outmaneuver","Concentrate"],"picked":"Flying Knee","floor":5},{"not_picked":["Outmaneuver","Caltrops"],"picked":"Burst","floor":7},{"not_picked":["Escape Plan","Poisoned Stab"],"picked":"Sucker Punch","floor":8},{"not_picked":["Dagger Throw","Endless Agony"],"picked":"Footwork","floor":10},{"not_picked":["Expertise","Masterful Stab"],"picked":"Bouncing Flask","floor":11},{"not_picked":["Doppelganger","Burst"],"picked":"Night Terror","floor":16},{"not_picked":["Well Laid Plans","Poisoned Stab"],"picked":"Eviscerate","floor":18},{"not_picked":["Cloak And Dagger","Eviscerate"],"picked":"Quick Slash","floor":21}],"player_experience":456578,"potions_floor_usage":[7,10,16,16],"damage_taken":[{"damage":6,"enemies":"Cultist","floor":1,"turns":6},{"damage":3,"enemies":"Jaw Worm","floor":2,"turns":5},{"damage":1,"enemies":"2 Louse","floor":3,"turns":2},{"damage":7,"enemies":"Lots of Slimes","floor":5,"turns":4},{"damage":8,"enemies":"3 Sentries","floor":7,"turns":7},{"damage":9,"enemies":"3 Louse","floor":8,"turns":2},{"damage":13,"enemies":"Lagavulin","floor":10,"turns":7},{"damage":3,"enemies":"Red Slaver","floor":11,"turns":5},{"damage":2,"enemies":"Exordium Thugs","floor":14,"turns":4},{"damage":23,"enemies":"Slime Boss","floor":16,"turns":11},{"damage":0,"enemies":"Chosen","floor":18,"turns":3},{"damage":0,"enemies":"Shell Parasite","floor":20,"turns":1},{"damage":0,"enemies":"Snake Plant","floor":21,"turns":3},{"damage":57,"enemies":"Gremlin Leader","floor":23,"turns":5}],"event_choices":[{"event_name":"The Library","player_choice":"Read","floor":19,"damage_taken":0},{"event_name":"The Lab","player_choice":"Got Potions","floor":22,"damage_taken":0}],"boss_relics":[{"not_picked":["Tiny House","Runic Pyramid"],"picked":"Snecko Eye"}],"potions_floor_spawned":[2,5,7,11,14,20],"seed_played":"-2805241527513717984","killed_by":"Gremlin Leader","ascension_level":15,"is_trial":false}