{"gold_per_floor":[117,131,57,73,92,126,126,141,186,196,213,239,249,249,249,351,351,367,383,383,107,207,237,237,237,237,296,312,51,51,64,64,159,159,177,193,274,274,274,299,299,324,324,324,340,355,366,366],"floor_reached":48,"playtime":4688,"items_purged":["Doppelganger"],"score":569,"play_id":"c6f1d620-80c4-4e33-9fc1-37a8161fc84d","local_time":"20190205131024","is_ascension_mode":false,"campfire_choices":[{"floor":7,"key":"DIG"},{"data":"Bane","floor":15,"key":"SMITH"},{"data":"Accuracy","floor":25,"key":"SMITH"},{"data":"Corpse Explosion","floor":30,"key":"SMITH"},{"data":"Crippling Poison","floor":32,"key":"SMITH"},{"floor":41,"key":"DIG"}],"neow_cost":"NONE","seed_source_timestamp":417537586177608,"circlet_count":0,"master_deck":["Defend_G","Defend_G","Defend_G","Defend_G","Defend_G","Survivor","Neutralize","Predator+1","Blade Dance","Cloak And Dagger","Sucker Punch","Deflect","Terror","Bouncing Flask","Bane+1","Blade Dance","Dagger Throw+1","Accuracy+1","Bite+1","Bite","Bite","Bite","Bite","Crippling Poison+1","Corpse Explosion+1","Cloak And Dagger+1","Die Die Die","Infinite Blades","Noxious Fumes+1","Violence","Blade Dance+1","Parasite","Bane","Crippling Poison+1"],"relics":["Philosopher\u0027s Stone","Shovel","Pantograph","Strawberry","Anchor","Vajra","Unceasing Top","Coffee Dripper","TheAbacus","Thread and Needle","Paper Crane","Dream Catcher","Boot","Tiny Chest","HandDrill","Eternal Feather","Darkstone Periapt","Toxic Egg 2","Tough Bandages","Bottled Flame","Incense Burner","Whetstone"],"potions_floor_usage":[11,16,22,22,22,27,40,47,47,48],"damage_taken":[{"damage":1,"enemies":"Jaw Worm","floor":1,"turns":5},{"damage":0,"enemies":"Cultist","floor":2,"turns":4},{"damage":0,"enemies":"Small Slimes","floor":4,"turns":3},{"damage":0,"enemies":"Looter","floor":5,"turns":2},{"damage":11,"enemies":"Gremlin Nob","floor":6,"turns":4},{"damage":0,"enemies":"2 Fungi Beasts","floor":8,"turns":3},{"damage":4,"enemies":"Blue Slaver","floor":10,"turns":3},{"damage":0,"enemies":"Exordium Wildlife","floor":11,"turns":1},{"damage":5,"enemies":"3 Sentries","floor":12,"turns":8},{"damage":0,"enemies":"Red Slaver","floor":13,"turns":2},{"damage":10,"enemies":"Hexaghost","floor":16,"turns":6},{"damage":0,"enemies":"Shell Parasite","floor":18,"turns":4},{"damage":5,"enemies":"Spheric Guardian","floor":19,"turns":3},{"damage":5,"enemies":"Colosseum Slavers","floor":22,"turns":3},{"damage":11,"enemies":"Colosseum Nobs","floor":22,"turns":4},{"damage":19,"enemies":"Slavers","floor":23,"turns":6},{"damage":9,"enemies":"Book of Stabbing","floor":27,"turns":4},{"damage":4,"enemies":"Shelled Parasite and Fungi","floor":28,"turns":4},{"damage":0,"enemies":"Snecko","floor":31,"turns":4},{"damage":46,"enemies":"Champ","floor":33,"turns":9},{"damage":1,"enemies":"3 Darklings","floor":35,"turns":5},{"damage":7,"enemies":"Orb Walker","floor":36,"turns":3},{"damage":14,"enemies":"Nemesis","floor":40,"turns":5},{"damage":33,"enemies":"Giant Head","floor":42,"turns":8},{"damage":0,"enemies":"Writhing Mass","floor":45,"turns":5},{"damage":20,"enemies":"3 Darklings","floor":46,"turns":3},{"damage":0,"enemies":"Maw","floor":47,"turns":5},{"damage":43,"enemies":"Reptomancer","floor":48,"turns":4}],"seed_played":"3601217041380824630","potions_obtained":[{"floor":5,"key":"AttackPotion"},{"floor":8,"key":"AttackPotion"},{"floor":10,"key":"PowerPotion"},{"floor":11,"key":"Explosive Potion"},{"floor":19,"key":"FearPotion"},{"floor":23,"key":"Strength Potion"},{"floor":33,"key":"Explosive Potion"},{"floor":42,"key":"Energy Potion"},{"floor":45,"key":"Poison Potion"},{"floor":46,"key":"Strength Potion"}],"is_trial":false,"path_per_floor":["M","M","?","M","M","E","R","M","T","M","M","E","M","?","R","B",null,"M","M","?","$","?","E","?","R","T","E","M","$","R","M","R","B",null,"M","M","T","?","?","E","R","E","T","T","M","M","M","E"],"character_chosen":"THE_SILENT","items_purchased":["TheAbacus","Corpse Explosion","HandDrill"],"campfire_rested":0,"item_purchase_floors":[21,29,29],"current_hp_per_floor":[69,69,69,69,69,58,65,65,65,61,61,56,56,49,49,64,77,77,72,53,53,41,34,34,34,34,31,29,29,29,31,31,18,53,53,48,48,48,48,44,53,22,22,22,39,24,35,0],"gold":366,"neow_bonus":"BOSS_RELIC","is_prod":false,"is_daily":false,"chose_seed":false,"campfire_upgraded":4,"win_rate":0.0,"timestamp":1549379424,"path_taken":["M","M","?","?","M","E","R","M","T","M","M","E","M","?","R","BOSS","M","M","?","$","?","E","?","R","T","E","?","?","R","M","R","BOSS","M","?","?","?","?","E","R","E","T","?","M","M","M","E"],"build_version":"2019-01-23","purchased_purges":1,"victory":false,"max_hp_per_floor":[70,70,70,70,70,70,77,77,77,77,77,77,77,77,77,77,77,77,77,53,53,53,53,53,53,53,53,53,53,53,53,53,53,53,53,53,53,53,53,53,53,53,53,53,59,59,59,59],"card_choices":[{"not_picked":["Backflip","PiercingWail"],"picked":"Predator","floor":1},{"not_picked":["Underhanded Strike","PiercingWail"],"picked":"Blade Dance","floor":2},{"not_picked":["Expertise","Dagger Spray"],"picked":"Cloak And Dagger","floor":4},{"not_picked":["Skewer","Underhanded Strike"],"picked":"Sucker Punch","floor":5},{"not_picked":["Expertise","Outmaneuver"],"picked":"Quick Slash","floor":6},{"not_picked":["Distraction","Slice"],"picked":"Deflect","floor":8},{"not_picked":["Flying Knee","Slice"],"picked":"Terror","floor":10},{"not_picked":["Dodge and Roll","Underhanded Strike"],"picked":"Bouncing Flask","floor":11},{"not_picked":["Adrenaline","Calculated Gamble"],"picked":"Bane","floor":12},{"not_picked":["Backflip","Underhanded Strike"],"picked":"Blade Dance","floor":13},{"not_picked":["Night Terror","Bullet Time"],"picked":"Doppelganger","floor":16},{"not_picked":["Sucker Punch","Endless Agony"],"picked":"Dagger Throw+1","floor":18},{"not_picked":["Infinite Blades","Slice"],"picked":"Accuracy","floor":19},{"not_picked":["Predator","Escape Plan+1","Eviscerate"],"picked":"SKIP","floor":23},{"not_picked":["Underhanded Strike+1","Quick Slash"],"picked":"Crippling Poison","floor":27},{"not_picked":["Footwork","All Out Attack+1","Underhanded Strike"],"picked":"SKIP","floor":28},{"not_picked":["Outmaneuver","Flying Knee"],"picked":"Cloak And Dagger+1","floor":31},{"not_picked":["Glass Knife","Wraith Form v2"],"picked":"Die Die Die","floor":33},{"not_picked":["Flying Knee","Underhanded Strike+1"],"picked":"Infinite Blades","floor":35},{"not_picked":["Endless Agony","Heel Hook+1"],"picked":"Noxious Fumes+1","floor":36},{"not_picked":["Deep Breath","HandOfGreed"],"picked":"Violence","floor":38},{"not_picked":["Dash+1","Quick Slash","Flying Knee+1"],"picked":"SKIP","floor":40},{"not_picked":["Terror+1","Slice+1"],"picked":"Blade Dance+1","floor":42},{"not_picked":["Quick Slash","Dash+1","Slice"],"picked":"SKIP","floor":45},{"not_picked":["Expertise+1","Calculated Gamble+1"],"picked":"Bane","floor":46},{"not_picked":["Noxious Fumes","Prepared+1"],"picked":"Crippling Poison+1","floor":47}],"player_experience":54211,"relics_obtained":[{"floor":6,"key":"Pantograph"},{"floor":7,"key":"Strawberry"},{"floor":9,"key":"Anchor"},{"floor":12,"key":"Vajra"},{"floor":22,"key":"Thread and Needle"},{"floor":22,"key":"Paper Crane"},{"floor":23,"key":"Dream Catcher"},{"floor":26,"key":"Boot"},{"floor":27,"key":"Tiny Chest"},{"floor":37,"key":"Darkstone Periapt"},{"floor":40,"key":"Toxic Egg 2"},{"floor":41,"key":"Tough Bandages"},{"floor":42,"key":"Bottled Flame"},{"floor":43,"key":"Incense Burner"},{"floor":44,"key":"Whetstone"}],"event_choices":[{"damage_healed":0,"gold_gain":0,"player_choice":"Paid Gold","damage_taken":0,"relics_obtained":["Shovel"],"max_hp_gain":0,"max_hp_loss":0,"event_name":"WeMeetAgain","floor":3,"gold_loss":74},{"damage_healed":0,"gold_gain":0,"player_choice":"Success","damage_taken":7,"relics_obtained":["Unceasing Top"],"max_hp_gain":0,"max_hp_loss":0,"event_name":"Scrap Ooze","floor":14,"gold_loss":0},{"damage_healed":0,"gold_gain":0,"player_choice":"Became a vampire","damage_taken":0,"max_hp_gain":0,"max_hp_loss":24,"event_name":"Vampires","floor":20,"gold_loss":0,"cards_obtained":["Bite","Bite","Bite","Bite","Bite"]},{"damage_healed":0,"gold_gain":0,"player_choice":"Fight","damage_taken":0,"max_hp_gain":0,"max_hp_loss":0,"event_name":"Colosseum","floor":22,"gold_loss":0},{"damage_healed":0,"gold_gain":0,"player_choice":"Fought Nobs","damage_taken":0,"max_hp_gain":0,"max_hp_loss":0,"event_name":"Colosseum","floor":22,"gold_loss":0},{"damage_healed":0,"gold_gain":0,"player_choice":"Ignored","damage_taken":0,"max_hp_gain":0,"max_hp_loss":0,"event_name":"Ghosts","floor":24,"gold_loss":0},{"damage_healed":0,"gold_gain":0,"player_choice":"Memory 1","damage_taken":0,"max_hp_gain":0,"max_hp_loss":0,"event_name":"SensoryStone","floor":38,"gold_loss":0},{"cards_removed":["Quick Slash"],"damage_healed":0,"gold_gain":0,"player_choice":"Removed Attack","damage_taken":0,"max_hp_gain":0,"max_hp_loss":0,"event_name":"Falling","floor":39,"gold_loss":0}],"is_beta":false,"boss_relics":[{"not_picked":["Cursed Key","Busted Crown"],"picked":"Coffee Dripper"},{"not_picked":["Fusion Hammer","Black Star"],"picked":"Eternal Feather"}],"items_purged_floors":[21],"is_endless":false,"potions_floor_spawned":[5,8,10,11,19,22,23,33,42,45,46],"killed_by":"Reptomancer","ascension_level":0}