{"path_per_floor":["M","?","M","$","M","E","M","R","T","R","T","$","M","?","R","B",null,"M","$","M","?","?","R","$","$","T","$","M","M","M","M","R","B",null,"M","M","?","$","?","E","R","M","T","T","R","M","$","M","R"],"character_chosen":"IRONCLAD","items_purchased":["Dual Wield","Whetstone"],"gold_per_floor":[115,115,131,56,76,107,118,118,166,166,166,90,105,105,105,202,202,213,113,131,131,131,131,6,6,6,6,21,37,50,69,69,166,166,182,202,202,52,52,82,82,97,97,147,147,159,13,31,31,31],"floor_reached":50,"campfire_rested":3,"playtime":997,"current_hp_per_floor":[70,70,70,70,65,68,74,74,74,74,74,74,69,62,62,41,80,80,80,80,80,80,80,80,80,80,80,80,76,80,76,76,52,80,80,66,66,66,80,25,49,14,14,14,53,14,14,10,49,0],"items_purged":["Defend_R","Defend_R","Defend_R","Strike_R"],"gold":31,"score":472,"play_id":"172cf1b0-3262-4ef3-be57-e1a630bff4da","local_time":"20180422122921","is_prod":false,"is_daily":false,"chose_seed":false,"is_ascension_mode":false,"campfire_upgraded":5,"timestamp":1524367761,"path_taken":["M","?","M","$","M","E","M","R","T","R","?","$","M","?","R","BOSS","M","$","M","?","?","R","?","$","T","$","M","M","M","M","R","BOSS","M","M","?","$","?","E","R","M","T","?","R","M","$","M","R","BOSS"],"build_version":"2018-04-19","seed_source_timestamp":1978284004227848,"purchased_purges":5,"victory":false,"master_deck":["Strike_R","Strike_R","Strike_R+1","Strike_R+1","Bash+1","Clash+1","Cleave","Thunderclap+1","Dropkick+1","Dual Wield+1","Writhe"],"max_hp_per_floor":[80,80,80,80,80,80,80,80,80,80,80,80,80,80,80,80,80,80,80,80,80,80,80,80,80,80,80,80,80,80,80,80,80,80,80,80,80,80,80,80,80,80,80,80,80,80,80,80,80,80],"relics":["Burning Blood","Mummified Hand","Pen Nib","Dodecahedron","Runic Dome","Pantograph","Lizard Tail","Bag of Marbles","Gambling Chip","Regal Pillow","Whetstone"],"card_choices":[{"not_picked":["Shrug It Off","Armaments"],"picked":"Clash","floor":1},{"not_picked":["Anger","Warcry"],"picked":"Thunderclap","floor":3},{"not_picked":["Power Through","Clothesline"],"picked":"Clash","floor":5},{"not_picked":["Fire Breathing","Seeing Red"],"picked":"Dropkick","floor":7}],"player_experience":467216,"potions_floor_usage":[33,33,46,50,50,50],"damage_taken":[{"damage":16,"enemies":"Small Slimes","floor":1,"turns":3},{"damage":6,"enemies":"Cultist","floor":3,"turns":3},{"damage":11,"enemies":"Jaw Worm","floor":5,"turns":2},{"damage":3,"enemies":"Gremlin Nob","floor":6,"turns":3},{"damage":0,"enemies":"Exordium Wildlife","floor":7,"turns":2},{"damage":11,"enemies":"Large Slime","floor":13,"turns":4},{"damage":27,"enemies":"Slime Boss","floor":16,"turns":9},{"damage":5,"enemies":"2 Thieves","floor":18,"turns":2},{"damage":5,"enemies":"3 Byrds","floor":20,"turns":2},{"damage":0,"enemies":"Snake Plant","floor":28,"turns":1},{"damage":10,"enemies":"Chosen and Byrds","floor":29,"turns":3},{"damage":0,"enemies":"Centurion and Healer","floor":30,"turns":2},{"damage":10,"enemies":"Sentry and Sphere","floor":31,"turns":3},{"damage":34,"enemies":"Automaton","floor":33,"turns":5},{"damage":0,"enemies":"Orb Walker","floor":35,"turns":1},{"damage":20,"enemies":"3 Darklings","floor":36,"turns":2},{"damage":61,"enemies":"2 Orb Walkers","floor":40,"turns":4},{"damage":41,"enemies":"Maw","floor":42,"turns":6},{"damage":45,"enemies":"4 Shapes","floor":46,"turns":6},{"damage":10,"enemies":"Sphere and 2 Shapes","floor":48,"turns":3},{"damage":123,"enemies":"Awakened One","floor":50,"turns":7}],"event_choices":[{"event_name":"Match and Keep!","player_choice":"1 cards matched","floor":2,"damage_taken":0},{"event_name":"Golden Wing","player_choice":"Card Removal","floor":14,"damage_taken":0},{"event_name":"Vampires","player_choice":"Ignored","floor":21,"damage_taken":0},{"event_name":"Accursed Blacksmith","player_choice":"Forge","floor":22,"damage_taken":0},{"event_name":"Winding Halls","player_choice":"Writhe","floor":39,"damage_taken":0}],"boss_relics":[{"not_picked":["Mark of Pain","Black Star"],"picked":"Runic Dome"},{"not_picked":["Calling Bell","Eternal Feather"],"picked":"Lizard Tail"}],"potions_floor_spawned":[3,5,18,20,30,33,40,48],"seed_played":"-8181744657514365864","killed_by":"Awakened One","ascension_level":0,"is_trial":false}