{"gold_per_floor":[119,133,144,3,17,45,10,10,10,36,55,130,160,160,160,235,235,245,57,70,80,99,132,152,178,178,178,191,211,211,136,136,207,207,225,237,254,102,102,102,135,150,176,210,210,236,236,236,236,236,236,236,10,38,38],"floor_reached":56,"playtime":4136,"items_purged":["Pain","Strike_G","Strike_G"],"score":2119,"play_id":"87294046-a2ec-434e-bd1b-da8309165d79","local_time":"20190221213902","is_ascension_mode":true,"campfire_choices":[{"data":"Footwork","floor":8.0,"key":"SMITH"},{"floor":15.0,"key":"REST"},{"floor":27.0,"key":"REST"},{"data":"Night Terror","floor":30.0,"key":"SMITH"},{"data":"Cloak And Dagger","floor":32.0,"key":"SMITH"},{"data":"Well Laid Plans","floor":40.0,"key":"SMITH"},{"floor":45.0,"key":"RECALL"},{"data":"Neutralize","floor":47.0,"key":"SMITH"},{"data":"PiercingWail","floor":49.0,"key":"SMITH"},{"data":"Flechettes","floor":52.0,"key":"SMITH"}],"neow_cost":"NONE","seed_source_timestamp":165603052318374,"circlet_count":0,"master_deck":["AscendersBane","Defend_G","Defend_G","Defend_G","Defend_G","Defend_G+1","Strike_G","Strike_G","Survivor+1","Neutralize+1","Cloak And Dagger+1","PiercingWail+1","Night Terror+1","Footwork+1","Flying Knee","Flechettes+1","Deflect","Quick Slash+1","Choke+1","Die Die Die+1","Clumsy","Injury","Dash+1","Well Laid Plans+1","Endless Agony+1","Dagger Spray+1","Dagger Throw+1","Poisoned Stab+1","Noxious Fumes+1","Tactician+1","Acrobatics+1","Cloak And Dagger+1","Glass Knife+1","Storm of Steel+1","Blade Dance+1","Leg Sweep+1","Outmaneuver+1","Escape Plan+1","Dagger Throw+1","Cloak And Dagger+1","Terror+1","Concentrate+1","Tactician+1","Calculated Gamble+1"],"special_seed":0,"relics":["Ring of the Serpent","Bag of Preparation","Molten Egg 2","Bottled Lightning","Letter Opener","Kunai","Dead Branch","Calling Bell","Lantern","Toxic Egg 2","Du-Vu Doll","Regal Pillow","Happy Flower","Bird Faced Urn","Bronze Scales","The Courier","Shuriken","Blood Vial","War Paint"],"potions_floor_usage":[55],"damage_taken":[{"damage":0.0,"enemies":"2 Louse","floor":1.0,"turns":2.0},{"damage":1.0,"enemies":"Small Slimes","floor":2.0,"turns":3.0},{"damage":1.0,"enemies":"Cultist","floor":3.0,"turns":5.0},{"damage":1.0,"enemies":"Looter","floor":5.0,"turns":5.0},{"damage":21.0,"enemies":"Lagavulin","floor":6.0,"turns":9.0},{"damage":24.0,"enemies":"3 Sentries","floor":10.0,"turns":13.0},{"damage":2.0,"enemies":"Large Slime","floor":11.0,"turns":7.0},{"damage":4.0,"enemies":"Gremlin Nob","floor":13.0,"turns":3.0},{"damage":3.0,"enemies":"Hexaghost","floor":16.0,"turns":13.0},{"damage":9.0,"enemies":"Shell Parasite","floor":18.0,"turns":4.0},{"damage":0.0,"enemies":"Chosen","floor":20.0,"turns":2.0},{"damage":6.0,"enemies":"Snake Plant","floor":21.0,"turns":2.0},{"damage":0.0,"enemies":"Snecko","floor":22.0,"turns":3.0},{"damage":0.0,"enemies":"Book of Stabbing","floor":23.0,"turns":3.0},{"damage":14.0,"enemies":"Sentry and Sphere","floor":24.0,"turns":4.0},{"damage":11.0,"enemies":"Gremlin Leader","floor":25.0,"turns":5.0},{"damage":0.0,"enemies":"Snake Plant","floor":28.0,"turns":2.0},{"damage":0.0,"enemies":"Centurion and Healer","floor":29.0,"turns":4.0},{"damage":32.0,"enemies":"Collector","floor":33.0,"turns":10.0},{"damage":4.0,"enemies":"Orb Walker","floor":35.0,"turns":3.0},{"damage":12.0,"enemies":"3 Darklings","floor":36.0,"turns":2.0},{"damage":0.0,"enemies":"Jaw Worm Horde","floor":37.0,"turns":2.0},{"damage":1.0,"enemies":"Reptomancer","floor":41.0,"turns":4.0},{"damage":11.0,"enemies":"Maw","floor":42.0,"turns":6.0},{"damage":10.0,"enemies":"Giant Head","floor":44.0,"turns":10.0},{"damage":3.0,"enemies":"Nemesis","floor":46.0,"turns":5.0},{"damage":25.0,"enemies":"Donu and Deca","floor":50.0,"turns":7.0},{"damage":4.0,"enemies":"Shield and Spear","floor":54.0,"turns":5.0},{"damage":58,"enemies":"The Heart","floor":55,"turns":7}],"seed_played":"1038272781246448374","potions_obtained":[{"floor":2.0,"key":"SpeedPotion"},{"floor":5.0,"key":"SpeedPotion"},{"floor":11.0,"key":"FearPotion"},{"floor":13.0,"key":"Energy Potion"},{"floor":16.0,"key":"AttackPotion"},{"floor":21.0,"key":"Block Potion"},{"floor":22.0,"key":"Energy Potion"},{"floor":29.0,"key":"SpeedPotion"},{"floor":33.0,"key":"LiquidBronze"},{"floor":36.0,"key":"Block Potion"},{"floor":44.0,"key":"LiquidBronze"}],"is_trial":false,"path_per_floor":["M","M","M","$","M","E","?","R","T","E","M","?","E","?","R","B",null,"M","$","M","M","M","E","M","E","T","R","M","M","R","?","R","B",null,"M","M","M","$","?","R","E","M","T","E","R","E","R","?","R","B",null,"R","$","E","B",null],"character_chosen":"THE_SILENT","items_purchased":["Footwork","Flying Knee","Well Laid Plans","Endless Agony+1","Outmaneuver+1","Concentrate+1","Tactician+1"],"campfire_rested":2,"item_purchase_floors":[4,4,19,19,38,53,53],"current_hp_per_floor":[59,58,57,57,56,35,51,51,51,27,25,14,10,5,24,21,55,46,46,46,40,40,40,26,15,15,49,49,55,55,55,55,37,59,59,51,51,51,51,51,54,51,51,51,51,60,60,60,60,43,60,60,60,60,12],"gold":38,"neow_bonus":"RANDOM_COMMON_RELIC","is_prod":false,"is_daily":false,"chose_seed":false,"campfire_upgraded":7,"win_rate":0,"timestamp":1550803142,"path_taken":["M","M","M","$","M","E","?","R","T","E","M","?","E","?","R","BOSS","M","$","M","M","M","E","M","E","T","R","M","M","R","?","R","BOSS","M","M","M","$","?","R","E","M","T","E","R","E","R","?","R","BOSS","R","$","E","BOSS"],"build_version":"2019-01-23","purchased_purges":3,"victory":true,"max_hp_per_floor":[66,66,66,66,66,66,66,66,66,66,66,66,66,66,66,66,66,66,66,66,66,66,66,66,66,66,66,66,66,66,66,66,66,66,66,66,66,66,66,66,66,66,66,66,66,66,66,66,66,66,66,66,66,66,66],"card_choices":[{"not_picked":["Blade Dance","Flechettes"],"picked":"Cloak And Dagger","floor":1.0},{"not_picked":["Crippling Poison","Blade Dance"],"picked":"PiercingWail","floor":2.0},{"not_picked":["Outmaneuver","Slice"],"picked":"Night Terror","floor":3.0},{"not_picked":["Terror","Dagger Throw"],"picked":"Flechettes","floor":5.0},{"not_picked":["Acrobatics","Outmaneuver"],"picked":"Deflect","floor":6.0},{"not_picked":["Caltrops","Dagger Throw+1"],"picked":"Poisoned Stab+1","floor":10.0},{"not_picked":["Bane+1","Prepared"],"picked":"Quick Slash+1","floor":11.0},{"not_picked":["PiercingWail","Riddle With Holes+1"],"picked":"Choke+1","floor":13.0},{"not_picked":["Unload+1","Bullet Time"],"picked":"Die Die Die+1","floor":16.0},{"not_picked":["Predator+1","Acrobatics+1"],"picked":"Dash+1","floor":18.0},{"not_picked":["Quick Slash+1","Flying Knee+1"],"picked":"Dagger Spray+1","floor":20.0},{"not_picked":["Reflex+1","PiercingWail+1"],"picked":"Dagger Throw+1","floor":21.0},{"not_picked":["Catalyst+1","Night Terror+1"],"picked":"Poisoned Stab+1","floor":22.0},{"not_picked":["Concentrate+1","Accuracy"],"picked":"Noxious Fumes+1","floor":23.0},{"not_picked":["Backflip+1","Flying Knee+1"],"picked":"Tactician+1","floor":24.0},{"not_picked":["Catalyst+1","Eviscerate+1"],"picked":"Acrobatics+1","floor":25.0},{"not_picked":["Finisher+1","Caltrops"],"picked":"Cloak And Dagger+1","floor":28.0},{"not_picked":["Infinite Blades","All Out Attack+1"],"picked":"Glass Knife+1","floor":29.0},{"not_picked":["After Image","A Thousand Cuts"],"picked":"Storm of Steel+1","floor":33.0},{"not_picked":["Dodge and Roll+1","Underhanded Strike+1"],"picked":"Blade Dance+1","floor":35.0},{"not_picked":["Masterful Stab+1","Infinite Blades","Bane+1"],"picked":"SKIP","floor":36.0},{"not_picked":["PiercingWail+1","Poisoned Stab+1"],"picked":"Leg Sweep+1","floor":37.0},{"not_picked":["Noxious Fumes","Deadly Poison+1"],"picked":"Escape Plan+1","floor":41.0},{"not_picked":["Night Terror+1","Quick Slash+1"],"picked":"Dagger Throw+1","floor":42.0},{"not_picked":["Quick Slash+1","Flying Knee+1"],"picked":"Cloak And Dagger+1","floor":44.0},{"not_picked":["Sucker Punch+1","Reflex+1"],"picked":"Terror+1","floor":46.0},{"not_picked":["Prepared+1","Heel Hook+1"],"picked":"Calculated Gamble+1","floor":54.0}],"player_experience":539155,"relics_obtained":[{"floor":6.0,"key":"Molten Egg 2"},{"floor":9.0,"key":"Bottled Lightning"},{"floor":10.0,"key":"Letter Opener"},{"floor":13.0,"key":"Kunai"},{"floor":17.0,"key":"Lantern"},{"floor":17.0,"key":"Toxic Egg 2"},{"floor":17.0,"key":"Du-Vu Doll"},{"floor":23.0,"key":"Regal Pillow"},{"floor":25.0,"key":"Happy Flower"},{"floor":26.0,"key":"Bird Faced Urn"},{"floor":41.0,"key":"Bronze Scales"},{"floor":44.0,"key":"The Courier"},{"floor":46.0,"key":"Shuriken"},{"floor":54.0,"key":"War Paint"}],"event_choices":[{"damage_healed":16.0,"max_hp_gain":0.0,"max_hp_loss":0.0,"gold_gain":0.0,"event_name":"The Cleric","player_choice":"Healed","floor":7.0,"gold_loss":35.0,"damage_taken":0.0},{"damage_healed":0.0,"max_hp_gain":0.0,"max_hp_loss":0.0,"gold_gain":75.0,"event_name":"World of Goop","player_choice":"Gather Gold","floor":12.0,"gold_loss":0.0,"damage_taken":11.0},{"damage_healed":0.0,"max_hp_gain":0.0,"max_hp_loss":0.0,"gold_gain":0.0,"event_name":"Scrap Ooze","player_choice":"Success","floor":14.0,"gold_loss":0.0,"damage_taken":5.0,"relics_obtained":["Dead Branch"]},{"cards_removed":["Strike_G"],"damage_healed":0.0,"max_hp_gain":0.0,"max_hp_loss":0.0,"gold_gain":0.0,"event_name":"Beggar","player_choice":"Gave Gold","floor":31.0,"gold_loss":75.0,"damage_taken":0.0},{"cards_removed":["Poisoned Stab"],"damage_healed":0.0,"max_hp_gain":0.0,"max_hp_loss":0.0,"gold_gain":0.0,"event_name":"Falling","player_choice":"Removed Attack","floor":39.0,"gold_loss":0.0,"damage_taken":0.0},{"damage_healed":0.0,"max_hp_gain":0.0,"max_hp_loss":0.0,"gold_gain":0.0,"event_name":"WeMeetAgain","player_choice":"Gave Potion","floor":48.0,"gold_loss":0.0,"damage_taken":0.0,"relics_obtained":["Blood Vial"]}],"is_beta":false,"boss_relics":[{"not_picked":["Empty Cage","Snecko Eye"],"picked":"Calling Bell"},{"not_picked":["Fusion Hammer","Runic Dome"],"picked":"Ring of the Serpent"}],"items_purged_floors":[19,38,53],"is_endless":false,"potions_floor_spawned":[2,5,11,13,16,21,22,29,33,36,44],"ascension_level":17}