{"gold_per_floor":[111,131,23,39,55,89,164,178,201,4,22,36,53,63,63,167,167,187,201,3,23,23,23,37,37,37,37,63,63,73,121,121,224,224,242,342,342,353,79,79],"floor_reached":40,"playtime":4244,"items_purged":["Strike_R","Strike_R","Strike_R"],"score":437,"play_id":"f34dff46-9bac-4664-8bbd-7191ac30a692","local_time":"20190120205506","is_ascension_mode":false,"campfire_choices":[{"data":"Pommel Strike","floor":15,"key":"SMITH"},{"data":"Feed","floor":23,"key":"SMITH"},{"data":"Armaments","floor":25,"key":"SMITH"},{"data":"Anger","floor":29,"key":"SMITH"},{"floor":32,"key":"REST"}],"neow_cost":"","seed_source_timestamp":247584681478737,"circlet_count":0,"master_deck":["Defend_R","Defend_R+1","Defend_R","Defend_R","Bash","Anger","Armaments+1","Metallicize","Anger+1","Flex+1","Brutality","Headbutt","Iron Wave","Fire Breathing","Thunderclap","Clothesline","Pommel Strike+1","Headbutt","Feed+1","Body Slam+1","Shrug It Off","Rage","Battle Trance","Anger","Iron Wave","Sword Boomerang","Demon Form","Twin Strike+1","Iron Wave","Metallicize+1","Sword Boomerang"],"relics":["Burning Blood","War Paint","Lantern","Mark of Pain","Peace Pipe","Centennial Puzzle","Pen Nib","Sozu","Unceasing Top","Mummified Hand"],"potions_floor_usage":[6,16,16,16,28,28,33],"damage_taken":[{"damage":1,"enemies":"Jaw Worm","floor":1,"turns":3},{"damage":1,"enemies":"Cultist","floor":2,"turns":3},{"damage":0,"enemies":"Small Slimes","floor":4,"turns":3},{"damage":3,"enemies":"3 Louse","floor":5,"turns":5},{"damage":23,"enemies":"Lagavulin","floor":6,"turns":6},{"damage":5,"enemies":"Gremlin Gang","floor":8,"turns":6},{"damage":0,"enemies":"Blue Slaver","floor":11,"turns":2},{"damage":2,"enemies":"Looter","floor":12,"turns":3},{"damage":12,"enemies":"Gremlin Gang","floor":13,"turns":4},{"damage":4,"enemies":"Blue Slaver","floor":14,"turns":2},{"damage":46,"enemies":"The Guardian","floor":16,"turns":8},{"damage":5,"enemies":"Spheric Guardian","floor":18,"turns":3},{"damage":23,"enemies":"3 Byrds","floor":19,"turns":4},{"damage":18,"enemies":"Shelled Parasite and Fungi","floor":21,"turns":6},{"damage":3,"enemies":"Cultist and Chosen","floor":24,"turns":4},{"damage":26,"enemies":"Gremlin Leader","floor":28,"turns":7},{"damage":22,"enemies":"Sentry and Sphere","floor":30,"turns":6},{"damage":36,"enemies":"Champ","floor":33,"turns":10},{"damage":11,"enemies":"3 Shapes","floor":35,"turns":3},{"damage":36,"enemies":"Mind Bloom Boss Battle","floor":36,"turns":4},{"damage":33,"enemies":"3 Darklings","floor":38,"turns":4},{"damage":55,"enemies":"Nemesis","floor":40,"turns":5}],"seed_played":"-6873362166288813984","potions_obtained":[{"floor":1,"key":"Strength Potion"},{"floor":2,"key":"PowerPotion"},{"floor":11,"key":"Regen Potion"},{"floor":13,"key":"EssenceOfSteel"},{"floor":18,"key":"FearPotion"},{"floor":19,"key":"Energy Potion"},{"floor":28,"key":"EssenceOfSteel"}],"is_trial":false,"path_per_floor":["M","M","$","M","M","E","?","M","T","$","M","M","M","M","R","B",null,"M","M","$","M","?","R","M","R","T","$","E","R","M","T","R","B",null,"M","?","?","M","$","E"],"character_chosen":"IRONCLAD","items_purchased":["Metallicize","Iron Wave","Fire Breathing","Rage","Sword Boomerang","Mummified Hand"],"campfire_rested":1,"item_purchase_floors":[3,10,10,20,39,39],"current_hp_per_floor":[80,80,80,80,80,63,55,56,56,56,62,66,60,62,62,37,80,83,69,69,57,57,57,64,64,64,64,44,44,32,32,60,30,94,93,63,63,36,36,0],"gold":79,"neow_bonus":"","is_prod":false,"is_daily":false,"chose_seed":false,"campfire_upgraded":4,"win_rate":0.0,"timestamp":1548035706,"path_taken":["M","M","$","M","M","E","?","M","T","$","?","M","M","M","R","BOSS","M","M","$","M","?","R","M","R","T","?","E","R","?","?","R","BOSS","M","?","?","?","$","E"],"build_version":"2019-01-17v2","purchased_purges":3,"victory":false,"max_hp_per_floor":[80,80,80,80,80,80,80,80,80,80,80,80,80,80,80,80,80,83,86,86,86,86,86,90,90,90,90,90,90,94,94,94,94,94,98,98,98,98,98,98],"card_choices":[{"not_picked":["Armaments","Perfected Strike"],"picked":"Anger","floor":1},{"not_picked":["Warcry","Perfected Strike"],"picked":"Armaments","floor":2},{"not_picked":["Metallicize","Dual Wield"],"picked":"Anger","floor":4},{"not_picked":["Corruption","Perfected Strike"],"picked":"Flex","floor":5},{"not_picked":["Body Slam","Disarm"],"picked":"Brutality","floor":6},{"not_picked":["Anger","Flex"],"picked":"Headbutt","floor":8},{"not_picked":["Sever Soul","Combust"],"picked":"Thunderclap","floor":11},{"not_picked":["Heavy Blade","Sword Boomerang"],"picked":"Clothesline","floor":12},{"not_picked":["Sword Boomerang","Limit Break"],"picked":"Pommel Strike","floor":13},{"not_picked":["Warcry","Feel No Pain"],"picked":"Headbutt","floor":14},{"not_picked":["Fiend Fire","Reaper"],"picked":"Feed","floor":16},{"not_picked":["Spot Weakness","Twin Strike"],"picked":"Body Slam+1","floor":18},{"not_picked":["Combust","Intimidate"],"picked":"Shrug It Off","floor":19},{"not_picked":["Warcry","Dark Embrace"],"picked":"Battle Trance","floor":21},{"not_picked":["Armaments","True Grit"],"picked":"Anger","floor":24},{"not_picked":["Feel No Pain+1","Thunderclap"],"picked":"Iron Wave","floor":28},{"not_picked":["Rage+1","Headbutt"],"picked":"Sword Boomerang","floor":30},{"not_picked":["Berserk","Offering"],"picked":"Demon Form","floor":33},{"not_picked":["Cleave+1","Clash+1"],"picked":"Twin Strike+1","floor":35},{"not_picked":["Anger","True Grit"],"picked":"Metallicize+1","floor":38}],"player_experience":0,"relics_obtained":[{"floor":6,"key":"War Paint"},{"floor":9,"key":"Lantern"},{"floor":26,"key":"Peace Pipe"},{"floor":28,"key":"Centennial Puzzle"},{"floor":31,"key":"Pen Nib"},{"floor":36,"key":"Unceasing Top"}],"event_choices":[{"damage_healed":0,"gold_gain":75,"player_choice":"Touch","damage_taken":8,"max_hp_gain":0,"max_hp_loss":0,"event_name":"FaceTrader","floor":7,"gold_loss":0},{"cards_removed":["Strike_R"],"damage_healed":0,"gold_gain":0,"player_choice":"Purged","damage_taken":0,"max_hp_gain":0,"max_hp_loss":0,"event_name":"Purifier","floor":22,"gold_loss":0},{"damage_healed":0,"gold_gain":0,"player_choice":"Fight","damage_taken":0,"max_hp_gain":0,"max_hp_loss":0,"event_name":"MindBloom","floor":36,"gold_loss":0},{"cards_removed":["Strike_R"],"damage_healed":0,"gold_gain":0,"player_choice":"Took Card","damage_taken":0,"max_hp_gain":0,"max_hp_loss":0,"event_name":"NoteForYourself","floor":37,"gold_loss":0,"cards_obtained":["Iron Wave"]}],"is_beta":false,"boss_relics":[{"not_picked":["Fusion Hammer","Empty Cage"],"picked":"Mark of Pain"},{"not_picked":["Orrery","Black Blood"],"picked":"Sozu"}],"items_purged_floors":[3,10,20],"is_endless":false,"potions_floor_spawned":[1,2,11,13,18,19,28,38],"killed_by":"Nemesis","ascension_level":0}