{"gold_per_floor":[119,44,64,30,40,40,50,50,50,50,76,91,91,105,105,207,207,224,244,259,184,44,44,77,77,77,77,77,77,27,44,44,141,141,157,157,176,0,0,0,20,20],"floor_reached":42,"playtime":3173,"items_purged":["Clumsy","Strike_B","Strike_B"],"score":562,"play_id":"87d83543-7c53-42d8-9a70-e4de4d182861","local_time":"20181116002925","is_ascension_mode":true,"campfire_choices":[{"data":"Zap","floor":6,"key":"SMITH"},{"floor":15,"key":"REST"},{"floor":23,"key":"REST"},{"floor":25,"key":"REST"},{"data":"Loop","floor":27,"key":"SMITH"},{"data":"Zap","floor":29,"key":"SMITH"},{"floor":32,"key":"REST"},{"floor":40,"key":"REST"}],"neow_cost":"CURSE","seed_source_timestamp":77084838557648,"circlet_count":0,"master_deck":["Strike_B","Defend_B","Defend_B","Defend_B","Defend_B","Zap+1","Dualcast+1","Core Surge","Cold Snap","Ball Lightning","Sunder","BootSequence","Reinforced Body","FTL","Cold Snap","Go for the Eyes","Core Surge","Compile Driver+1","Streamline+1","Tempest+1","Barrage","Loop+1","Thunder Strike","Zap+1","Buffer","Ball Lightning+1","Capacitor","Darkness","Auto Shields+1"],"relics":["Cracked Core","Shuriken","Smiling Mask","Blood Vial","Inserter","Happy Flower","Singing Bowl","Nuclear Battery","Red Mask"],"potions_floor_usage":[12,20,24,33,35],"damage_taken":[{"damage":0,"enemies":"Cultist","floor":1,"turns":3},{"damage":10,"enemies":"Jaw Worm","floor":3,"turns":3},{"damage":0,"enemies":"2 Louse","floor":5,"turns":2},{"damage":0,"enemies":"Lots of Slimes","floor":7,"turns":3},{"damage":16,"enemies":"Gremlin Nob","floor":11,"turns":3},{"damage":0,"enemies":"Gremlin Gang","floor":12,"turns":3},{"damage":0,"enemies":"3 Louse","floor":14,"turns":2},{"damage":32,"enemies":"The Guardian","floor":16,"turns":9},{"damage":0,"enemies":"Spheric Guardian","floor":18,"turns":3},{"damage":28,"enemies":"3 Byrds","floor":19,"turns":4},{"damage":16,"enemies":"Centurion and Healer","floor":20,"turns":5},{"damage":27,"enemies":"Book of Stabbing","floor":24,"turns":5},{"damage":17,"enemies":"Snecko","floor":31,"turns":4},{"damage":53,"enemies":"Champ","floor":33,"turns":9},{"damage":45,"enemies":"3 Darklings","floor":35,"turns":5},{"damage":16,"enemies":"3 Shapes","floor":37,"turns":6},{"damage":22,"enemies":"Transient","floor":41,"turns":5},{"damage":23,"enemies":"Maw","floor":42,"turns":6}],"seed_played":"5206250943805596496","potions_obtained":[{"floor":3,"key":"Explosive Potion"},{"floor":12,"key":"SpeedPotion"},{"floor":14,"key":"FearPotion"},{"floor":16,"key":"EssenceOfSteel"},{"floor":19,"key":"Block Potion"},{"floor":33,"key":"SkillPotion"}],"is_trial":false,"path_per_floor":["M","$","M","$","M","R","M","?","T","?","E","M","?","M","R","B",null,"M","M","M","?","$","R","E","R","T","R","?","R","$","M","R","B",null,"M","?","M","?","?","R","M","M"],"character_chosen":"DEFECT","items_purchased":["Sunder","Barrage","Loop"],"campfire_rested":5,"item_purchase_floors":[4,22,22],"current_hp_per_floor":[68,68,58,58,58,58,58,58,58,51,35,37,37,39,61,31,64,66,40,26,26,26,48,23,45,45,45,45,45,45,32,55,4,59,16,16,2,2,2,25,5,0],"gold":20,"neow_bonus":"THREE_RARE_CARDS","is_prod":false,"is_daily":false,"chose_seed":false,"campfire_upgraded":3,"win_rate":0,"timestamp":1542324565,"path_taken":["M","$","M","$","M","R","M","?","T","?","E","M","?","M","R","BOSS","M","?","?","?","$","R","E","R","T","R","?","R","$","M","R","BOSS","M","?","M","?","?","R","M","M"],"build_version":"2018-11-14","purchased_purges":3,"victory":false,"max_hp_per_floor":[75,75,75,75,75,75,75,75,75,75,75,75,75,75,75,75,75,75,75,75,75,75,75,75,75,75,75,75,75,75,77,77,77,77,77,77,77,77,77,77,77,77],"card_choices":[{"not_picked":["Reboot","Rainbow"],"picked":"Core Surge","floor":0},{"not_picked":["Compile Driver","Coolheaded"],"picked":"Cold Snap","floor":1},{"not_picked":["Turbo","Blizzard"],"picked":"Ball Lightning","floor":3},{"not_picked":["Streamline","Compile Driver"],"picked":"BootSequence","floor":5},{"not_picked":["Go for the Eyes","Turbo"],"picked":"Reinforced Body","floor":7},{"not_picked":["Ball Lightning","Hologram"],"picked":"FTL","floor":11},{"not_picked":["Rip and Tear","Amplify"],"picked":"Cold Snap","floor":12},{"not_picked":["Rebound","Ball Lightning"],"picked":"Go for the Eyes","floor":14},{"not_picked":["All For One","Rainbow"],"picked":"Core Surge","floor":16},{"not_picked":["Streamline","Blizzard"],"picked":"Compile Driver+1","floor":18},{"not_picked":["Redo","Lockon+1"],"picked":"Streamline+1","floor":19},{"not_picked":["Genetic Algorithm","Sweeping Beam"],"picked":"Tempest+1","floor":20},{"not_picked":["Lockon+1","Redo"],"picked":"Thunder Strike","floor":24},{"not_picked":["Ball Lightning","Reinforced Body","Streamline"],"picked":"Singing Bowl","floor":31},{"not_picked":["Fission","Hyperbeam"],"picked":"Buffer","floor":33},{"not_picked":["Heatsinks+1","Force Field"],"picked":"Ball Lightning+1","floor":35},{"not_picked":["Melter+1","Conserve Battery"],"picked":"Capacitor","floor":37},{"not_picked":["Ball Lightning+1","Barrage+1"],"picked":"Auto Shields+1","floor":41}],"player_experience":373988,"relics_obtained":[{"floor":9,"key":"Smiling Mask"},{"floor":11,"key":"Blood Vial"},{"floor":24,"key":"Happy Flower"},{"floor":26,"key":"Singing Bowl"}],"event_choices":[{"damage_healed":0,"gold_gain":0,"player_choice":"Box","damage_taken":0,"relics_obtained":["Shuriken"],"max_hp_gain":0,"max_hp_loss":0,"event_name":"Big Fish","floor":8,"gold_loss":0,"cards_obtained":["Regret"]},{"cards_removed":["Regret"],"damage_healed":0,"gold_gain":0,"player_choice":"Card Removal","damage_taken":7,"max_hp_gain":0,"max_hp_loss":0,"event_name":"Golden Wing","floor":10,"gold_loss":0},{"damage_healed":0,"gold_gain":0,"player_choice":"Upgraded","damage_taken":0,"max_hp_gain":0,"max_hp_loss":0,"event_name":"Upgrade Shrine","floor":13,"gold_loss":0,"cards_upgraded":["Dualcast"]},{"cards_removed":["Strike_B"],"damage_healed":0,"gold_gain":0,"player_choice":"Gave Gold","damage_taken":0,"max_hp_gain":0,"max_hp_loss":0,"event_name":"Beggar","floor":21,"gold_loss":75},{"damage_healed":0,"gold_gain":0,"player_choice":"1 cards matched","damage_taken":0,"max_hp_gain":0,"max_hp_loss":0,"event_name":"Match and Keep!","floor":28,"gold_loss":0,"cards_obtained":["Zap"]},{"damage_healed":0,"gold_gain":0,"player_choice":"Ignored","damage_taken":0,"max_hp_gain":0,"max_hp_loss":0,"event_name":"The Moai Head","floor":36,"gold_loss":0},{"damage_healed":0,"gold_gain":0,"player_choice":"Paid","damage_taken":0,"relics_obtained":["Red Mask"],"max_hp_gain":0,"max_hp_loss":0,"event_name":"Tomb of Lord Red Mask","floor":38,"gold_loss":176},{"damage_healed":0,"gold_gain":0,"player_choice":"1 cards matched","damage_taken":0,"max_hp_gain":0,"max_hp_loss":0,"event_name":"Match and Keep!","floor":39,"gold_loss":0,"cards_obtained":["Darkness"]}],"is_beta":true,"boss_relics":[{"not_picked":["Tiny House","Fusion Hammer"],"picked":"Inserter"},{"not_picked":["Philosopher\u0027s Stone","Runic Dome"],"picked":"Nuclear Battery"}],"items_purged_floors":[2,22,30],"is_endless":false,"potions_floor_spawned":[3,12,14,16,18,19,33],"killed_by":"Maw","ascension_level":7}