{"gold_per_floor":[119,134,144,29,49,49,67,85,133,133,133,148,228,243,243,243],"floor_reached":16,"playtime":2562,"items_purged":[],"score":96,"play_id":"f9834af7-3ef1-4c4d-a8b1-e2de77fd13c0","local_time":"20180908012454","is_ascension_mode":false,"campfire_choices":[{"floor":6,"key":"REST"},{"floor":11,"key":"REST"},{"floor":15,"key":"REST"}],"neow_cost":"","seed_source_timestamp":98405915472963,"circlet_count":0,"master_deck":["Defend_G","Defend_G","Defend_G","Defend_G","Defend_G","Strike_G","Strike_G","Strike_G","Strike_G","Strike_G","Survivor","Neutralize","Outmaneuver","Quick Slash","Leg Sweep","Footwork","Skewer","Dagger Spray","Dash","Quick Slash","PiercingWail","Terror"],"relics":["Ring of the Snake","Blood Vial","Shuriken"],"potions_floor_usage":[3,7,16],"damage_taken":[{"damage":9,"enemies":"Cultist","floor":1,"turns":7},{"damage":5,"enemies":"Small Slimes","floor":2,"turns":7},{"damage":3,"enemies":"Jaw Worm","floor":3,"turns":5},{"damage":29,"enemies":"Gremlin Gang","floor":5,"turns":12},{"damage":32,"enemies":"Exordium Wildlife","floor":7,"turns":7},{"damage":9,"enemies":"3 Louse","floor":8,"turns":5},{"damage":36,"enemies":"Gremlin Gang","floor":12,"turns":5},{"damage":5,"enemies":"Exordium Wildlife","floor":14,"turns":4},{"damage":27,"enemies":"The Guardian","floor":16,"turns":11}],"seed_played":"-4277274170737313137","potions_obtained":[{"floor":2,"key":"Swift Potion"},{"floor":5,"key":"Regen Potion"},{"floor":8,"key":"Poison Potion"}],"is_trial":false,"path_per_floor":["M","M","M","$","M","R","M","M","T","?","R","M","T","M","R"],"character_chosen":"THE_SILENT","items_purchased":["Footwork","Skewer"],"campfire_rested":3,"item_purchase_floors":[4,4],"current_hp_per_floor":[61,56,53,53,24,45,28,19,19,19,40,6,6,3,24,0],"gold":243,"neow_bonus":"","is_prod":false,"is_daily":false,"chose_seed":false,"campfire_upgraded":0,"win_rate":0.0,"timestamp":1536384294,"path_taken":["M","?","M","$","M","R","M","M","T","?","R","M","?","M","R","BOSS"],"build_version":"2018-09-06","purchased_purges":0,"victory":false,"max_hp_per_floor":[70,70,70,70,70,70,70,70,70,70,70,70,70,70,70,70],"card_choices":[{"not_picked":["Underhanded Strike","Prepared"],"picked":"Outmaneuver","floor":1},{"not_picked":["Adrenaline","Tactician"],"picked":"Quick Slash","floor":2},{"not_picked":["Calculated Gamble","Escape Plan"],"picked":"Leg Sweep","floor":3},{"not_picked":["Deadly Poison","Predator"],"picked":"Dagger Spray","floor":5},{"not_picked":["Deflect","Deadly Poison"],"picked":"Dash","floor":7},{"not_picked":["Sucker Punch","Flechettes"],"picked":"Quick Slash","floor":8},{"not_picked":["Expertise","Outmaneuver"],"picked":"PiercingWail","floor":12},{"not_picked":["Dagger Throw","Deflect"],"picked":"Terror","floor":14}],"player_experience":916,"relics_obtained":[{"floor":9,"key":"Blood Vial"},{"floor":13,"key":"Shuriken"}],"event_choices":[{"event_name":"Shining Light","player_choice":"Ignored","floor":10,"damage_taken":0}],"is_beta":false,"boss_relics":[],"items_purged_floors":[],"is_endless":false,"potions_floor_spawned":[2,5,8],"killed_by":"The Guardian","ascension_level":0}