{"gold_per_floor":[364,201,213,213,231,231,247,247,247,259,285,285,305,6,6,109,109,125,142,142,156,167,167,186,198,198,54,54,54,65,85,85,180,180,198,298,308,55,55,55,69,87,87,105,105,105,105,117,117,117],"floor_reached":50,"playtime":3236,"items_purged":["Defend_R","Defend_R"],"score":442,"play_id":"ecd4adc2-e7cb-41aa-a490-897a1f17e273","local_time":"20181209203336","is_ascension_mode":false,"campfire_choices":[{"data":"Fire Breathing","floor":6,"key":"SMITH"},{"data":"Perfected Strike","floor":12,"key":"SMITH"},{"data":"Seeing Red","floor":15,"key":"SMITH"},{"data":"Perfected Strike","floor":23,"key":"SMITH"},{"data":"Rage","floor":28,"key":"SMITH"},{"floor":32,"key":"REST"},{"floor":40,"key":"REST"},{"data":"Shrug It Off","floor":47,"key":"SMITH"},{"floor":49,"key":"REST"}],"neow_cost":"PERCENT_DAMAGE","seed_source_timestamp":0,"circlet_count":0,"master_deck":["Strike_R","Strike_R","Strike_R","Strike_R","Strike_R","Defend_R+1","Defend_R","Bash","Whirlwind","Flex+1","Fire Breathing+1","Pommel Strike","Perfected Strike+1","Seeing Red+1","Pommel Strike","Shrug It Off+1","Perfected Strike+1","Rage+1","Twin Strike","Shrug It Off","Iron Wave","Iron Wave+1","Shrug It Off+1","Perfected Strike+1","Thunderclap+1","Reaper","Dual Wield+1","Parasite","Ghostly Armor+1"],"special_seed":0,"relics":["Burning Blood","Potion Belt","Meat on the Bone","Happy Flower","Pantograph","Orrery","Mercury Hourglass","War Paint","MutagenicStrength","Busted Crown","Dead Branch","Dream Catcher","Bottled Lightning"],"potions_floor_usage":[10,24,24,24,24,25,33,33,39,42,50,50],"damage_taken":[{"damage":2.0,"enemies":"Small Slimes","floor":1.0,"turns":3.0},{"damage":6,"enemies":"Jaw Worm","floor":3,"turns":4},{"damage":1,"enemies":"Cultist","floor":5,"turns":3},{"damage":20,"enemies":"Large Slime","floor":7,"turns":4},{"damage":0,"enemies":"Gremlin Gang","floor":10,"turns":3},{"damage":10,"enemies":"3 Louse","floor":13,"turns":2},{"damage":53,"enemies":"Hexaghost","floor":16,"turns":9},{"damage":16,"enemies":"Shell Parasite","floor":18,"turns":4},{"damage":24,"enemies":"3 Byrds","floor":19,"turns":5},{"damage":20,"enemies":"Cultist and Chosen","floor":21,"turns":5},{"damage":39,"enemies":"Sentry and Sphere","floor":22,"turns":7},{"damage":15,"enemies":"Snake Plant","floor":24,"turns":3},{"damage":6,"enemies":"3 Cultists","floor":25,"turns":4},{"damage":5,"enemies":"Centurion and Healer","floor":30,"turns":4},{"damage":14,"enemies":"Sentry and Sphere","floor":31,"turns":4},{"damage":34,"enemies":"Collector","floor":33,"turns":6},{"damage":20,"enemies":"3 Darklings","floor":35,"turns":4},{"damage":40,"enemies":"Mind Bloom Boss Battle","floor":36,"turns":6},{"damage":10,"enemies":"3 Shapes","floor":37,"turns":3},{"damage":0,"enemies":"Maw","floor":39,"turns":4},{"damage":2,"enemies":"Jaw Worm Horde","floor":41,"turns":3},{"damage":5,"enemies":"Spire Growth","floor":42,"turns":3},{"damage":5,"enemies":"Writhing Mass","floor":44,"turns":5},{"damage":12,"enemies":"Maw","floor":48,"turns":6},{"damage":104,"enemies":"Awakened One","floor":50,"turns":13}],"seed_played":"6806981150430219655","potions_obtained":[{"floor":1,"key":"GamblersBrew"},{"floor":7,"key":"Energy Potion"},{"floor":10,"key":"SmokeBomb"},{"floor":13,"key":"FearPotion"},{"floor":18,"key":"Strength Potion"},{"floor":22,"key":"Weak Potion"},{"floor":24,"key":"Fire Potion"},{"floor":30,"key":"FearPotion"},{"floor":31,"key":"Ancient Potion"},{"floor":41,"key":"Strength Potion"},{"floor":42,"key":"Explosive Potion"},{"floor":48,"key":"EssenceOfSteel"}],"is_trial":false,"path_per_floor":["M","M","$","M","?","M","R","M","?","T","M","T","R","M","$","R","B",null,"M","M","?","M","M","R","M","M","T","$","R","?","M","M","R","B",null,"M","?","M","$","M","R","M","M","T","M","?","?","R","M","R","B"],"character_chosen":"IRONCLAD","items_purchased":["Flex","Fire Breathing","Shrug It Off","Pantograph","War Paint","Dream Catcher"],"campfire_rested":3,"item_purchase_floors":[2,2,14,14,27,38],"current_hp_per_floor":[60,60,60,53,58,58,44,49,49,55,55,55,51,51,51,41,85,75,57,95,81,60,60,63,63,63,63,63,63,64,56,84,67,95,81,67,63,63,69,95,95,95,95,95,90,90,90,84,90,0],"gold":117,"neow_bonus":"TWO_FIFTY_GOLD","is_prod":false,"is_daily":false,"chose_seed":false,"campfire_upgraded":6,"win_rate":0,"timestamp":1544405616,"path_taken":["M","$","M","?","M","R","M","?","T","M","?","R","?","$","R","BOSS","M","M","?","M","M","R","M","?","T","$","R","?","M","M","R","BOSS","M","?","M","$","M","R","M","M","T","M","?","?","R","?","R","BOSS"],"build_version":"2018-12-06","purchased_purges":2,"victory":false,"max_hp_per_floor":[80,80,80,80,80,80,80,85,85,85,85,85,85,85,85,85,85,85,85,95,95,95,95,95,95,95,95,95,95,95,95,95,95,95,95,95,95,95,95,95,95,95,95,95,90,90,90,90,90,90],"card_choices":[{"not_picked":["Sever Soul","Wild Strike"],"picked":"Whirlwind","floor":1},{"not_picked":["Burning Pact","Hemokinesis","Searing Blow"],"picked":"SKIP","floor":3},{"not_picked":["Warcry","Battle Trance"],"picked":"Pommel Strike","floor":5},{"not_picked":["Warcry","Bludgeon"],"picked":"Perfected Strike","floor":7},{"not_picked":["Hemokinesis","Armaments"],"picked":"Seeing Red","floor":10},{"not_picked":["Armaments","Corruption"],"picked":"Pommel Strike","floor":13},{"not_picked":["Barricade","Fiend Fire"],"picked":"Double Tap","floor":16},{"not_picked":["Heavy Blade","Thunderclap"],"picked":"Perfected Strike","floor":17},{"not_picked":["Clothesline","Warcry"],"picked":"Rage","floor":17},{"not_picked":["Rupture","Sword Boomerang"],"picked":"Twin Strike","floor":17},{"not_picked":["Warcry","Sever Soul"],"picked":"Shrug It Off","floor":17},{"not_picked":["Corruption+1","Blood for Blood","Heavy Blade+1"],"picked":"SKIP","floor":18},{"not_picked":["Rampage","Searing Blow","Sentinel"],"picked":"SKIP","floor":19},{"not_picked":["Clothesline","Perfected Strike","Carnage"],"picked":"SKIP","floor":21},{"not_picked":["Havoc","Metallicize"],"picked":"Iron Wave","floor":22},{"not_picked":["Sword Boomerang","Cleave+1"],"picked":"Iron Wave+1","floor":24},{"not_picked":["Reckless Charge","Double Tap"],"picked":"Shrug It Off+1","floor":25},{"not_picked":["Body Slam","Clothesline+1"],"picked":"Perfected Strike","floor":30},{"not_picked":["Iron Wave+1","Clothesline"],"picked":"Thunderclap+1","floor":31},{"not_picked":["Juggernaut","Demon Form"],"picked":"Reaper","floor":33},{"not_picked":["True Grit+1"],"picked":"SKIP","floor":35},{"not_picked":[],"picked":"Dual Wield+1","floor":36},{"not_picked":["Warcry+1"],"picked":"SKIP","floor":37},{"not_picked":["Havoc"],"picked":"SKIP","floor":41},{"not_picked":["Carnage+1"],"picked":"SKIP","floor":42},{"not_picked":["Metallicize"],"picked":"SKIP","floor":44},{"not_picked":["Iron Wave+1"],"picked":"SKIP","floor":48},{"not_picked":[],"picked":"Ghostly Armor+1","floor":49}],"player_experience":218061,"relics_obtained":[{"floor":9,"key":"Meat on the Bone"},{"floor":11,"key":"Happy Flower"},{"floor":26,"key":"Mercury Hourglass"},{"floor":36,"key":"Dead Branch"},{"floor":43,"key":"Bottled Lightning"}],"event_choices":[{"damage_healed":0,"gold_gain":0,"player_choice":"Success","damage_taken":7,"relics_obtained":["Potion Belt"],"max_hp_gain":0,"max_hp_loss":0,"event_name":"Scrap Ooze","floor":4,"gold_loss":0},{"damage_healed":0,"gold_gain":0,"player_choice":"Donut","damage_taken":0,"max_hp_gain":5,"max_hp_loss":0,"event_name":"Big Fish","floor":8,"gold_loss":0},{"cards_removed":["Double Tap"],"damage_healed":28,"gold_gain":0,"player_choice":"Offered Rare","damage_taken":0,"max_hp_gain":10,"max_hp_loss":0,"event_name":"Bonfire Elementals","floor":20,"gold_loss":0},{"damage_healed":0,"gold_gain":0,"player_choice":"Inject Mutagens","damage_taken":0,"relics_obtained":["MutagenicStrength"],"max_hp_gain":0,"max_hp_loss":0,"event_name":"Drug Dealer","floor":29,"gold_loss":0},{"damage_healed":0,"gold_gain":0,"player_choice":"Fight","damage_taken":0,"max_hp_gain":0,"max_hp_loss":0,"event_name":"MindBloom","floor":36,"gold_loss":0},{"damage_healed":0,"gold_gain":0,"player_choice":"Max HP","damage_taken":0,"max_hp_gain":0,"max_hp_loss":5,"event_name":"Winding Halls","floor":45,"gold_loss":0},{"damage_healed":0,"gold_gain":0,"player_choice":"Forge","damage_taken":0,"max_hp_gain":0,"max_hp_loss":0,"event_name":"Accursed Blacksmith","floor":46,"gold_loss":0,"cards_upgraded":["Perfected Strike"]}],"is_beta":false,"boss_relics":[{"not_picked":["Philosopher\u0027s Stone","Runic Cube"],"picked":"Orrery"},{"not_picked":["Lizard Tail","Coffee Dripper"],"picked":"Busted Crown"}],"items_purged_floors":[2,38],"is_endless":false,"potions_floor_spawned":[1,7,10,13,18,22,24,30,31,41,42,48],"killed_by":"Awakened One","ascension_level":0}