{"gold_per_floor":[110,123,123,139,112,112,126,151,151,169,195,195,215,232,232,327,327,347,361,373,373,387,387,419,419,465,465,465,476,476,476,476,476],"floor_reached":33,"playtime":4649,"items_purged":[],"score":279,"play_id":"fa0e5842-9713-4a03-852d-112ae5437feb","local_time":"20190104184224","is_ascension_mode":false,"campfire_choices":[{"data":"Crippling Poison","floor":6,"key":"SMITH"},{"floor":12,"key":"REST"},{"floor":15,"key":"REST"},{"floor":23,"key":"REST"},{"floor":28,"key":"REST"},{"floor":32,"key":"REST"}],"neow_cost":"NONE","seed_source_timestamp":1271312284421418,"circlet_count":0,"master_deck":["Defend_G","Defend_G","Defend_G","Defend_G","Defend_G","Strike_G","Strike_G","Strike_G","Strike_G","Strike_G","Survivor","Neutralize","Backstab+1","Dagger Throw+1","Crippling Poison+1","Blade Dance","Flying Knee","Tools of the Trade","Quick Slash","Flying Knee","Underhanded Strike","Slice","A Thousand Cuts","PiercingWail+1","PiercingWail","Underhanded Strike","Leg Sweep","Heel Hook","Backflip","Underhanded Strike","Decay"],"relics":["Ring of the Snake","Mummified Hand","Meat on the Bone","Pantograph","Eternal Feather","NlothsMask","Juzu Bracelet","Nilry\u0027s Codex","MutagenicStrength"],"potions_floor_usage":[11,20,33],"damage_taken":[{"damage":2,"enemies":"Cultist","floor":1,"turns":5},{"damage":0,"enemies":"Small Slimes","floor":2,"turns":5},{"damage":0,"enemies":"2 Louse","floor":4,"turns":2},{"damage":2,"enemies":"Looter","floor":7,"turns":3},{"damage":20,"enemies":"Gremlin Nob","floor":8,"turns":5},{"damage":10,"enemies":"Lots of Slimes","floor":10,"turns":3},{"damage":23,"enemies":"Lagavulin","floor":11,"turns":7},{"damage":0,"enemies":"Gremlin Gang","floor":13,"turns":4},{"damage":0,"enemies":"Exordium Wildlife","floor":14,"turns":2},{"damage":50,"enemies":"Hexaghost","floor":16,"turns":11},{"damage":10,"enemies":"Spheric Guardian","floor":18,"turns":3},{"damage":15,"enemies":"2 Thieves","floor":19,"turns":3},{"damage":11,"enemies":"Snake Plant","floor":20,"turns":5},{"damage":43,"enemies":"3 Cultists","floor":22,"turns":7},{"damage":40,"enemies":"Book of Stabbing","floor":24,"turns":8},{"damage":12,"enemies":"Chosen and Byrds","floor":29,"turns":5},{"damage":85,"enemies":"Champ","floor":33,"turns":13}],"seed_played":"-1814051761845555466","potions_obtained":[{"floor":2,"key":"Strength Potion"},{"floor":7,"key":"Fruit Juice"},{"floor":10,"key":"Dexterity Potion"},{"floor":13,"key":"AttackPotion"},{"floor":22,"key":"Strength Potion"}],"is_trial":false,"path_per_floor":["M","M","?","M","$","R","M","E","T","M","E","R","M","M","R","B",null,"M","M","M","?","M","R","E","?","T","?","R","M","?","?","R","B"],"character_chosen":"THE_SILENT","items_purchased":["Blade Dance"],"campfire_rested":5,"item_purchase_floors":[5],"current_hp_per_floor":[75,75,60,60,60,60,58,38,38,40,34,58,58,58,82,44,82,72,57,46,46,15,54,26,10,10,10,49,49,49,49,82,0],"gold":476,"neow_bonus":"TEN_PERCENT_HP_BONUS","is_prod":false,"is_daily":false,"chose_seed":false,"campfire_upgraded":1,"win_rate":0.0,"timestamp":1546645344,"path_taken":["M","?","?","M","$","R","M","E","T","M","E","R","M","M","R","BOSS","M","M","M","?","M","R","E","?","T","?","R","M","?","?","R","BOSS"],"build_version":"2019-01-03v4","purchased_purges":0,"victory":false,"max_hp_per_floor":[77,77,77,77,77,77,77,77,77,77,82,82,82,82,82,82,82,82,82,82,82,82,82,82,82,82,82,82,82,82,82,82,82],"card_choices":[{"not_picked":["Deflect","Poisoned Stab"],"picked":"Backstab","floor":1},{"not_picked":["Blade Dance","Sucker Punch"],"picked":"Dagger Throw","floor":2},{"not_picked":["Deadly Poison","Dodge and Roll"],"picked":"Crippling Poison","floor":4},{"not_picked":["Underhanded Strike","Outmaneuver"],"picked":"Flying Knee","floor":7},{"not_picked":["Tactician","Acrobatics"],"picked":"Tools of the Trade","floor":8},{"not_picked":["Heel Hook","Terror"],"picked":"Quick Slash","floor":10},{"not_picked":["Endless Agony","Prepared"],"picked":"Flying Knee","floor":11},{"not_picked":["Blur","Eviscerate"],"picked":"Underhanded Strike","floor":13},{"not_picked":["Crippling Poison","Outmaneuver"],"picked":"Slice","floor":14},{"not_picked":["Malaise","Tools of the Trade"],"picked":"A Thousand Cuts","floor":16},{"not_picked":["Flechettes","Riddle With Holes"],"picked":"PiercingWail+1","floor":18},{"not_picked":["Slice","Outmaneuver+1"],"picked":"PiercingWail","floor":19},{"not_picked":["Choke+1","Endless Agony"],"picked":"Underhanded Strike","floor":20},{"not_picked":["Deadly Poison+1","Sucker Punch"],"picked":"Leg Sweep","floor":22},{"not_picked":["Poisoned Stab","Caltrops"],"picked":"Heel Hook","floor":24},{"not_picked":["Outmaneuver","Dagger Throw"],"picked":"Backflip","floor":29}],"player_experience":2380,"relics_obtained":[{"floor":8,"key":"Mummified Hand"},{"floor":9,"key":"Meat on the Bone"},{"floor":11,"key":"Pantograph"},{"floor":24,"key":"Juzu Bracelet"},{"floor":25,"key":"Nilry\u0027s Codex"}],"event_choices":[{"damage_healed":0,"gold_gain":0,"player_choice":"Entered Light","damage_taken":15,"max_hp_gain":0,"max_hp_loss":0,"event_name":"Shining Light","floor":3,"gold_loss":0,"cards_upgraded":["Dagger Throw","Backstab"]},{"damage_healed":0,"gold_gain":0,"player_choice":"Trade","damage_taken":0,"relics_obtained":["NlothsMask"],"max_hp_gain":0,"max_hp_loss":0,"event_name":"FaceTrader","floor":21,"gold_loss":0},{"damage_healed":0,"gold_gain":0,"player_choice":"Obtained Book","damage_taken":16,"max_hp_gain":0,"max_hp_loss":0,"event_name":"Cursed Tome","floor":25,"gold_loss":0},{"damage_healed":0,"gold_gain":0,"player_choice":"Inject Mutagens","damage_taken":0,"relics_obtained":["MutagenicStrength"],"max_hp_gain":0,"max_hp_loss":0,"event_name":"Drug Dealer","floor":27,"gold_loss":0},{"damage_healed":0,"gold_gain":0,"player_choice":"Read","damage_taken":0,"max_hp_gain":0,"max_hp_loss":0,"event_name":"The Library","floor":30,"gold_loss":0,"cards_obtained":["Underhanded Strike"]},{"damage_healed":0,"gold_gain":0,"player_choice":"Smashed Altar","damage_taken":0,"max_hp_gain":0,"max_hp_loss":0,"event_name":"Forgotten Altar","floor":31,"gold_loss":0,"cards_obtained":["Decay"]}],"is_beta":false,"boss_relics":[{"not_picked":["Fusion Hammer","WristBlade"],"picked":"Eternal Feather"}],"items_purged_floors":[],"is_endless":false,"potions_floor_spawned":[2,7,10,13,16,18,22,24],"killed_by":"Champ","ascension_level":0}