{"gold_per_floor":[19,19,294,27,42,42,69,69,69,83,83,109,126,138,138,236,286,273,188,265,277,292,292,305,322,322,76,76],"floor_reached":28,"playtime":1229,"items_purged":["Regret"],"score":334,"play_id":"c8615d9a-e9bb-4355-a144-9785f1586a57","local_time":"20190202225432","is_ascension_mode":true,"campfire_choices":[{"data":"True Grit","floor":6.0,"key":"SMITH"},{"data":"Flex","floor":8.0,"key":"SMITH"},{"data":"Metallicize","floor":11.0,"key":"SMITH"},{"data":"Warcry","floor":15.0,"key":"SMITH"},{"data":"Infernal Blade","floor":23,"key":"SMITH"}],"neow_cost":"NO_GOLD","seed_source_timestamp":2525984540268,"circlet_count":0,"master_deck":["Strike_R","Strike_R","Strike_R","Defend_R","Defend_R","Defend_R","Bash","Flex+1","Rampage+1","True Grit+1","Metallicize+1","Double Tap","Pommel Strike","Feel No Pain","Warcry+1","Demon Form","Infernal Blade+1","Flame Barrier+1","Battle Trance+1","Whirlwind+1","Whirlwind","Inflame"],"special_seed":0,"relics":["Burning Blood","Meat on the Bone","Mummified Hand","Dodecahedron","Tiny House","Dream Catcher","Thread and Needle","Bottled Flame"],"potions_floor_usage":[28],"damage_taken":[{"damage":4.0,"enemies":"Jaw Worm","floor":1.0,"turns":6.0},{"damage":0.0,"enemies":"Cultist","floor":5.0,"turns":3.0},{"damage":36.0,"enemies":"3 Sentries","floor":7.0,"turns":11.0},{"damage":0.0,"enemies":"2 Louse","floor":10.0,"turns":2.0},{"damage":4.0,"enemies":"Gremlin Nob","floor":12.0,"turns":3.0},{"damage":12.0,"enemies":"Blue Slaver","floor":13.0,"turns":3.0},{"damage":0.0,"enemies":"Large Slime","floor":14.0,"turns":3.0},{"damage":24.0,"enemies":"Hexaghost","floor":16.0,"turns":8.0},{"damage":27.0,"enemies":"2 Thieves","floor":18.0,"turns":4.0},{"damage":22.0,"enemies":"Chosen","floor":21.0,"turns":5.0},{"damage":37,"enemies":"3 Cultists","floor":22,"turns":6},{"damage":3,"enemies":"Cultist and Chosen","floor":24,"turns":5},{"damage":23,"enemies":"Centurion and Healer","floor":25,"turns":7},{"damage":48,"enemies":"Book of Stabbing","floor":28,"turns":5}],"seed_played":"-4198063267554788308","potions_obtained":[{"floor":7.0,"key":"PowerPotion"},{"floor":13.0,"key":"Poison Potion"},{"floor":14.0,"key":"Dexterity Potion"},{"floor":17.0,"key":"Dexterity Potion"},{"floor":25,"key":"SpeedPotion"}],"is_trial":false,"path_per_floor":["M","?","?","$","M","R","E","R","T","M","R","E","M","M","R","B",null,"M","?","T","M","M","R","M","M","T","$","E"],"character_chosen":"IRONCLAD","items_purchased":["Rampage","True Grit","Metallicize","Bottled Flame"],"campfire_rested":0,"item_purchase_floors":[4,4,4,27],"current_hp_per_floor":[74,74,74,74,80,80,50,50,50,56,56,58,52,58,58,52,78,57,57,57,53,34,34,49,44,44,44,0],"gold":76,"neow_bonus":"REMOVE_TWO","is_prod":false,"is_daily":false,"chose_seed":false,"campfire_upgraded":5,"win_rate":0,"timestamp":1549166072,"path_taken":["M","?","?","$","?","R","E","R","T","M","R","E","M","M","R","BOSS","M","?","?","M","M","R","?","M","T","$","E"],"build_version":"2019-01-23","purchased_purges":1,"victory":false,"max_hp_per_floor":[80,80,80,80,80,80,80,80,80,80,80,80,80,80,80,80,85,85,85,85,85,85,85,85,85,85,85,85],"card_choices":[{"not_picked":["Warcry","Sword Boomerang"],"picked":"Flex","floor":1.0},{"not_picked":["Wild Strike","True Grit","Sword Boomerang"],"picked":"SKIP","floor":5.0},{"not_picked":["Rampage","Armaments"],"picked":"Double Tap","floor":7.0},{"not_picked":["Sword Boomerang","Wild Strike","Perfected Strike"],"picked":"SKIP","floor":10.0},{"not_picked":["Sentinel","Warcry"],"picked":"Pommel Strike","floor":12.0},{"not_picked":["Barricade","Warcry"],"picked":"Feel No Pain","floor":13.0},{"not_picked":["Combust","Cleave"],"picked":"Warcry","floor":14.0},{"not_picked":["Berserk","Exhume"],"picked":"Demon Form","floor":16.0},{"not_picked":["Rupture","Perfected Strike"],"picked":"Infernal Blade","floor":17.0},{"not_picked":["Warcry+1","Pummel"],"picked":"Flame Barrier+1","floor":18.0},{"not_picked":["Clothesline","Flex"],"picked":"Battle Trance+1","floor":21.0},{"not_picked":["Headbutt","Flex"],"picked":"Whirlwind+1","floor":22},{"not_picked":["Clothesline","Headbutt"],"picked":"Whirlwind","floor":24},{"not_picked":["Thunderclap","Intimidate"],"picked":"Inflame","floor":25}],"player_experience":315120,"relics_obtained":[{"floor":7.0,"key":"Meat on the Bone"},{"floor":9.0,"key":"Mummified Hand"},{"floor":12.0,"key":"Dodecahedron"},{"floor":26,"key":"Thread and Needle"}],"event_choices":[{"cards_removed":["Defend_R"],"damage_healed":0.0,"max_hp_gain":0.0,"max_hp_loss":0.0,"gold_gain":0.0,"event_name":"Living Wall","player_choice":"Forget","floor":2.0,"gold_loss":0.0,"damage_taken":0.0},{"damage_healed":0.0,"max_hp_gain":0.0,"max_hp_loss":0.0,"gold_gain":275.0,"event_name":"Golden Shrine","player_choice":"Desecrate","floor":3.0,"gold_loss":0.0,"damage_taken":0.0,"cards_obtained":["Regret"]},{"damage_healed":0.0,"max_hp_gain":0.0,"max_hp_loss":0.0,"gold_gain":0.0,"event_name":"Addict","player_choice":"Obtained Relic","floor":19.0,"gold_loss":85.0,"damage_taken":0.0,"relics_obtained":["Dream Catcher"]}],"is_beta":false,"boss_relics":[{"not_picked":["Pandora\u0027s Box","Runic Dome"],"picked":"Tiny House"}],"items_purged_floors":[4],"is_endless":false,"potions_floor_spawned":[7,13,14,25],"killed_by":"Book of Stabbing","ascension_level":9}