{"gold_per_floor":[117,134,147,26,26,59,59,59,86,86,104,104,122,156,156,258,258,276,276,286,146,158,189,189,217,217,217,142,142,171,171,171,273,273,288,305,103,103,115,141,141,141,212,212,87,97,97,197,197,197],"floor_reached":51,"playtime":1964,"items_purged":["Strike_B","Strike_B","Defend_B"],"score":970,"play_id":"8df9e64e-1e0c-4cc6-9457-ea443716060a","local_time":"20190209131506","is_ascension_mode":true,"campfire_choices":[{"data":"Streamline","floor":7,"key":"SMITH"},{"floor":10,"key":"REST"},{"data":"Reboot","floor":12,"key":"SMITH"},{"floor":15,"key":"REST"},{"floor":24,"key":"REST"},{"floor":27,"key":"REST"},{"data":"Hologram","floor":32,"key":"SMITH"},{"data":"Seek","floor":41,"key":"SMITH"},{"data":"Seek","floor":44,"key":"SMITH"},{"data":"Hyperbeam","floor":49,"key":"SMITH"}],"neow_cost":"NONE","seed_source_timestamp":227903074740148,"circlet_count":0,"master_deck":["Strike_B","Defend_B","Defend_B","Zap","Dualcast","Reboot+1","Streamline+1","Gash","Gash","Gash","Seek+1","Gash","Seek+1","Melter+1","Gash","Glacier","Skim","Hologram+1","Hyperbeam+1","FTL+1","Coolheaded","Coolheaded+1","Beam Cell+1"],"relics":["Cracked Core","Anchor","Art of War","Vajra","White Beast Statue","Prayer Wheel","Oddly Smooth Stone","Bag of Marbles","MutagenicStrength","Ornamental Fan","Runic Pyramid","TheAbacus","Dodecahedron","Letter Opener"],"potions_floor_usage":[23,25,30,42,50,50],"damage_taken":[{"damage":1,"enemies":"Cultist","floor":1,"turns":3},{"damage":7,"enemies":"Jaw Worm","floor":2,"turns":2},{"damage":1,"enemies":"2 Louse","floor":3,"turns":2},{"damage":32,"enemies":"Gremlin Nob","floor":6,"turns":4},{"damage":0,"enemies":"2 Fungi Beasts","floor":11,"turns":1},{"damage":0,"enemies":"3 Louse","floor":13,"turns":2},{"damage":21,"enemies":"Lagavulin","floor":14,"turns":4},{"damage":0,"enemies":"Slime Boss","floor":16,"turns":5},{"damage":1,"enemies":"Spheric Guardian","floor":18,"turns":3},{"damage":0,"enemies":"3 Byrds","floor":20,"turns":3},{"damage":7,"enemies":"3 Cultists","floor":22,"turns":4},{"damage":29,"enemies":"Slavers","floor":23,"turns":4},{"damage":6,"enemies":"Gremlin Leader","floor":25,"turns":4},{"damage":0,"enemies":"Book of Stabbing","floor":30,"turns":4},{"damage":0,"enemies":"Champ","floor":33,"turns":5},{"damage":0,"enemies":"3 Darklings","floor":35,"turns":2},{"damage":0,"enemies":"3 Shapes","floor":36,"turns":1},{"damage":0,"enemies":"Sphere and 2 Shapes","floor":39,"turns":1},{"damage":16,"enemies":"Reptomancer","floor":40,"turns":5},{"damage":0,"enemies":"3 Darklings","floor":46,"turns":1},{"damage":18,"enemies":"Awakened One","floor":50,"turns":7}],"seed_played":"1820415785160046995","potions_obtained":[{"floor":13,"key":"SneckoOil"},{"floor":16,"key":"Weak Potion"},{"floor":18,"key":"LiquidBronze"},{"floor":20,"key":"Dexterity Potion"},{"floor":22,"key":"PowerPotion"},{"floor":23,"key":"AttackPotion"},{"floor":25,"key":"Explosive Potion"},{"floor":30,"key":"Strength Potion"},{"floor":35,"key":"Fruit Juice"},{"floor":39,"key":"Weak Potion"},{"floor":40,"key":"FocusPotion"},{"floor":46,"key":"SmokeBomb"}],"is_trial":false,"path_per_floor":["M","M","M","$","?","E","R","$","T","R","M","R","M","E","R","B",null,"M","?","M","$","M","E","R","E","T","R","?","?","E","?","R","B",null,"M","M","$","?","M","E","R","?","T","R","$","M","?","?","R","B",null],"character_chosen":"DEFECT","items_purchased":["Gash","Glacier","TheAbacus"],"campfire_rested":4,"item_purchase_floors":[4,21,37],"current_hp_per_floor":[74,67,66,66,66,34,34,34,34,56,56,56,56,35,57,57,75,74,74,74,74,67,38,60,54,54,75,75,75,75,75,75,75,75,75,75,75,71,71,55,55,60,60,60,60,60,60,60,60,42],"gold":197,"neow_bonus":"TRANSFORM_CARD","is_prod":false,"is_daily":false,"chose_seed":false,"campfire_upgraded":6,"win_rate":0,"timestamp":1549736106,"path_taken":["M","M","M","?","?","E","R","$","T","R","M","R","M","E","R","BOSS","M","?","M","$","?","E","R","E","T","R","?","?","E","?","R","BOSS","M","M","$","?","M","E","R","?","T","R","$","?","?","?","R","BOSS"],"build_version":"2019-01-23","purchased_purges":3,"victory":true,"max_hp_per_floor":[75,75,75,75,75,75,75,75,75,75,75,75,75,75,75,75,75,75,75,75,75,75,75,75,75,75,75,75,75,75,75,75,75,75,75,75,75,71,71,71,71,76,76,76,76,76,76,76,76,76],"card_choices":[{"not_picked":["Ball Lightning","Storm"],"picked":"Streamline","floor":1},{"not_picked":["Redo","Turbo"],"picked":"Gash","floor":2},{"not_picked":["White Noise","Barrage"],"picked":"Gash","floor":3},{"not_picked":["Stack","Leap"],"picked":"Seek","floor":6},{"not_picked":["Steam","Redo","Defragment"],"picked":"SKIP","floor":11},{"not_picked":["Sweeping Beam","Cold Snap"],"picked":"Gash","floor":13},{"not_picked":["Conserve Battery","Rebound","Chaos"],"picked":"SKIP","floor":14},{"not_picked":["Multi-Cast","Amplify"],"picked":"Seek","floor":16},{"not_picked":["Beam Cell","Go for the Eyes"],"picked":"Melter+1","floor":18},{"not_picked":["Compile Driver","Sunder","Amplify"],"picked":"SKIP","floor":20},{"not_picked":["Conserve Battery","Defragment"],"picked":"Coolheaded+1","floor":22},{"not_picked":["Chaos","Steam","Barrage"],"picked":"SKIP","floor":23},{"not_picked":["Go for the Eyes","Fusion"],"picked":"Skim","floor":25},{"not_picked":["Core Surge","Undo","Heatsinks"],"picked":"SKIP","floor":30},{"not_picked":["Amplify","Multi-Cast"],"picked":"Hyperbeam","floor":33},{"not_picked":["Ball Lightning","Hologram"],"picked":"FTL+1","floor":35},{"not_picked":["Ball Lightning+1","Reprogram+1","Stack+1"],"picked":"SKIP","floor":35},{"not_picked":["Beam Cell+1","Blizzard"],"picked":"Coolheaded","floor":36},{"not_picked":["Redo","Barrage","Compile Driver+1"],"picked":"SKIP","floor":36},{"not_picked":["Undo","Streamline+1"],"picked":"Coolheaded+1","floor":39},{"not_picked":["Steam Power","Coolheaded","Cold Snap"],"picked":"SKIP","floor":39},{"not_picked":["Capacitor+1","BootSequence","Stack"],"picked":"SKIP","floor":40},{"not_picked":["Cold Snap+1","Auto Shields"],"picked":"Beam Cell+1","floor":46},{"not_picked":["Undo","Turbo","Steam Power+1"],"picked":"SKIP","floor":46}],"player_experience":162249,"relics_obtained":[{"floor":6,"key":"Anchor"},{"floor":9,"key":"Art of War"},{"floor":14,"key":"Vajra"},{"floor":23,"key":"Prayer Wheel"},{"floor":25,"key":"Oddly Smooth Stone"},{"floor":26,"key":"Bag of Marbles"},{"floor":30,"key":"Ornamental Fan"},{"floor":40,"key":"Dodecahedron"},{"floor":43,"key":"Letter Opener"}],"event_choices":[{"damage_healed":0,"gold_gain":0,"player_choice":"Leave","damage_taken":0,"max_hp_gain":0,"max_hp_loss":0,"event_name":"The Cleric","floor":5,"gold_loss":0},{"damage_healed":0,"gold_gain":0,"player_choice":"Copied","damage_taken":0,"max_hp_gain":0,"max_hp_loss":0,"event_name":"Duplicator","floor":19,"gold_loss":0,"cards_obtained":["Gash"]},{"cards_removed":["Strike_B"],"damage_healed":0,"gold_gain":0,"player_choice":"Gave Gold","damage_taken":0,"max_hp_gain":0,"max_hp_loss":0,"event_name":"Beggar","floor":28,"gold_loss":75},{"damage_healed":0,"gold_gain":0,"player_choice":"Inject Mutagens","damage_taken":0,"relics_obtained":["MutagenicStrength"],"max_hp_gain":0,"max_hp_loss":0,"event_name":"Drug Dealer","floor":29,"gold_loss":0},{"damage_healed":0,"gold_gain":0,"player_choice":"Read","damage_taken":0,"max_hp_gain":0,"max_hp_loss":0,"event_name":"The Library","floor":31,"gold_loss":0,"cards_obtained":["Hologram"]},{"damage_healed":0,"gold_gain":0,"player_choice":"Max HP","damage_taken":0,"max_hp_gain":0,"max_hp_loss":4,"event_name":"Winding Halls","floor":38,"gold_loss":0},{"damage_healed":0,"gold_gain":0,"player_choice":"Bought 0 Potions","damage_taken":0,"max_hp_gain":0,"max_hp_loss":0,"event_name":"The Woman in Blue","floor":42,"gold_loss":0},{"cards_removed":["Coolheaded"],"damage_healed":0,"gold_gain":0,"player_choice":"Removed Skill","damage_taken":0,"max_hp_gain":0,"max_hp_loss":0,"event_name":"Falling","floor":47,"gold_loss":0},{"damage_healed":0,"gold_gain":100,"player_choice":"Pray","damage_taken":0,"max_hp_gain":0,"max_hp_loss":0,"event_name":"Golden Shrine","floor":48,"gold_loss":0}],"is_beta":false,"boss_relics":[{"not_picked":["Cursed Key","Lizard Tail"],"picked":"White Beast Statue"},{"not_picked":["Sozu","Pandora\u0027s Box"],"picked":"Runic Pyramid"}],"items_purged_floors":[4,21,45],"is_endless":false,"potions_floor_spawned":[13,16,18,20,22,23,25,30,33,35,36,39,40,46],"ascension_level":2}