{"gold_per_floor":[209,57,132,132,132,167,167,167,214,232,273,115,135,155,155,279,279,292,292,308,27,52,52,92,92,92,92],"floor_reached":27,"playtime":1093,"items_purged":["Strike_R","Strike_R","Pain"],"score":382,"play_id":"cafd03c0-5035-4666-8a8f-f9c70dbd32d3","local_time":"20190207214256","is_ascension_mode":true,"campfire_choices":[{"data":"Bludgeon","floor":7,"key":"SMITH"},{"data":"Body Slam","floor":15,"key":"SMITH"},{"floor":23,"key":"REST"},{"data":"True Grit","floor":25,"key":"SMITH"}],"neow_cost":"NONE","seed_source_timestamp":84818301201204,"circlet_count":0,"master_deck":["AscendersBane","Strike_R","Strike_R+1","Defend_R","Defend_R","Defend_R","Defend_R","Bash+1","Iron Wave","Hemokinesis","Bludgeon+1","Headbutt","Twin Strike","Metallicize","Ghostly Armor","Body Slam+1","Anger","Offering","Entrench+1","True Grit+1","Reckless Charge","Shrug It Off+1"],"special_seed":0,"relics":["Burning Blood","Golden Idol","Smiling Mask","Boot","Blood Vial","Whetstone","Philosopher\u0027s Stone","WarpedTongs","Sling","Singing Bowl","Kunai"],"potions_floor_usage":[11,16],"damage_taken":[{"damage":8,"enemies":"Jaw Worm","floor":1,"turns":5},{"damage":41,"enemies":"3 Sentries","floor":6,"turns":11},{"damage":0,"enemies":"2 Louse","floor":10,"turns":3},{"damage":30,"enemies":"Lagavulin","floor":11,"turns":6},{"damage":0,"enemies":"Cultist","floor":13,"turns":3},{"damage":1,"enemies":"Exordium Thugs","floor":14,"turns":4},{"damage":26,"enemies":"Hexaghost","floor":16,"turns":8},{"damage":13,"enemies":"2 Thieves","floor":18,"turns":3},{"damage":23,"enemies":"Shell Parasite","floor":20,"turns":5},{"damage":29,"enemies":"Sentry and Sphere","floor":22,"turns":6},{"damage":31,"enemies":"Book of Stabbing","floor":24,"turns":5},{"damage":21,"enemies":"Snake Plant","floor":27,"turns":3}],"seed_played":"-9140396687359801796","potions_obtained":[{"floor":6,"key":"Weak Potion"},{"floor":14,"key":"FearPotion"}],"is_trial":false,"path_per_floor":["M","$","?","?","T","E","R","?","T","M","E","$","M","M","R","B",null,"M","?","M","$","M","R","E","R","T","M"],"character_chosen":"IRONCLAD","items_purchased":["Hemokinesis","Metallicize","Ghostly Armor","Sling","True Grit"],"campfire_rested":1,"item_purchase_floors":[2,12,12,21,21],"current_hp_per_floor":[70,70,59,59,59,24,24,24,24,32,10,10,18,25,25,7,57,52,52,37,37,16,38,15,15,15,0],"gold":92,"neow_bonus":"HUNDRED_GOLD","is_prod":false,"is_daily":false,"chose_seed":false,"campfire_upgraded":3,"win_rate":0,"timestamp":1549593776,"path_taken":["M","$","?","?","?","E","R","?","T","M","E","$","M","M","R","BOSS","M","?","?","?","M","R","E","R","T","M"],"build_version":"2019-01-23","purchased_purges":3,"victory":false,"max_hp_per_floor":[80,80,80,74,74,74,74,74,74,74,74,74,74,74,74,74,74,74,74,74,74,74,74,74,74,74,74],"card_choices":[{"not_picked":["Havoc","Twin Strike"],"picked":"Iron Wave","floor":1},{"not_picked":["Power Through","Headbutt"],"picked":"Bludgeon","floor":6},{"not_picked":["Rage","Havoc"],"picked":"Headbutt","floor":10},{"not_picked":["Bloodletting","Twin Strike","Combust"],"picked":"SKIP","floor":11},{"not_picked":["Bloodletting","Combust"],"picked":"Twin Strike","floor":11},{"not_picked":["Hemokinesis","Barricade"],"picked":"Body Slam","floor":13},{"not_picked":["Disarm","Perfected Strike"],"picked":"Anger","floor":14},{"not_picked":["Bludgeon","Juggernaut"],"picked":"Offering","floor":16},{"not_picked":["Warcry","Havoc"],"picked":"Entrench+1","floor":18},{"not_picked":["Havoc","Inflame","Heavy Blade"],"picked":"SKIP","floor":20},{"not_picked":["Searing Blow","Heavy Blade+1"],"picked":"Reckless Charge","floor":22},{"not_picked":["Headbutt","Ghostly Armor"],"picked":"Shrug It Off+1","floor":24}],"player_experience":382008,"relics_obtained":[{"floor":5,"key":"Smiling Mask"},{"floor":6,"key":"Boot"},{"floor":9,"key":"Blood Vial"},{"floor":11,"key":"Whetstone"},{"floor":24,"key":"Singing Bowl"},{"floor":26,"key":"Kunai"}],"event_choices":[{"damage_healed":0,"gold_gain":75,"player_choice":"Gather Gold","damage_taken":11,"max_hp_gain":0,"max_hp_loss":0,"event_name":"World of Goop","floor":3,"gold_loss":0},{"damage_healed":0,"gold_gain":0,"player_choice":"Lose Max HP","damage_taken":0,"relics_obtained":["Golden Idol"],"max_hp_gain":0,"max_hp_loss":6,"event_name":"Golden Idol","floor":4,"gold_loss":0},{"cards_removed":["Strike_R"],"damage_healed":0,"gold_gain":0,"player_choice":"Forget","damage_taken":0,"max_hp_gain":0,"max_hp_loss":0,"event_name":"Living Wall","floor":8,"gold_loss":0},{"damage_healed":0,"gold_gain":0,"player_choice":"Rummage","damage_taken":0,"relics_obtained":["WarpedTongs"],"max_hp_gain":0,"max_hp_loss":0,"event_name":"Accursed Blacksmith","floor":19,"gold_loss":0,"cards_obtained":["Pain"]}],"is_beta":false,"boss_relics":[{"not_picked":["Cursed Key","Runic Dome"],"picked":"Philosopher\u0027s Stone"}],"items_purged_floors":[2,12,21],"is_endless":false,"potions_floor_spawned":[6,14],"killed_by":"Snake Plant","ascension_level":12}