{"gold_per_floor":[109,109,109,184,184,184,194,194,217,236,252,252,283,299,299,373,373,384,394,407,419,438,47,47,5,5,31,41,60,77,127,127,127],"floor_reached":33,"playtime":3309,"items_purged":["Pain"],"score":477,"play_id":"11cbcca2-fee9-4e8b-8873-9613372cf970","local_time":"20190129183331","is_ascension_mode":true,"campfire_choices":[{"floor":6,"key":"REST"},{"data":"Zap","floor":8,"key":"SMITH"},{"floor":15,"key":"REST"},{"floor":24,"key":"REST"},{"floor":32,"key":"REST"}],"neow_cost":"PERCENT_DAMAGE","seed_source_timestamp":975776247260913,"circlet_count":0,"master_deck":["AscendersBane","Strike_B","Strike_B+1","Strike_B+1","Strike_B","Defend_B","Defend_B","Defend_B","Defend_B","Zap+1","Dualcast","Doom and Gloom","Melter","Redo","Defragment","Buffer","Leap","Multi-Cast","BootSequence","Hologram","Cold Snap","Reboot","Hello World","Clumsy","Normality","Reinforced Body","Ball Lightning+1"],"relics":["Cracked Core","Mango","Question Card","Pen Nib","WarpedTongs","Art of War","Cursed Key","Calipers","Sundial","Whetstone"],"potions_floor_usage":[11,16,28,29,30],"damage_taken":[{"damage":7,"enemies":"Small Slimes","floor":1,"turns":4},{"damage":7,"enemies":"Jaw Worm","floor":7,"turns":5},{"damage":1,"enemies":"Cultist","floor":10,"turns":3},{"damage":0,"enemies":"Gremlin Gang","floor":11,"turns":1},{"damage":11,"enemies":"Gremlin Nob","floor":13,"turns":3},{"damage":6,"enemies":"Red Slaver","floor":14,"turns":4},{"damage":24,"enemies":"Hexaghost","floor":16,"turns":8},{"damage":2,"enemies":"Chosen","floor":18,"turns":5},{"damage":4,"enemies":"Spheric Guardian","floor":19,"turns":3},{"damage":26,"enemies":"Chosen and Byrds","floor":20,"turns":6},{"damage":12,"enemies":"Snake Plant","floor":21,"turns":4},{"damage":9,"enemies":"Centurion and Healer","floor":22,"turns":7},{"damage":31,"enemies":"Shelled Parasite and Fungi","floor":28,"turns":6},{"damage":9,"enemies":"Snake Plant","floor":29,"turns":4},{"damage":5,"enemies":"Snecko","floor":30,"turns":6},{"damage":48,"enemies":"Champ","floor":33,"turns":10}],"seed_played":"836720223173681061","potions_obtained":[{"floor":1,"key":"Weak Potion"},{"floor":10,"key":"Explosive Potion"},{"floor":13,"key":"Explosive Potion"},{"floor":19,"key":"PowerPotion"},{"floor":20,"key":"LiquidBronze"},{"floor":28,"key":"GamblersBrew"}],"is_trial":false,"path_per_floor":["M","?","$","?","T","R","M","R","T","M","M","?","E","M","R","B",null,"M","M","M","M","M","$","R","$","T","T","M","M","M","?","R","B"],"character_chosen":"DEFECT","items_purchased":["Calipers","Hello World"],"campfire_rested":4,"item_purchase_floors":[23,25],"current_hp_per_floor":[53,53,53,42,42,67,60,60,60,59,59,59,48,42,67,43,75,73,69,43,31,22,22,47,47,47,47,16,7,2,2,27,0],"gold":127,"neow_bonus":"ONE_RARE_RELIC","is_prod":false,"is_daily":false,"chose_seed":false,"campfire_upgraded":1,"win_rate":0,"timestamp":1548783211,"path_taken":["M","?","$","?","?","R","M","R","T","M","?","?","E","M","R","BOSS","M","?","M","?","M","$","R","?","T","?","M","M","M","?","R","BOSS"],"build_version":"2019-01-23","purchased_purges":1,"victory":false,"max_hp_per_floor":[85,85,85,85,85,85,85,85,85,85,85,85,85,85,85,85,85,85,85,85,85,85,85,85,85,85,85,85,85,85,85,85,85],"card_choices":[{"not_picked":["Ball Lightning","Loop"],"picked":"Doom and Gloom","floor":1},{"not_picked":["Fusion","Stack","Blizzard"],"picked":"Melter","floor":7},{"not_picked":["Skim","Streamline","Aggregate"],"picked":"Redo","floor":10},{"not_picked":["Consume","Sweeping Beam","Glacier"],"picked":"Defragment","floor":11},{"not_picked":["Streamline","Leap","Hologram"],"picked":"Buffer","floor":13},{"not_picked":["Hologram","Sweeping Beam","Turbo"],"picked":"Leap","floor":14},{"not_picked":["Reboot","Seek","Buffer"],"picked":"Multi-Cast","floor":16},{"not_picked":["Cold Snap","Beam Cell","Rebound"],"picked":"BootSequence","floor":18},{"not_picked":["Streamline","Compile Driver","Skim","Rebound"],"picked":"SKIP","floor":19},{"not_picked":["Lockon","Steam","Chaos"],"picked":"Hologram","floor":20},{"not_picked":["Double Energy","Redo","Melter"],"picked":"Cold Snap","floor":21},{"not_picked":["Sunder","Barrage","Capacitor"],"picked":"Reboot","floor":22},{"not_picked":["Stack","Tempest","Storm","Hologram"],"picked":"SKIP","floor":28},{"not_picked":["Streamline","Hello World+1","Force Field"],"picked":"Reinforced Body","floor":29},{"not_picked":["Storm","Gash","Hologram+1"],"picked":"Ball Lightning+1","floor":30}],"player_experience":914014,"relics_obtained":[{"floor":5,"key":"Question Card"},{"floor":9,"key":"Pen Nib"},{"floor":13,"key":"Art of War"},{"floor":26,"key":"Sundial"},{"floor":27,"key":"Whetstone"}],"event_choices":[{"damage_healed":0,"gold_gain":0,"player_choice":"Leave","damage_taken":0,"max_hp_gain":0,"max_hp_loss":0,"event_name":"The Cleric","floor":2,"gold_loss":0},{"damage_healed":0,"gold_gain":75,"player_choice":"Gather Gold","damage_taken":11,"max_hp_gain":0,"max_hp_loss":0,"event_name":"World of Goop","floor":4,"gold_loss":0},{"damage_healed":0,"gold_gain":0,"player_choice":"Rummage","damage_taken":0,"relics_obtained":["WarpedTongs"],"max_hp_gain":0,"max_hp_loss":0,"event_name":"Accursed Blacksmith","floor":12,"gold_loss":0,"cards_obtained":["Pain"]},{"damage_healed":0,"gold_gain":50,"player_choice":"Stole From Cult","damage_taken":0,"max_hp_gain":0,"max_hp_loss":0,"event_name":"Nest","floor":31,"gold_loss":0}],"is_beta":true,"boss_relics":[{"not_picked":["Ectoplasm","Runic Pyramid"],"picked":"Cursed Key"}],"items_purged_floors":[23],"is_endless":false,"potions_floor_spawned":[1,10,13,19,20,21,22,28],"killed_by":"Champ","ascension_level":18}