{"path_per_floor":["M","T","M","M","?","E","M","R","T","R","?","E","M","E","R","B",null,"M","$","?","M","M","R","E","M","T","?","R"],"character_chosen":"DEFECT","items_purchased":["Capacitor","Darkness"],"gold_per_floor":[116,116,129,146,221,255,271,271,271,271,271,302,322,355,355,454,454,474,274,274,288,301,301,330,341,341,369,369,369],"floor_reached":29,"campfire_rested":1,"playtime":1486,"current_hp_per_floor":[74,74,74,73,62,38,38,38,38,38,35,34,26,1,23,5,75,73,73,73,73,73,73,51,51,51,35,35,0],"items_purged":["Strike_B"],"gold":369,"score":276,"play_id":"e45a9a94-5801-4b07-bffd-8df2f71048cd","local_time":"20180507172751","is_prod":false,"is_daily":false,"chose_seed":false,"is_ascension_mode":true,"campfire_upgraded":3,"timestamp":1525681671,"path_taken":["M","?","M","M","?","E","M","R","T","R","?","E","M","E","R","BOSS","M","$","?","M","M","R","E","M","T","?","R","E"],"build_version":"2018-05-03","seed_source_timestamp":0,"purchased_purges":1,"victory":false,"master_deck":["Strike_B","Strike_B","Defend_B","Defend_B","Defend_B","Defend_B","Zap+1","Dualcast+1","Capacitor","Beam Cell","Leap","Chill+1","Impulse+1","Coolheaded+1","Reboot+1","Skim+1","Capacitor+1","Darkness+1","Go for the Eyes+1"],"max_hp_per_floor":[75,75,75,75,75,75,75,75,75,75,75,75,75,75,75,75,75,75,75,75,75,75,75,75,75,75,75,75,75],"relics":["Cracked Core","Gambling Chip","Toolbox","Gremlin Horn","Toxic Egg 2","Bronze Scales","Frozen Egg 2","Black Star","Peace Pipe","Dodecahedron","Pantograph","Vajra","Red Mask"],"card_choices":[{"not_picked":["Barrage","Stack"],"picked":"Capacitor","floor":1},{"not_picked":["Skim","Self Repair"],"picked":"Beam Cell","floor":3},{"not_picked":["Capacitor","Hologram"],"picked":"Leap","floor":4},{"not_picked":["Doom and Gloom","Scrape"],"picked":"Chill","floor":7},{"not_picked":["Beam Cell","Capacitor"],"picked":"Impulse","floor":12},{"not_picked":["Streamline","Blizzard"],"picked":"Coolheaded","floor":14},{"not_picked":["Thunder Strike","Rainbow"],"picked":"Reboot","floor":16},{"not_picked":["Axe Kick","Hologram"],"picked":"Skim","floor":18},{"not_picked":["Reprogram","Darkness"],"picked":"Go for the Eyes","floor":21}],"player_experience":473336,"potions_floor_usage":[12,16,27],"damage_taken":[{"damage":1,"enemies":"Cultist","floor":1,"turns":3},{"damage":0,"enemies":"Small Slimes","floor":3,"turns":3},{"damage":1,"enemies":"Jaw Worm","floor":4,"turns":3},{"damage":24,"enemies":"Lagavulin","floor":6,"turns":7},{"damage":0,"enemies":"3 Louse","floor":7,"turns":4},{"damage":16,"enemies":"3 Sentries","floor":12,"turns":11},{"damage":8,"enemies":"Blue Slaver","floor":13,"turns":2},{"damage":25,"enemies":"Lagavulin","floor":14,"turns":7},{"damage":18,"enemies":"The Guardian","floor":16,"turns":13},{"damage":2,"enemies":"Chosen","floor":18,"turns":4},{"damage":0,"enemies":"3 Byrds","floor":21,"turns":2},{"damage":8,"enemies":"Centurion and Healer","floor":22,"turns":7},{"damage":22,"enemies":"Book of Stabbing","floor":24,"turns":7},{"damage":0,"enemies":"Snecko","floor":25,"turns":5},{"damage":16,"enemies":"가면 도적단","floor":27,"turns":5},{"damage":40,"enemies":"Slavers","floor":29,"turns":5}],"event_choices":[{"event_name":"World of Goop","player_choice":"Gather Gold","floor":5,"damage_taken":0},{"event_name":"Scrap Ooze","player_choice":"success","floor":11,"damage_taken":3},{"event_name":"Wheel of Change","player_choice":"Relic","floor":20,"damage_taken":0},{"event_name":"Masked Bandits","player_choice":"Fought over 341 gold","floor":27,"damage_taken":0}],"boss_relics":[{"not_picked":["Orrery","Tiny House"],"picked":"Black Star"}],"potions_floor_spawned":[6,12,16,21,27],"seed_played":"8262709122418054131","killed_by":"Slavers","ascension_level":1,"is_trial":false}