{"path_per_floor":["M","?","M","$","?","R","E","R","T","?","?","$","M","M","R","B",null,"M","?","M","?","M"],"character_chosen":"DEFECT","items_purchased":["Blood Vial","Coolheaded","PowerPotion"],"gold_per_floor":[213,213,226,33,33,33,62,62,62,124,124,73,88,113,113,242,242,265,265,288,203,227,227],"floor_reached":23,"campfire_rested":1,"playtime":1055,"item_purchase_floors":[4,4,12],"current_hp_per_floor":[60,53,53,53,53,53,42,42,42,18,18,18,20,21,42,28,62,64,64,55,55,21,0],"items_purged":[],"gold":227,"score":265,"play_id":"ce7e133b-b588-4679-8116-67952c64ecc2","local_time":"20180531103537","is_prod":false,"is_daily":false,"chose_seed":false,"is_ascension_mode":true,"campfire_upgraded":2,"win_rate":0,"timestamp":1527755737,"campfire_choices":[{"data":"Zap","floor":6,"key":"SMITH"},{"data":"Loop","floor":8,"key":"SMITH"},{"floor":15,"key":"REST"}],"path_taken":["M","?","M","$","?","R","E","R","T","?","?","?","M","M","R","BOSS","M","?","M","?","M","E"],"build_version":"2018-05-30v2","seed_source_timestamp":47162676611770,"purchased_purges":0,"victory":false,"master_deck":["Strike_B","Strike_B","Strike_B","Defend_B","Defend_B","Defend_B","Defend_B","Zap+1","Dualcast","Ball Lightning","Coolheaded","Coolheaded","Loop+1","Skim","Biased Cognition+1","Capacitor+1","Self Repair+1"],"max_hp_per_floor":[75,75,75,75,75,75,75,75,75,77,71,71,71,73,73,73,73,73,73,75,75,75,75],"relics":["Cracked Core","Blood Vial","Singing Bowl","Frozen Egg 2","Ancient Tea Set","Golden Idol","White Beast Statue","DataDisk"],"card_choices":[{"not_picked":["Gash","Leap"],"picked":"Ball Lightning","floor":1},{"not_picked":["Cold Snap","Glacier"],"picked":"Coolheaded","floor":3},{"not_picked":["Fusion","Streamline"],"picked":"Loop","floor":7},{"not_picked":["Scrape","Beam Cell","Stack"],"picked":"Singing Bowl","floor":10},{"not_picked":["Stack","Coolheaded"],"picked":"Skim","floor":13},{"not_picked":["Sweeping Beam","Turbo","Barrage"],"picked":"Singing Bowl","floor":14},{"not_picked":["Amplify","Buffer+1"],"picked":"Biased Cognition+1","floor":16},{"not_picked":["Cold Snap","Chaos"],"picked":"Capacitor+1","floor":18},{"not_picked":["Leap","Sunder","Static Discharge+1"],"picked":"Singing Bowl","floor":20},{"not_picked":["Cold Snap","Scrape+1"],"picked":"Self Repair+1","floor":22}],"player_experience":581875,"potions_floor_usage":[10,16,18,20,22,23,23],"damage_taken":[{"damage":8,"enemies":"Jaw Worm","floor":1,"turns":4},{"damage":0,"enemies":"Small Slimes","floor":3,"turns":2},{"damage":13,"enemies":"Lagavulin","floor":7,"turns":6},{"damage":28,"enemies":"Gremlin Nob","floor":10,"turns":4},{"damage":0,"enemies":"Cultist","floor":13,"turns":3},{"damage":3,"enemies":"Exordium Thugs","floor":14,"turns":4},{"damage":16,"enemies":"The Guardian","floor":16,"turns":12},{"damage":0,"enemies":"Spheric Guardian","floor":18,"turns":3},{"damage":13,"enemies":"Shell Parasite","floor":20,"turns":7},{"damage":36,"enemies":"Snake Plant","floor":22,"turns":4},{"damage":23,"enemies":"Gremlin Leader","floor":23,"turns":1}],"relics_obtained":[{"floor":7,"key":"Singing Bowl"},{"floor":9,"key":"Frozen Egg 2"},{"floor":10,"key":"Ancient Tea Set"}],"event_choices":[{"event_name":"Golden Wing","player_choice":"Card Removal","floor":2,"damage_taken":0},{"event_name":"Liars Game","player_choice":"disagreed","floor":5,"damage_taken":0},{"event_name":"Dead Adventurer","player_choice":"Searched \u00272\u0027 times","floor":10,"damage_taken":0},{"event_name":"Golden Idol","player_choice":"Lose Max HP","floor":11,"damage_taken":0},{"event_name":"Cursed Tome","player_choice":"Ignored","floor":19,"damage_taken":0},{"event_name":"Addict","player_choice":"Obtained Relic","floor":21,"damage_taken":0}],"boss_relics":[{"not_picked":["Tiny House","Runic Pyramid"],"picked":"White Beast Statue"}],"items_purged_floors":[],"potions_floor_spawned":[3,7,13,16,18,20,22],"seed_played":"3598817367866205305","killed_by":"Gremlin Leader","ascension_level":8,"potions_obtained":[{"floor":3,"key":"Energy Potion"},{"floor":7,"key":"SkillPotion"},{"floor":13,"key":"Energy Potion"},{"floor":16,"key":"Poison Potion"},{"floor":18,"key":"GamblersBrew"},{"floor":20,"key":"FocusPotion"},{"floor":22,"key":"Poison Potion"}],"is_trial":false}