{"gold_per_floor":[114,134,147,72,89,89,164,184,184,214,231,249,249,41,41,116,116,132,132,132,47,47,47,0,20,43,57,57,72,72,72,72,72],"floor_reached":33,"playtime":1118,"items_purged":[],"score":619,"play_id":"3fb9776a-1ed7-4cf0-838d-cc816d0dbf9a","local_time":"20190305090228","is_ascension_mode":true,"campfire_choices":[{"data":"Zap","floor":6,"key":"SMITH"},{"data":"Consume","floor":13,"key":"SMITH"},{"data":"Capacitor","floor":15,"key":"SMITH"},{"data":"Ghostly","floor":23,"key":"SMITH"},{"floor":28,"key":"REST"},{"data":"Ghostly","floor":32,"key":"SMITH"}],"neow_cost":"TEN_PERCENT_HP_LOSS","seed_source_timestamp":2329008032019300,"circlet_count":0,"master_deck":["AscendersBane","Defend_B","Defend_B","Defend_B","Defend_B","Zap+1","Dualcast","Core Surge","Gash","Cold Snap","Auto Shields","Electrodynamics","Gash","Consume+1","Go for the Eyes","Core Surge","Capacitor+1","Machine Learning","Leap+1","Ghostly+1","Ghostly+1","Ghostly","Gash","Doom and Gloom","Bite+1","Bite+1","Bite+1","Bite+1","Bite+1"],"relics":["Cracked Core","Blue Candle","Shuriken","Lantern","Philosopher\u0027s Stone","The Courier","Omamori","Molten Egg 2"],"potions_floor_usage":[10,16,16,19,25,27,33],"damage_taken":[{"damage":0,"enemies":"Cultist","floor":1,"turns":3},{"damage":5,"enemies":"Small Slimes","floor":2,"turns":3},{"damage":5,"enemies":"Jaw Worm","floor":3,"turns":3},{"damage":5,"enemies":"Large Slime","floor":5,"turns":6},{"damage":0,"enemies":"2 Fungi Beasts","floor":8,"turns":3},{"damage":24,"enemies":"3 Sentries","floor":10,"turns":3},{"damage":4,"enemies":"Looter","floor":11,"turns":3},{"damage":0,"enemies":"Exordium Wildlife","floor":12,"turns":2},{"damage":0,"enemies":"Slime Boss","floor":16,"turns":6},{"damage":23,"enemies":"Shell Parasite","floor":18,"turns":4},{"damage":20,"enemies":"Colosseum Slavers","floor":19,"turns":5},{"damage":0,"enemies":"Chosen","floor":25,"turns":5},{"damage":10,"enemies":"Snake Plant","floor":27,"turns":5},{"damage":0,"enemies":"Centurion and Healer","floor":29,"turns":6},{"damage":44,"enemies":"Champ","floor":33,"turns":5}],"seed_played":"-1106541618643387953","potions_obtained":[{"floor":2,"key":"Regen Potion"},{"floor":10,"key":"Swift Potion"},{"floor":12,"key":"FearPotion"},{"floor":16,"key":"Fruit Juice"},{"floor":18,"key":"Weak Potion"},{"floor":25,"key":"PowerPotion"},{"floor":27,"key":"PowerPotion"}],"is_trial":false,"path_per_floor":["M","M","M","?","M","R","?","M","T","E","M","M","R","$","R","B",null,"M","?","?","?","?","R","$","M","T","M","R","M","?","?","R","B"],"character_chosen":"DEFECT","items_purchased":["Capacitor","Lantern","Gash"],"campfire_rested":1,"item_purchase_floors":[14,14,24],"current_hp_per_floor":[64,59,54,54,49,49,38,38,38,19,15,15,15,15,15,20,57,34,14,14,14,14,14,14,14,14,4,14,14,14,14,14,0],"gold":72,"neow_bonus":"THREE_RARE_CARDS","is_prod":false,"is_daily":false,"chose_seed":false,"campfire_upgraded":5,"win_rate":0,"timestamp":1551805348,"path_taken":["M","M","M","?","M","R","?","M","T","E","M","M","R","$","R","BOSS","M","?","?","?","?","R","?","M","T","M","R","?","?","?","R","BOSS"],"build_version":"2019-01-23","purchased_purges":0,"victory":false,"max_hp_per_floor":[64,64,64,64,64,64,64,64,64,64,64,64,64,64,64,69,69,69,69,69,69,34,34,34,34,34,34,34,34,34,23,23,23],"card_choices":[{"not_picked":["Buffer","Amplify"],"picked":"Core Surge","floor":0},{"not_picked":["Compile Driver","Redo"],"picked":"Gash","floor":1},{"not_picked":["Reinforced Body","Conserve Battery"],"picked":"Cold Snap","floor":2},{"not_picked":["Double Energy","BootSequence"],"picked":"Auto Shields","floor":3},{"not_picked":["Beam Cell","Sweeping Beam"],"picked":"Electrodynamics","floor":5},{"not_picked":["Hologram","Storm"],"picked":"Gash","floor":8},{"not_picked":["Blizzard","Loop"],"picked":"Consume","floor":10},{"not_picked":["Force Field","Beam Cell"],"picked":"Go for the Eyes","floor":11},{"not_picked":["Sweeping Beam","Self Repair"],"picked":"Core Surge","floor":12},{"not_picked":["Multi-Cast","Amplify"],"picked":"Machine Learning","floor":16},{"not_picked":["Auto Shields+1","Compile Driver"],"picked":"Leap+1","floor":18},{"not_picked":["Steam","Compile Driver+1","Melter"],"picked":"SKIP","floor":25},{"not_picked":["Streamline","Cold Snap"],"picked":"Doom and Gloom","floor":27},{"not_picked":["Sunder","Hologram","Redo"],"picked":"SKIP","floor":29}],"player_experience":787379,"relics_obtained":[{"floor":9,"key":"Blue Candle"},{"floor":10,"key":"Shuriken"},{"floor":26,"key":"Omamori"}],"event_choices":[{"cards_removed":["Strike_B"],"damage_healed":0,"gold_gain":0,"player_choice":"Card Removal","damage_taken":0,"max_hp_gain":0,"max_hp_loss":0,"event_name":"The Cleric","floor":4,"gold_loss":75},{"damage_healed":0,"gold_gain":75,"player_choice":"Gather Gold","damage_taken":11,"max_hp_gain":0,"max_hp_loss":0,"event_name":"World of Goop","floor":7,"gold_loss":0},{"damage_healed":0,"gold_gain":0,"player_choice":"Fight","damage_taken":0,"max_hp_gain":0,"max_hp_loss":0,"event_name":"Colosseum","floor":19,"gold_loss":0},{"damage_healed":0,"gold_gain":0,"player_choice":"Fled From Nobs","damage_taken":0,"max_hp_gain":0,"max_hp_loss":0,"event_name":"Colosseum","floor":19,"gold_loss":0},{"damage_healed":0,"gold_gain":0,"player_choice":"Ignored","damage_taken":0,"max_hp_gain":0,"max_hp_loss":0,"event_name":"Cursed Tome","floor":20,"gold_loss":0},{"damage_healed":0,"gold_gain":0,"player_choice":"Obtained Relic","damage_taken":0,"relics_obtained":["The Courier"],"max_hp_gain":0,"max_hp_loss":0,"event_name":"Addict","floor":21,"gold_loss":85},{"damage_healed":0,"gold_gain":0,"player_choice":"Became a Ghost","damage_taken":0,"max_hp_gain":0,"max_hp_loss":35,"event_name":"Ghosts","floor":22,"gold_loss":0,"cards_obtained":["Ghostly","Ghostly","Ghostly"]},{"damage_healed":0,"gold_gain":0,"player_choice":"Opened","damage_taken":0,"relics_obtained":["Molten Egg 2"],"max_hp_gain":0,"max_hp_loss":0,"event_name":"The Mausoleum","floor":30,"gold_loss":0,"cards_obtained":["Writhe"]},{"damage_healed":0,"gold_gain":0,"player_choice":"Became a vampire","damage_taken":0,"max_hp_gain":0,"max_hp_loss":11,"event_name":"Vampires","floor":31,"gold_loss":0,"cards_obtained":["Bite","Bite","Bite","Bite","Bite"]}],"is_beta":false,"boss_relics":[{"not_picked":["White Beast Statue","Runic Dome"],"picked":"Philosopher\u0027s Stone"}],"items_purged_floors":[],"is_endless":false,"potions_floor_spawned":[2,10,12,16,18,25,27],"killed_by":"Champ","ascension_level":20}