{"gold_per_floor":[115,115,190,205,133,133,152,152,152,162,162,182,201,201,201,305,355,375,182,182,192,210,210,210,210,210,309,337,350,366,366],"floor_reached":31,"playtime":2058,"items_purged":[],"score":297,"play_id":"fa4979ef-cebf-4ed0-91f4-24f5b742bc89","local_time":"20181214153030","daily_mods":["SealedDeck"],"is_ascension_mode":false,"campfire_choices":[{"data":"Fusion","floor":6,"key":"SMITH"},{"data":"Fusion","floor":8,"key":"SMITH"},{"data":"Blizzard","floor":11,"key":"SMITH"},{"floor":15,"key":"REST"},{"floor":23,"key":"REST"},{"data":"Echo Form","floor":25,"key":"SMITH"}],"neow_cost":"","seed_source_timestamp":0,"circlet_count":0,"master_deck":["Fusion","Beam Cell+1","Fusion+1","Fusion+1","Conserve Battery","Glacier+1","Cold Snap","Cold Snap+1","Blizzard","Blizzard+1","Loop+1","Ball Lightning","Redo","Conserve Battery","Undo","Cold Snap+1","Conserve Battery","Echo Form+1","Fusion","Cold Snap","Capacitor"],"relics":["Cracked Core","Dream Catcher","Tiny House","Toy Ornithopter","Whetstone","Bottled Lightning"],"potions_floor_usage":[21],"damage_taken":[{"damage":7,"enemies":"Jaw Worm","floor":1,"turns":3},{"damage":0,"enemies":"Small Slimes","floor":4,"turns":3},{"damage":0,"enemies":"Cultist","floor":7,"turns":4},{"damage":0,"enemies":"2 Fungi Beasts","floor":10,"turns":4},{"damage":6,"enemies":"Exordium Thugs","floor":12,"turns":6},{"damage":8,"enemies":"3 Louse","floor":13,"turns":3},{"damage":1,"enemies":"The Guardian","floor":16,"turns":15},{"damage":2,"enemies":"Spheric Guardian","floor":18,"turns":7},{"damage":14,"enemies":"3 Byrds","floor":21,"turns":6},{"damage":36,"enemies":"Cultist and Chosen","floor":22,"turns":8},{"damage":48,"enemies":"Gremlin Leader","floor":28,"turns":6},{"damage":3,"enemies":"3 Cultists","floor":29,"turns":6},{"damage":20,"enemies":"Centurion and Healer","floor":30,"turns":8},{"damage":9,"enemies":"Shelled Parasite and Fungi","floor":31,"turns":1}],"seed_played":"168836137360384766","potions_obtained":[{"floor":7,"key":"Ancient Potion"},{"floor":12,"key":"SteroidPotion"},{"floor":16,"key":"SpeedPotion"},{"floor":18,"key":"PowerPotion"},{"floor":28,"key":"Weak Potion"}],"is_trial":true,"path_per_floor":["M","?","?","M","$","R","M","R","T","M","R","M","M","?","R","B",null,"M","$","?","M","M","R","?","R","T","?","E","M","M","M"],"character_chosen":"DEFECT","items_purchased":["Redo","Conserve Battery","Toy Ornithopter"],"campfire_rested":2,"item_purchase_floors":[5,5,19],"current_hp_per_floor":[68,68,57,57,57,57,57,57,57,57,57,51,43,28,50,49,80,78,78,78,66,30,54,80,80,80,80,32,29,9,0],"gold":366,"neow_bonus":"","is_prod":false,"is_daily":false,"chose_seed":false,"campfire_upgraded":4,"win_rate":0,"timestamp":1544819430,"path_taken":["M","?","?","M","?","R","?","R","T","?","R","M","M","?","R","BOSS","M","$","?","M","M","R","?","R","T","?","E","?","M","M"],"build_version":"2018-12-13","purchased_purges":0,"victory":false,"max_hp_per_floor":[75,75,75,75,75,75,75,75,75,75,75,75,75,75,75,75,80,80,80,80,80,80,80,80,80,80,80,80,80,80,80],"card_choices":[{"not_picked":["Sweeping Beam","Turbo"],"picked":"Loop","floor":1},{"not_picked":["Rebound","Doom and Gloom"],"picked":"Ball Lightning","floor":4},{"not_picked":["Stack","FTL"],"picked":"Undo","floor":7},{"not_picked":["Compile Driver","FTL","Rebound"],"picked":"SKIP","floor":10},{"not_picked":["All For One","White Noise","Genetic Algorithm"],"picked":"SKIP","floor":12},{"not_picked":["Go for the Eyes","White Noise"],"picked":"Cold Snap","floor":13},{"not_picked":["Streamline","Genetic Algorithm"],"picked":"Conserve Battery","floor":15},{"not_picked":["Thunder Strike","Core Surge"],"picked":"Echo Form","floor":16},{"not_picked":["Aggregate","Streamline"],"picked":"Fusion","floor":17},{"not_picked":["Streamline+1","Hello World","Consume"],"picked":"SKIP","floor":18},{"not_picked":["Steam","Stack"],"picked":"Cold Snap","floor":21},{"not_picked":["Auto Shields","Steam+1","Beam Cell+1"],"picked":"SKIP","floor":22},{"not_picked":["BootSequence","Redo+1"],"picked":"Capacitor","floor":28},{"not_picked":["Go for the Eyes","Turbo","Sweeping Beam"],"picked":"SKIP","floor":29},{"not_picked":["Beam Cell+1","Redo+1","Rebound"],"picked":"SKIP","floor":30}],"player_experience":287052,"relics_obtained":[{"floor":9,"key":"Dream Catcher"},{"floor":26,"key":"Whetstone"},{"floor":28,"key":"Bottled Lightning"}],"event_choices":[{"damage_healed":0,"gold_gain":0,"player_choice":"Ignored","damage_taken":0,"max_hp_gain":0,"max_hp_loss":0,"event_name":"Liars Game","floor":2,"gold_loss":0},{"damage_healed":0,"gold_gain":75,"player_choice":"Gather Gold","damage_taken":11,"max_hp_gain":0,"max_hp_loss":0,"event_name":"World of Goop","floor":3,"gold_loss":0},{"damage_healed":0,"gold_gain":0,"player_choice":"Entered Light","damage_taken":15,"max_hp_gain":0,"max_hp_loss":0,"event_name":"Shining Light","floor":14,"gold_loss":0,"cards_upgraded":["Beam Cell","Glacier"]},{"damage_healed":0,"gold_gain":0,"player_choice":"Ignored","damage_taken":0,"max_hp_gain":0,"max_hp_loss":0,"event_name":"Cursed Tome","floor":20,"gold_loss":0},{"damage_healed":26,"gold_gain":0,"player_choice":"Heal","damage_taken":0,"max_hp_gain":0,"max_hp_loss":0,"event_name":"The Library","floor":24,"gold_loss":0},{"damage_healed":0,"gold_gain":99,"player_choice":"Stole From Cult","damage_taken":0,"max_hp_gain":0,"max_hp_loss":0,"event_name":"Nest","floor":27,"gold_loss":0}],"is_beta":false,"boss_relics":[{"not_picked":["Velvet Choker","Empty Cage"],"picked":"Tiny House"}],"items_purged_floors":[],"is_endless":false,"potions_floor_spawned":[7,12,16,18,28,29],"killed_by":"Shelled Parasite and Fungi","ascension_level":0}