{"gold_per_floor":[112,112,42,60,235,261,261,336,417,294,310,310,327,327,327,422,422,435,435,435,454,354,354,354,194,194,211,240,71,91,91],"floor_reached":31,"playtime":2184,"items_purged":["Doubt","Defend_B","Strike_B"],"score":301,"play_id":"5ab19055-0abb-4e8a-a42a-3f2143cfbfb5","local_time":"20181107004644","is_ascension_mode":true,"campfire_choices":[{"floor":7,"key":"REST"},{"data":"Coolheaded","floor":15,"key":"SMITH"},{"floor":23,"key":"REST"}],"neow_cost":"NONE","seed_source_timestamp":2303533696910135,"circlet_count":0,"master_deck":["Strike_B","Defend_B","Defend_B","Defend_B","Zap","Dualcast","Gash","Scrape","FTL","Rebound","Coolheaded+1","Gash","Hologram+1","Steam Power","Steam+1","Hologram","Coolheaded","Scrape","Beam Cell"],"relics":["Cracked Core","Bag of Preparation","Incense Burner","Sozu","Cables","Bottled Flame","Boot"],"potions_floor_usage":[6,28],"damage_taken":[{"damage":0,"enemies":"Cultist","floor":1,"turns":3},{"damage":4,"enemies":"2 Louse","floor":4,"turns":3},{"damage":28,"enemies":"Gremlin Nob","floor":6,"turns":5},{"damage":0,"enemies":"Small Slimes","floor":11,"turns":3},{"damage":0,"enemies":"2 Fungi Beasts","floor":13,"turns":3},{"damage":31,"enemies":"Hexaghost","floor":16,"turns":9},{"damage":15,"enemies":"2 Thieves","floor":18,"turns":3},{"damage":16,"enemies":"Colosseum Slavers","floor":19,"turns":4},{"damage":0,"enemies":"Chosen","floor":21,"turns":4},{"damage":16,"enemies":"Snake Plant","floor":27,"turns":3},{"damage":30,"enemies":"Book of Stabbing","floor":28,"turns":4},{"damage":13,"enemies":"Shelled Parasite and Fungi","floor":30,"turns":4},{"damage":15,"enemies":"Snecko","floor":31,"turns":3}],"seed_played":"5029384067357184286","potions_obtained":[{"floor":1,"key":"Weak Potion"},{"floor":12,"key":"SteroidPotion"},{"floor":12,"key":"GamblersBrew"},{"floor":12,"key":"Explosive Potion"}],"is_trial":false,"path_per_floor":["M","?","$","M","?","E","R","?","T","$","M","?","M","?","R","B",null,"M","?","?","M","$","R","?","$","T","M","E","$","M","M"],"character_chosen":"DEFECT","items_purchased":["Scrape","Coolheaded","Steam Power","Hologram","Coolheaded","Scrape"],"campfire_rested":2,"item_purchase_floors":[3,10,25,29,29,29],"current_hp_per_floor":[75,68,68,64,64,36,58,47,47,47,47,47,47,44,44,13,75,60,44,44,44,44,66,66,66,66,50,20,20,7,0],"gold":91,"neow_bonus":"THREE_CARDS","is_prod":false,"is_daily":false,"chose_seed":false,"campfire_upgraded":1,"win_rate":0,"timestamp":1541548004,"path_taken":["M","?","$","M","?","E","R","?","T","$","M","?","?","?","R","BOSS","M","?","?","M","$","R","?","$","T","?","E","?","M","M"],"build_version":"2018-11-05","purchased_purges":3,"victory":false,"max_hp_per_floor":[75,75,75,75,75,75,75,75,75,75,75,75,75,75,75,75,75,75,75,75,75,75,75,75,75,75,75,75,75,75,75],"card_choices":[{"not_picked":["Compile Driver","Recycle"],"picked":"Gash","floor":0},{"not_picked":["Force Field","Turbo","Blizzard"],"picked":"SKIP","floor":1},{"not_picked":["Conserve Battery","Beam Cell"],"picked":"FTL","floor":4},{"not_picked":["Loop","Ball Lightning"],"picked":"Rebound","floor":6},{"not_picked":["Cold Snap","Conserve Battery","Loop"],"picked":"SKIP","floor":11},{"not_picked":["Compile Driver","Capacitor"],"picked":"Gash","floor":13},{"not_picked":["Darkness","Heatsinks","Ball Lightning+1"],"picked":"SKIP","floor":18},{"not_picked":["Consume","Go for the Eyes+1"],"picked":"Hologram+1","floor":21},{"not_picked":["Streamline","Leap"],"picked":"Steam+1","floor":27},{"not_picked":["Streamline","Fusion","Compile Driver"],"picked":"SKIP","floor":28},{"not_picked":["Cold Snap","Leap"],"picked":"Beam Cell","floor":30}],"player_experience":269808,"relics_obtained":[{"floor":6,"key":"Bag of Preparation"},{"floor":26,"key":"Bottled Flame"},{"floor":28,"key":"Boot"}],"event_choices":[{"cards_removed":["Strike_B"],"damage_healed":0,"gold_gain":0,"player_choice":"Card Removal","damage_taken":7,"max_hp_gain":0,"max_hp_loss":0,"event_name":"Golden Wing","floor":2,"gold_loss":0},{"damage_healed":0,"gold_gain":175,"player_choice":"AGREE","damage_taken":0,"max_hp_gain":0,"max_hp_loss":0,"event_name":"Liars Game","floor":5,"gold_loss":0,"cards_obtained":["Doubt"]},{"damage_healed":0,"gold_gain":75,"player_choice":"Gather Gold","damage_taken":11,"max_hp_gain":0,"max_hp_loss":0,"event_name":"World of Goop","floor":8,"gold_loss":0},{"damage_healed":0,"gold_gain":0,"player_choice":"Got Potions","damage_taken":0,"max_hp_gain":0,"max_hp_loss":0,"event_name":"Lab","floor":12,"gold_loss":0},{"damage_healed":0,"gold_gain":0,"player_choice":"Success","damage_taken":3,"relics_obtained":["Incense Burner"],"max_hp_gain":0,"max_hp_loss":0,"event_name":"Scrap Ooze","floor":14,"gold_loss":0},{"damage_healed":0,"gold_gain":0,"player_choice":"Fight","damage_taken":0,"max_hp_gain":0,"max_hp_loss":0,"event_name":"Colosseum","floor":19,"gold_loss":0},{"damage_healed":0,"gold_gain":0,"player_choice":"Fled From Nobs","damage_taken":0,"max_hp_gain":0,"max_hp_loss":0,"event_name":"Colosseum","floor":19,"gold_loss":0},{"cards_removed":["Strike_B"],"damage_healed":0,"gold_gain":0,"player_choice":"Elegance","damage_taken":0,"max_hp_gain":0,"max_hp_loss":0,"event_name":"Back to Basics","floor":20,"gold_loss":0},{"damage_healed":0,"gold_gain":0,"player_choice":"Gave Potion","damage_taken":0,"relics_obtained":["Cables"],"max_hp_gain":0,"max_hp_loss":0,"event_name":"WeMeetAgain","floor":24,"gold_loss":0}],"is_beta":true,"boss_relics":[{"not_picked":["Ectoplasm","Cursed Key"],"picked":"Sozu"}],"items_purged_floors":[10,22,25],"is_endless":false,"potions_floor_spawned":[1,16,18,19,27],"killed_by":"Snecko","ascension_level":4}