{"path_per_floor":["M","M","?","M","?","E","?","R","T","M","M","R","M","?","R","B",null,"M","M","?","$"],"character_chosen":"THE_SILENT","items_purchased":["Apotheosis"],"gold_per_floor":[109,119,119,139,64,91,91,91,145,155,175,175,186,186,186,264,264,276,294,294,18,18],"floor_reached":22,"campfire_rested":0,"playtime":1043,"current_hp_per_floor":[59,59,59,59,59,49,49,49,49,47,50,50,58,58,58,49,62,50,36,15,15,0],"items_purged":["Decay"],"gold":18,"score":326,"play_id":"763da64a-6eda-481d-9fa6-e287006765af","local_time":"20180404180704","is_prod":false,"is_daily":false,"is_ascension_mode":true,"campfire_upgraded":3,"timestamp":1522832824,"path_taken":["M","?","?","M","?","E","?","R","T","M","?","R","M","?","R","BOSS","M","M","?","?","M"],"build_version":"2018-03-29v2","purchased_purges":1,"victory":false,"master_deck":["Survivor","Neutralize+1","AscendersBane","Deadly Poison+1","Footwork","Well Laid Plans+1","Dagger Spray+1","After Image","Terror","Deflect","PiercingWail","Night Terror","Cloak And Dagger","Deadly Poison","Blade Dance","Eviscerate","Cloak And Dagger","Slice","Prepared","Slice","Acrobatics+1","Blur","Apotheosis"],"max_hp_per_floor":[66,66,66,66,66,66,66,66,66,66,66,66,66,66,66,66,66,66,66,66,66,66],"relics":["Ring of the Snake","NeowsBlessing","Bird Faced Urn","Blood Vial","Pandora\u0027s Box"],"card_choices":[{"not_picked":["Backflip","Sucker Punch"],"picked":"Deadly Poison","floor":1},{"not_picked":["Caltrops","Blade Dance"],"picked":"Footwork","floor":2},{"not_picked":["Expertise","Deflect"],"picked":"Well Laid Plans","floor":4},{"not_picked":["Bane","Slice"],"picked":"Dagger Spray","floor":6},{"not_picked":["Masterful Stab","Endless Agony"],"picked":"Terror","floor":10},{"not_picked":["Slice","A Thousand Cuts"],"picked":"Deflect","floor":11},{"not_picked":["Prepared","Dagger Throw"],"picked":"PiercingWail","floor":13},{"not_picked":["A Thousand Cuts","Envenom"],"picked":"Night Terror","floor":16},{"not_picked":["Bane","Eviscerate"],"picked":"Acrobatics","floor":18},{"not_picked":["Deflect","Caltrops"],"picked":"Blur","floor":19}],"player_experience":402394,"potions_floor_usage":[19,19,22],"damage_taken":[{"damage":0,"enemies":"Cultist","floor":1,"turns":1},{"damage":0,"enemies":"Small Slimes","floor":2,"turns":1},{"damage":0,"enemies":"2 Louse","floor":4,"turns":1},{"damage":10,"enemies":"Lagavulin","floor":6,"turns":9},{"damage":10,"enemies":"Exordium Wildlife","floor":10,"turns":5},{"damage":5,"enemies":"Large Slime","floor":11,"turns":7},{"damage":0,"enemies":"2 Fungi Beasts","floor":13,"turns":4},{"damage":17,"enemies":"Hexaghost","floor":16,"turns":13},{"damage":23,"enemies":"Spheric Guardian","floor":18,"turns":7},{"damage":22,"enemies":"2 Thieves","floor":19,"turns":4},{"damage":23,"enemies":"Chosen and Byrds","floor":22,"turns":4}],"event_choices":[{"event_name":"Accursed Blacksmith","player_choice":"Forge","floor":3,"damage_taken":0},{"event_name":"The Cleric","player_choice":"Card Removal","floor":5,"damage_taken":0},{"event_name":"Transmorgrifier","player_choice":"Transform","floor":7,"damage_taken":0},{"event_name":"Wheel of Change","player_choice":"Curse","floor":14,"damage_taken":0},{"event_name":"Cursed Tome","player_choice":"Obtained Book","floor":20,"damage_taken":0}],"boss_relics":[{"not_picked":["White Beast Statue","Orrery"],"picked":"Pandora\u0027s Box"}],"potions_floor_spawned":[2,11,13,16,18,19],"seed_played":"680240307417120497","killed_by":"Chosen and Byrds","ascension_level":15,"is_trial":false}