{"gold_per_floor":[112,112,73,85,96,122,136,171,171,186,186,236,271,98,98,203,203],"floor_reached":17,"playtime":537,"items_purged":["Strike_R"],"score":184,"play_id":"0aa90d39-df93-4ad1-940e-e3a8a6f76c35","local_time":"20190301193212","is_ascension_mode":true,"campfire_choices":[{"data":"Body Slam","floor":11.0,"key":"SMITH"},{"floor":15,"key":"REST"}],"neow_cost":"NONE","seed_source_timestamp":0,"circlet_count":0,"master_deck":["Bash","Body Slam+1","Ghostly Armor","Shrug It Off","Pommel Strike","Whirlwind","Armaments","Metallicize","Seeing Red","Finesse","Impervious","Juggernaut","Blood for Blood","Clash","Flame Barrier","Clash","Reaper","Berserk","Carnage"],"special_seed":0,"relics":["Burning Blood","NeowsBlessing","Paper Frog","Bag of Preparation","Dodecahedron","Happy Flower","StoneCalendar","Pandora\u0027s Box"],"potions_floor_usage":[],"damage_taken":[{"damage":0.0,"enemies":"Jaw Worm","floor":1.0,"turns":1.0},{"damage":0.0,"enemies":"Cultist","floor":4.0,"turns":1.0},{"damage":0.0,"enemies":"Small Slimes","floor":5.0,"turns":1.0},{"damage":35.0,"enemies":"3 Sentries","floor":6.0,"turns":10.0},{"damage":7.0,"enemies":"Blue Slaver","floor":7.0,"turns":4.0},{"damage":14.0,"enemies":"Gremlin Nob","floor":8.0,"turns":4.0},{"damage":5.0,"enemies":"Red Slaver","floor":10.0,"turns":4.0},{"damage":21.0,"enemies":"3 Sentries","floor":13.0,"turns":7.0},{"damage":11,"enemies":"The Guardian","floor":16,"turns":11}],"seed_played":"-395679082246420757","potions_obtained":[{"floor":2.0,"key":"FairyPotion"},{"floor":2.0,"key":"Weak Potion"},{"floor":2.0,"key":"FairyPotion"},{"floor":6.0,"key":"SpeedPotion"},{"floor":10.0,"key":"Dexterity Potion"}],"is_trial":false,"path_per_floor":["M","?","$","M","M","E","M","E","T","M","R","T","E","$","R","B",null],"character_chosen":"IRONCLAD","items_purchased":["Ghostly Armor","Finesse"],"campfire_rested":1,"item_purchase_floors":[3,14],"current_hp_per_floor":[80,80,80,80,80,51,50,42,42,43,43,43,28,28,52,47,47],"gold":203,"neow_bonus":"THREE_ENEMY_KILL","is_prod":false,"is_daily":false,"chose_seed":false,"campfire_upgraded":1,"win_rate":0,"timestamp":1551486732,"path_taken":["M","?","$","M","?","E","M","E","T","M","R","?","E","$","R","BOSS"],"build_version":"2019-01-23","purchased_purges":1,"victory":false,"max_hp_per_floor":[80,80,80,80,80,80,80,80,80,80,80,80,80,80,80,80,80],"card_choices":[{"not_picked":["Flex","Second Wind"],"picked":"Body Slam","floor":1.0},{"not_picked":["Sever Soul","Entrench"],"picked":"Shrug It Off","floor":4.0},{"not_picked":["Sentinel","Brutality"],"picked":"Pommel Strike","floor":5.0},{"not_picked":["True Grit","Havoc"],"picked":"Whirlwind","floor":6.0},{"not_picked":["Feel No Pain","Burning Pact"],"picked":"Armaments","floor":7.0},{"not_picked":["Second Wind","Berserk","Wild Strike"],"picked":"SKIP","floor":8.0},{"not_picked":["Seeing Red","Wild Strike"],"picked":"Metallicize","floor":10.0},{"not_picked":["Anger","Sever Soul"],"picked":"Seeing Red","floor":13},{"not_picked":["Immolate","Fiend Fire"],"picked":"Impervious","floor":16}],"player_experience":251826,"relics_obtained":[{"floor":6.0,"key":"Paper Frog"},{"floor":8.0,"key":"Bag of Preparation"},{"floor":9.0,"key":"Dodecahedron"},{"floor":12.0,"key":"Happy Flower"},{"floor":13,"key":"StoneCalendar"}],"event_choices":[{"damage_healed":0.0,"max_hp_gain":0.0,"max_hp_loss":0.0,"gold_gain":0.0,"event_name":"Lab","player_choice":"Got Potions","floor":2.0,"gold_loss":0.0,"damage_taken":0.0}],"is_beta":false,"boss_relics":[{"not_picked":["Orrery","Astrolabe"],"picked":"Pandora\u0027s Box"}],"items_purged_floors":[14],"is_endless":false,"potions_floor_spawned":[5,6,7,10,13],"ascension_level":1}