{"path_per_floor":["M","M","M","?","?","E","M","$","T","R","E","R","M","E","R"],"character_chosen":"IRONCLAD","items_purchased":["Bandage Up"],"gold_per_floor":[116,127,137,137,212,241,257,89,112,112,142,142,161,191,191,191],"floor_reached":16,"campfire_rested":1,"playtime":832,"item_purchase_floors":[8],"current_hp_per_floor":[63,64,59,59,48,43,37,37,37,59,40,40,41,50,50,0],"items_purged":["Strike_R"],"gold":191,"score":210,"play_id":"649f8344-7a07-4c65-bcd3-150bb21815d8","local_time":"20180525204539","is_prod":false,"is_daily":false,"chose_seed":false,"is_ascension_mode":true,"campfire_upgraded":2,"win_rate":0,"timestamp":1527273939,"campfire_choices":[{"floor":10,"key":"REST"},{"data":"True Grit","floor":12,"key":"SMITH"},{"data":"Feel No Pain","floor":15,"key":"SMITH"}],"path_taken":["M","M","M","?","?","E","M","$","T","R","E","R","M","E","R","BOSS"],"build_version":"2018-05-24","seed_source_timestamp":225148046418076,"purchased_purges":1,"victory":false,"master_deck":["Strike_R","Strike_R","Strike_R","Strike_R","Defend_R","Defend_R","Defend_R","Defend_R","Bash","AscendersBane","Feel No Pain+1","Clothesline","Iron Wave","Disarm","Cleave","Bandage Up","True Grit+1","Pummel","Havoc"],"max_hp_per_floor":[75,75,75,75,75,75,75,75,75,75,75,75,75,82,82,82],"relics":["Burning Blood","Orichalcum","Bag of Marbles","Dream Catcher","Strawberry"],"card_choices":[{"not_picked":["Pommel Strike","Perfected Strike"],"picked":"Feel No Pain","floor":1},{"not_picked":["Thunderclap","Pommel Strike"],"picked":"Clothesline","floor":2},{"not_picked":["Searing Blow","Perfected Strike"],"picked":"Iron Wave","floor":3},{"not_picked":["Battle Trance","Clothesline"],"picked":"Disarm","floor":6},{"not_picked":["Anger","Clothesline"],"picked":"Cleave","floor":7},{"not_picked":["Seeing Red","Double Tap"],"picked":"True Grit","floor":11},{"not_picked":["Cleave","Burning Pact"],"picked":"Pummel","floor":13},{"not_picked":["Power Through","Anger"],"picked":"Havoc","floor":14}],"player_experience":561253,"potions_floor_usage":[6,6,16,16],"damage_taken":[{"damage":11,"enemies":"Small Slimes","floor":1,"turns":4},{"damage":5,"enemies":"Jaw Worm","floor":2,"turns":6},{"damage":11,"enemies":"2 Louse","floor":3,"turns":3},{"damage":11,"enemies":"3 Sentries","floor":6,"turns":12},{"damage":12,"enemies":"Looter","floor":7,"turns":4},{"damage":29,"enemies":"Lagavulin","floor":11,"turns":8},{"damage":9,"enemies":"Exordium Wildlife","floor":13,"turns":5},{"damage":8,"enemies":"3 Sentries","floor":14,"turns":12},{"damage":60,"enemies":"Slime Boss","floor":16,"turns":12}],"relics_obtained":[{"floor":6,"key":"Orichalcum"},{"floor":9,"key":"Bag of Marbles"},{"floor":11,"key":"Dream Catcher"},{"floor":14,"key":"Strawberry"}],"event_choices":[{"event_name":"Liars Game","player_choice":"disagreed","floor":4,"damage_taken":0},{"event_name":"World of Goop","player_choice":"Gather Gold","floor":5,"damage_taken":0}],"boss_relics":[],"items_purged_floors":[8],"potions_floor_spawned":[1,2,3,11],"seed_played":"-5629081081007840996","killed_by":"Slime Boss","ascension_level":15,"potions_obtained":[{"floor":1,"key":"EssenceOfSteel"},{"floor":2,"key":"Strength Potion"},{"floor":3,"key":"PowerPotion"},{"floor":11,"key":"EssenceOfSteel"}],"is_trial":false}