{"gold_per_floor":[111,111,111,111,131,157,168,182,182,182,194,119,119,135,135,234,234,245,245,38,38,48,48,61,94,119,134,134,146,146,178,178,280,280,296,296,296,396,396,396,396,396,448,448,448,466,493,374,374,374],"floor_reached":51,"playtime":4938,"items_purged":["Parasite","Defend_G"],"score":780,"play_id":"c72b8b81-9947-4434-8d44-351021fe7a25","local_time":"20190303223535","is_ascension_mode":true,"campfire_choices":[{"data":"Backflip","floor":15,"key":"SMITH"},{"data":"Finisher","floor":23,"key":"SMITH"},{"floor":28,"key":"REST"},{"data":"Survivor","floor":32,"key":"SMITH"},{"data":"Envenom","floor":40,"key":"SMITH"},{"data":"Leg Sweep","floor":42,"key":"SMITH"},{"data":"Madness","floor":44,"key":"SMITH"},{"floor":49,"key":"REST"}],"neow_cost":"NONE","seed_source_timestamp":75726596790347,"circlet_count":0,"master_deck":["Defend_G","Defend_G","Defend_G","Defend_G","Strike_G","Strike_G","Strike_G+1","Strike_G+1","Survivor+1","Neutralize+1","Blade Dance+1","Backstab","Backflip+1","Well Laid Plans","Dagger Throw","Tools of the Trade","Finisher+1","Prepared+1","Leg Sweep+1","Dodge and Roll+1","Backstab+1","Envenom+1","Madness","Madness+1","Deflect","Cloak And Dagger+1","Prepared+1","Infinite Blades"],"relics":["Ring of the Snake","Prayer Wheel","Calipers","Sozu","Enchiridion","Lee\u0027s Waffle","Thread and Needle","Vajra","Centennial Puzzle","Busted Crown","Unceasing Top","Juzu Bracelet","Smiling Mask"],"potions_floor_usage":[16,16,50],"damage_taken":[{"damage":0,"enemies":"2 Louse","floor":1,"turns":3},{"damage":4,"enemies":"Small Slimes","floor":5,"turns":3},{"damage":5,"enemies":"3 Sentries","floor":6,"turns":8},{"damage":0,"enemies":"Cultist","floor":7,"turns":2},{"damage":0,"enemies":"Exordium Wildlife","floor":8,"turns":2},{"damage":1,"enemies":"2 Fungi Beasts","floor":11,"turns":3},{"damage":0,"enemies":"Blue Slaver","floor":14,"turns":3},{"damage":43,"enemies":"Slime Boss","floor":16,"turns":12},{"damage":18,"enemies":"Shell Parasite","floor":18,"turns":7},{"damage":8,"enemies":"3 Byrds","floor":22,"turns":5},{"damage":15,"enemies":"Snake Plant","floor":24,"turns":4},{"damage":15,"enemies":"Slavers","floor":25,"turns":6},{"damage":9,"enemies":"Shelled Parasite and Fungi","floor":27,"turns":4},{"damage":0,"enemies":"Chosen and Byrds","floor":29,"turns":6},{"damage":0,"enemies":"Book of Stabbing","floor":31,"turns":6},{"damage":13,"enemies":"Collector","floor":33,"turns":13},{"damage":0,"enemies":"Orb Walker","floor":35,"turns":3},{"damage":0,"enemies":"Mind Bloom Boss Battle","floor":38,"turns":7},{"damage":2,"enemies":"3 Shapes","floor":46,"turns":3},{"damage":20,"enemies":"Nemesis","floor":47,"turns":7},{"damage":8,"enemies":"Donu and Deca","floor":50,"turns":8}],"seed_played":"8420723271340736443","potions_obtained":[{"floor":1,"key":"LiquidBronze"},{"floor":7,"key":"Weak Potion"},{"floor":8,"key":"AttackPotion"},{"floor":11,"key":"EntropicBrew"},{"floor":16,"key":"Weak Potion"}],"is_trial":false,"path_per_floor":["M","?","?","?","M","E","M","M","T","?","M","$","?","M","R","B",null,"M","?","$","?","M","R","M","E","T","M","R","M","?","E","R","B",null,"M","?","?","?","?","R","?","R","T","R","?","M","E","$","R","B",null],"character_chosen":"THE_SILENT","items_purchased":["Lee\u0027s Waffle","Infinite Blades"],"campfire_rested":2,"item_purchase_floors":[20,48],"current_hp_per_floor":[70,56,49,49,45,40,40,40,40,57,56,56,56,56,56,13,67,49,33,74,74,66,66,51,36,36,27,49,49,35,35,35,22,79,79,79,69,69,69,69,69,69,69,69,69,67,47,47,70,62],"gold":374,"neow_bonus":"UPGRADE_CARD","is_prod":false,"is_daily":false,"chose_seed":false,"campfire_upgraded":6,"win_rate":0,"timestamp":1551674135,"path_taken":["M","?","?","?","M","E","M","M","T","?","M","$","?","M","R","BOSS","M","?","$","?","M","R","M","E","T","?","R","M","?","E","R","BOSS","M","?","?","?","?","R","?","R","T","R","?","M","E","$","R","BOSS"],"build_version":"2019-01-23","purchased_purges":2,"victory":true,"max_hp_per_floor":[70,70,70,70,70,70,70,70,70,70,70,67,67,67,67,67,67,67,67,74,74,74,74,74,74,74,74,74,74,79,79,79,79,79,79,79,79,79,79,79,79,79,79,79,79,79,79,79,79,79],"card_choices":[{"not_picked":["Expertise","Deflect"],"picked":"Blade Dance","floor":1},{"not_picked":["Dodge and Roll","Backflip"],"picked":"Backstab","floor":5},{"not_picked":["Terror","Outmaneuver","Eviscerate"],"picked":"SKIP","floor":6},{"not_picked":["Escape Plan","Terror"],"picked":"Backflip","floor":7},{"not_picked":["Distraction","Bane","Slice"],"picked":"SKIP","floor":7},{"not_picked":["Unload","Outmaneuver"],"picked":"Well Laid Plans","floor":8},{"not_picked":["Tactician","Sucker Punch","Deadly Poison"],"picked":"SKIP","floor":8},{"not_picked":["Flying Knee","Bouncing Flask"],"picked":"Dagger Throw","floor":11},{"not_picked":["Terror","Bane","Bouncing Flask"],"picked":"SKIP","floor":11},{"not_picked":["Bane","Terror"],"picked":"Prepared","floor":14},{"not_picked":["Eviscerate","PiercingWail","Quick Slash"],"picked":"SKIP","floor":14},{"not_picked":["Storm of Steel","Unload"],"picked":"Tools of the Trade","floor":16},{"not_picked":["Masterful Stab+1","Bane+1"],"picked":"Finisher","floor":18},{"not_picked":["Prepared","Outmaneuver+1","Dodge and Roll"],"picked":"SKIP","floor":18},{"not_picked":["Backstab","Heel Hook"],"picked":"Prepared+1","floor":22},{"not_picked":["Outmaneuver","Acrobatics","Sucker Punch+1"],"picked":"SKIP","floor":22},{"not_picked":["Quick Slash","Bouncing Flask"],"picked":"Leg Sweep","floor":24},{"not_picked":["Tactician","Cloak And Dagger","Crippling Poison+1"],"picked":"SKIP","floor":24},{"not_picked":["All Out Attack","Slice","Doppelganger"],"picked":"SKIP","floor":25},{"not_picked":["Quick Slash","Dagger Spray"],"picked":"Dodge and Roll+1","floor":27},{"not_picked":["Sucker Punch","Finisher","All Out Attack"],"picked":"SKIP","floor":27},{"not_picked":["Dagger Spray+1","Deadly Poison+1"],"picked":"Backstab+1","floor":29},{"not_picked":["Outmaneuver","Sucker Punch+1","Deadly Poison"],"picked":"SKIP","floor":29},{"not_picked":["Crippling Poison+1","Corpse Explosion","Dash"],"picked":"SKIP","floor":31},{"not_picked":["Malaise","Tools of the Trade"],"picked":"Envenom","floor":33},{"not_picked":["All Out Attack"],"picked":"SKIP","floor":35},{"not_picked":["Deadly Poison+1"],"picked":"SKIP","floor":35},{"not_picked":[],"picked":"Deflect","floor":38},{"not_picked":[],"picked":"Cloak And Dagger+1","floor":46},{"not_picked":[],"picked":"Prepared+1","floor":46},{"not_picked":["Bane"],"picked":"SKIP","floor":47}],"player_experience":104795,"relics_obtained":[{"floor":6,"key":"Prayer Wheel"},{"floor":9,"key":"Calipers"},{"floor":19,"key":"Enchiridion"},{"floor":25,"key":"Thread and Needle"},{"floor":26,"key":"Vajra"},{"floor":31,"key":"Centennial Puzzle"},{"floor":38,"key":"Unceasing Top"},{"floor":43,"key":"Juzu Bracelet"},{"floor":47,"key":"Smiling Mask"}],"event_choices":[{"damage_healed":0,"gold_gain":0,"player_choice":"Entered Light","damage_taken":14,"max_hp_gain":0,"max_hp_loss":0,"event_name":"Shining Light","floor":2,"gold_loss":0,"cards_upgraded":["Strike_G","Strike_G"]},{"cards_removed":["Strike_G"],"damage_healed":0,"gold_gain":0,"player_choice":"Card Removal","damage_taken":7,"max_hp_gain":0,"max_hp_loss":0,"event_name":"Golden Wing","floor":3,"gold_loss":0},{"damage_healed":0,"gold_gain":0,"player_choice":"Grow","damage_taken":0,"max_hp_gain":0,"max_hp_loss":0,"event_name":"Living Wall","floor":4,"gold_loss":0,"cards_upgraded":["Blade Dance"]},{"damage_healed":17,"gold_gain":0,"player_choice":"Healed and dodged fight","damage_taken":0,"max_hp_gain":0,"max_hp_loss":0,"event_name":"Mushrooms","floor":10,"gold_loss":0,"cards_obtained":["Parasite"]},{"damage_healed":0,"gold_gain":0,"player_choice":"Ignored","damage_taken":0,"max_hp_gain":0,"max_hp_loss":0,"event_name":"Liars Game","floor":13,"gold_loss":0},{"damage_healed":0,"gold_gain":0,"player_choice":"Obtained Book","damage_taken":16,"max_hp_gain":0,"max_hp_loss":0,"event_name":"Cursed Tome","floor":19,"gold_loss":0},{"damage_healed":0,"gold_gain":0,"player_choice":"0 cards matched","damage_taken":0,"max_hp_gain":0,"max_hp_loss":0,"event_name":"Match and Keep!","floor":21,"gold_loss":0,"cards_obtained":[]},{"damage_healed":0,"gold_gain":0,"player_choice":"Shed Blood","damage_taken":19,"max_hp_gain":5,"max_hp_loss":0,"event_name":"Forgotten Altar","floor":30,"gold_loss":0},{"damage_healed":0,"gold_gain":0,"player_choice":"Ignored","damage_taken":0,"max_hp_gain":0,"max_hp_loss":0,"event_name":"Tomb of Lord Red Mask","floor":36,"gold_loss":0},{"damage_healed":0,"gold_gain":0,"player_choice":"Embrace Madness","damage_taken":10,"max_hp_gain":0,"max_hp_loss":0,"event_name":"Winding Halls","floor":37,"gold_loss":0,"cards_obtained":["Madness","Madness"]},{"damage_healed":0,"gold_gain":0,"player_choice":"Fight","damage_taken":0,"max_hp_gain":0,"max_hp_loss":0,"event_name":"MindBloom","floor":38,"gold_loss":0},{"cards_removed":["Prepared"],"damage_healed":0,"gold_gain":0,"player_choice":"Removed Skill","damage_taken":0,"max_hp_gain":0,"max_hp_loss":0,"event_name":"Falling","floor":39,"gold_loss":0},{"damage_healed":0,"gold_gain":0,"player_choice":"Ignored","damage_taken":0,"max_hp_gain":0,"max_hp_loss":0,"event_name":"SecretPortal","floor":41,"gold_loss":0},{"damage_healed":0,"gold_gain":0,"player_choice":"Ignored","damage_taken":0,"max_hp_gain":0,"max_hp_loss":0,"event_name":"Mysterious Sphere","floor":45,"gold_loss":0}],"is_beta":false,"boss_relics":[{"not_picked":["Pandora\u0027s Box","Eternal Feather"],"picked":"Sozu"},{"not_picked":["Lizard Tail","Tiny House"],"picked":"Busted Crown"}],"items_purged_floors":[12,48],"is_endless":false,"potions_floor_spawned":[1,7,8,11,16,22,27,29,31,38,47],"ascension_level":2}