{"gold_per_floor":[113,130,305,321,340,340,17,33,86,86,115,130,141,151,151,151],"floor_reached":16,"playtime":565,"items_purged":["Doubt"],"score":184,"play_id":"67956b20-3ff6-4042-bb64-4fb08372f15a","local_time":"20181029042741","is_ascension_mode":true,"campfire_choices":[{"data":"Zap","floor":6,"key":"SMITH"},{"data":"Glacier","floor":10,"key":"SMITH"},{"data":"Echo Form","floor":15,"key":"SMITH"}],"neow_cost":"TEN_PERCENT_HP_LOSS","seed_source_timestamp":119794573183176,"circlet_count":0,"master_deck":["Strike_B","Strike_B","Strike_B","Strike_B","Defend_B","Defend_B","Defend_B","Defend_B","Zap+1","Dualcast","AscendersBane","Glacier+1","Streamline","Gash","Blizzard","Gash","Gash","Gash","Capacitor","Coolheaded","Defragment","Echo Form+1"],"relics":["Cracked Core","Emotion Chip","DollysMirror","Art of War","Bottled Lightning"],"potions_floor_usage":[16,16,16],"damage_taken":[{"damage":2,"enemies":"Jaw Worm","floor":1,"turns":3},{"damage":0,"enemies":"2 Louse","floor":2,"turns":3},{"damage":0,"enemies":"Cultist","floor":4,"turns":3},{"damage":18,"enemies":"Gremlin Gang","floor":5,"turns":6},{"damage":2,"enemies":"Blue Slaver","floor":8,"turns":4},{"damage":6,"enemies":"3 Sentries","floor":11,"turns":7},{"damage":0,"enemies":"Large Slime","floor":12,"turns":5},{"damage":18,"enemies":"3 Louse","floor":13,"turns":2},{"damage":12,"enemies":"2 Fungi Beasts","floor":14,"turns":3},{"damage":13,"enemies":"The Guardian","floor":16,"turns":4}],"seed_played":"-7919977195770140506","potions_obtained":[{"floor":2,"key":"Energy Potion"},{"floor":4,"key":"Strength Potion"},{"floor":11,"key":"Poison Potion"},{"floor":14,"key":"Ancient Potion"}],"is_trial":false,"path_per_floor":["M","M","?","M","M","R","$","M","T","R","E","M","M","M","R"],"character_chosen":"DEFECT","items_purchased":["DollysMirror","Gash"],"campfire_rested":0,"item_purchase_floors":[7,7],"current_hp_per_floor":[66,66,66,66,48,48,48,46,46,46,40,40,22,10,10,0],"gold":151,"neow_bonus":"ONE_RARE_RELIC","is_prod":false,"is_daily":false,"chose_seed":false,"campfire_upgraded":3,"win_rate":0,"timestamp":1540812461,"path_taken":["M","M","?","M","M","R","$","M","T","R","E","?","M","M","R","BOSS"],"build_version":"2018-10-25v2","purchased_purges":1,"victory":false,"max_hp_per_floor":[68,68,68,68,68,68,68,68,68,68,68,68,68,68,68,68],"card_choices":[{"not_picked":["Barrage","Skim"],"picked":"Glacier","floor":1},{"not_picked":["Conserve Battery","Rebound"],"picked":"Streamline","floor":2},{"not_picked":["Doom and Gloom","Stack"],"picked":"Gash","floor":4},{"not_picked":["Static Discharge","Cold Snap"],"picked":"Blizzard","floor":5},{"not_picked":["Rainbow","Redo"],"picked":"Gash","floor":8},{"not_picked":["Streamline","Coolheaded"],"picked":"Capacitor","floor":11},{"not_picked":["Steam","Redo"],"picked":"Coolheaded","floor":12},{"not_picked":["Steam Power","Compile Driver"],"picked":"Defragment","floor":13},{"not_picked":["Undo","Compile Driver"],"picked":"Echo Form","floor":14}],"player_experience":324734,"relics_obtained":[{"floor":9,"key":"Art of War"},{"floor":11,"key":"Bottled Lightning"}],"event_choices":[{"damage_healed":0,"gold_gain":175,"player_choice":"AGREE","damage_taken":0,"max_hp_gain":0,"max_hp_loss":0,"event_name":"Liars Game","floor":3,"gold_loss":0,"cards_obtained":["Doubt"]}],"is_beta":false,"boss_relics":[],"items_purged_floors":[7],"is_endless":false,"potions_floor_spawned":[2,4,11,14],"killed_by":"The Guardian","ascension_level":10}