{"gold_per_floor":[112,187,202,377,2,28,28,48,48,58,74,104,104,114,114,209,209,223,241,241,156,166,192,192,221,288,300,327,369,391,503,515,632,694,719,175,188,201,216,216,242,261,261,261,274,287,287,287,287,287,287,287,3,31,31],"floor_reached":55,"playtime":4296,"items_purged":["Doubt","Strike_R+1"],"score":1256,"play_id":"73b7180a-4fb5-4f14-92cd-36aef4e5fc22","local_time":"20190205044206","is_ascension_mode":true,"campfire_choices":[{"data":"Shrug It Off","floor":7.0,"key":"SMITH"},{"data":"Feed","floor":13.0,"key":"SMITH"},{"data":"Pommel Strike","floor":15.0,"key":"SMITH"},{"floor":24.0,"key":"REST"},{"floor":27.0,"key":"REST"},{"floor":32.0,"key":"RECALL"},{"floor":40.0,"key":"REST"},{"floor":49.0,"key":"REST"},{"floor":52.0,"key":"REST"}],"neow_cost":"NONE","seed_source_timestamp":192235259738453,"circlet_count":0,"master_deck":["AscendersBane","Strike_R+1","Strike_R+1","Strike_R+1","Defend_R+1","Defend_R+1","Defend_R+1","Defend_R+1","Bash","Clash","Metallicize","Shrug It Off+1","Clothesline","Pommel Strike+1","Feed+1","Rampage","Feel No Pain+1","Feel No Pain","Brutality","Rupture","Pummel+1","Power Through+1","Entrench+1","Fiend Fire","Whirlwind+1","Offering","Burning Pact","Evolve+1","Clothesline+1","Dual Wield+1","Burning Pact+1","Seeing Red+1","Madness","Madness","Heavy Blade+1","Offering"],"special_seed":0,"relics":["Burning Blood","NeowsBlessing","Sundial","Self Forming Clay","Bottled Lightning","Fusion Hammer","Paper Frog","Bronze Scales","MawBank","Regal Pillow","Happy Flower","Tiny House","Lee\u0027s Waffle","Dodecahedron","Bag of Preparation","Blue Candle","Strange Spoon","Pear"],"potions_floor_usage":[55,55],"damage_taken":[{"damage":0.0,"enemies":"Cultist","floor":1.0,"turns":1.0},{"damage":0.0,"enemies":"Small Slimes","floor":3.0,"turns":1.0},{"damage":0.0,"enemies":"Gremlin Nob","floor":6.0,"turns":1.0},{"damage":1.0,"enemies":"Jaw Worm","floor":8.0,"turns":3.0},{"damage":3.0,"enemies":"Blue Slaver","floor":10.0,"turns":3.0},{"damage":4.0,"enemies":"Looter","floor":11.0,"turns":4.0},{"damage":23.0,"enemies":"3 Sentries","floor":12.0,"turns":15.0},{"damage":13.0,"enemies":"Lots of Slimes","floor":14.0,"turns":5.0},{"damage":46.0,"enemies":"Slime Boss","floor":16.0,"turns":12.0},{"damage":27.0,"enemies":"2 Thieves","floor":18.0,"turns":5.0},{"damage":15.0,"enemies":"3 Byrds","floor":19.0,"turns":7.0},{"damage":15.0,"enemies":"3 Cultists","floor":22.0,"turns":6.0},{"damage":33.0,"enemies":"Gremlin Leader","floor":23.0,"turns":10.0},{"damage":17.0,"enemies":"Book of Stabbing","floor":25.0,"turns":6.0},{"damage":6.0,"enemies":"Chosen and Byrds","floor":28.0,"turns":6.0},{"damage":39.0,"enemies":"Slavers","floor":29.0,"turns":6.0},{"damage":5.0,"enemies":"Shelled Parasite and Fungi","floor":30.0,"turns":5.0},{"damage":55.0,"enemies":"Automaton","floor":33.0,"turns":11.0},{"damage":25.0,"enemies":"3 Darklings","floor":35.0,"turns":2.0},{"damage":6.0,"enemies":"3 Shapes","floor":37.0,"turns":3.0},{"damage":54.0,"enemies":"Jaw Worm Horde","floor":38.0,"turns":7.0},{"damage":17.0,"enemies":"Maw","floor":39.0,"turns":8.0},{"damage":67.0,"enemies":"Giant Head","floor":41.0,"turns":10.0},{"damage":31.0,"enemies":"4 Shapes","floor":42.0,"turns":4.0},{"damage":18.0,"enemies":"Jaw Worm Horde","floor":45.0,"turns":6.0},{"damage":16.0,"enemies":"Transient","floor":46.0,"turns":5.0},{"damage":38.0,"enemies":"Donu and Deca","floor":50.0,"turns":10.0},{"damage":84,"enemies":"Shield and Spear","floor":54,"turns":8},{"damage":83,"enemies":"The Heart","floor":55,"turns":5}],"seed_played":"7472811249134334181","potions_obtained":[{"floor":3.0,"key":"SmokeBomb"},{"floor":6.0,"key":"SpeedPotion"},{"floor":10.0,"key":"SkillPotion"},{"floor":19.0,"key":"Ancient Potion"},{"floor":28.0,"key":"Ancient Potion"},{"floor":30.0,"key":"Fire Potion"},{"floor":34.0,"key":"Weak Potion"},{"floor":35.0,"key":"Poison Potion"},{"floor":38.0,"key":"FearPotion"},{"floor":41.0,"key":"EssenceOfSteel"},{"floor":45.0,"key":"AttackPotion"},{"floor":46.0,"key":"Dexterity Potion"}],"is_trial":false,"path_per_floor":["M","?","M","?","$","E","R","M","T","M","M","E","R","M","R","B",null,"M","M","?","?","M","E","R","E","T","R","M","E","M","?","R","B",null,"M","$","M","M","M","R","E","M","T","?","M","M","?","?","R","B",null,"R","$","E","B"],"character_chosen":"IRONCLAD","items_purchased":["Shrug It Off","Sundial","Lee\u0027s Waffle","Dodecahedron","Strange Spoon","LiquidBronze"],"campfire_rested":5,"item_purchase_floors":[5,5,36,36,53,53],"current_hp_per_floor":[78,67,73,73,73,79,79,80,80,80,83,69,69,66,66,30,78,61,56,56,56,51,28,61,54,54,103,103,74,75,75,75,26,100,81,130,130,86,79,135,74,53,53,35,27,17,17,17,75,43,120,146,146,82,0],"gold":31,"neow_bonus":"THREE_ENEMY_KILL","is_prod":false,"is_daily":false,"chose_seed":false,"campfire_upgraded":3,"win_rate":0,"timestamp":1549359726,"path_taken":["M","?","M","?","?","E","R","M","T","M","M","E","R","M","R","BOSS","M","M","?","?","M","E","R","E","T","R","M","E","M","?","R","BOSS","M","$","M","?","M","R","E","M","T","?","M","M","?","?","R","BOSS","R","$","E","BOSS"],"build_version":"2019-01-23","purchased_purges":2,"victory":false,"max_hp_per_floor":[80,80,80,80,80,80,80,80,80,80,83,86,86,90,90,94,94,98,102,102,102,106,110,110,114,114,114,114,118,118,118,118,118,123,123,130,130,134,138,138,138,142,142,142,146,146,146,146,146,146,146,146,146,160,160],"card_choices":[{"not_picked":["Twin Strike","Cleave"],"picked":"Clash","floor":1.0},{"not_picked":["Dropkick","Flex"],"picked":"Metallicize","floor":3.0},{"not_picked":["Armaments","Havoc"],"picked":"Clothesline","floor":6.0},{"not_picked":["Clothesline","Evolve"],"picked":"Pommel Strike","floor":8.0},{"not_picked":["Clothesline","Wild Strike"],"picked":"Feed","floor":10.0},{"not_picked":["Havoc","Clash"],"picked":"Rampage","floor":11.0},{"not_picked":["Entrench","Dropkick"],"picked":"Feel No Pain","floor":12.0},{"not_picked":["Thunderclap","Entrench"],"picked":"Feel No Pain","floor":14.0},{"not_picked":["Exhume","Feed"],"picked":"Brutality","floor":16.0},{"not_picked":["Feel No Pain+1","Pommel Strike","Clothesline"],"picked":"SKIP","floor":18.0},{"not_picked":["Clash","Dual Wield"],"picked":"Rupture","floor":19.0},{"not_picked":["Clash","Havoc"],"picked":"Pummel+1","floor":22.0},{"not_picked":["Carnage","Impervious"],"picked":"Power Through+1","floor":23.0},{"not_picked":["Perfected Strike","Clothesline+1"],"picked":"Entrench+1","floor":25.0},{"not_picked":["Entrench","Armaments","Iron Wave"],"picked":"SKIP","floor":28.0},{"not_picked":["Sword Boomerang+1","Inflame"],"picked":"Fiend Fire","floor":29.0},{"not_picked":["Rupture","Heavy Blade"],"picked":"Whirlwind+1","floor":30.0},{"not_picked":["Limit Break","Exhume"],"picked":"Offering","floor":33.0},{"not_picked":["Metallicize","Second Wind"],"picked":"Burning Pact","floor":34.0},{"not_picked":["Twin Strike+1","Headbutt"],"picked":"Evolve+1","floor":35.0},{"not_picked":["Dropkick","Pommel Strike+1"],"picked":"Clothesline+1","floor":37.0},{"not_picked":["Perfected Strike","Warcry","Shrug It Off"],"picked":"SKIP","floor":38.0},{"not_picked":["Anger","Twin Strike"],"picked":"Dual Wield+1","floor":39.0},{"not_picked":["Rampage","Sword Boomerang"],"picked":"Burning Pact+1","floor":41.0},{"not_picked":["Sever Soul","Body Slam"],"picked":"Seeing Red+1","floor":42.0},{"not_picked":["Flex+1","Bloodletting"],"picked":"Heavy Blade+1","floor":45.0},{"not_picked":["Flex","Wild Strike+1","Headbutt+1"],"picked":"SKIP","floor":46.0},{"not_picked":["Reckless Charge","Fire Breathing+1"],"picked":"Offering","floor":54}],"player_experience":354844,"relics_obtained":[{"floor":6.0,"key":"Self Forming Clay"},{"floor":12.0,"key":"Bottled Lightning"},{"floor":23.0,"key":"Bronze Scales"},{"floor":25.0,"key":"MawBank"},{"floor":26.0,"key":"Regal Pillow"},{"floor":29.0,"key":"Happy Flower"},{"floor":41.0,"key":"Bag of Preparation"},{"floor":43.0,"key":"Blue Candle"},{"floor":54,"key":"Pear"}],"event_choices":[{"damage_healed":0.0,"max_hp_gain":0.0,"max_hp_loss":0.0,"gold_gain":75.0,"event_name":"World of Goop","player_choice":"Gather Gold","floor":2.0,"gold_loss":0.0,"damage_taken":11.0},{"damage_healed":0.0,"max_hp_gain":0.0,"max_hp_loss":0.0,"gold_gain":175.0,"event_name":"Liars Game","player_choice":"AGREE","floor":4.0,"gold_loss":0.0,"damage_taken":0.0,"cards_obtained":["Doubt"]},{"damage_healed":0.0,"max_hp_gain":0.0,"max_hp_loss":0.0,"gold_gain":0.0,"event_name":"Back to Basics","player_choice":"Simplicity","floor":20.0,"gold_loss":0.0,"damage_taken":0.0,"cards_upgraded":["Strike_R","Strike_R","Strike_R","Strike_R","Strike_R","Defend_R","Defend_R","Defend_R","Defend_R"]},{"damage_healed":0.0,"max_hp_gain":0.0,"max_hp_loss":0.0,"gold_gain":0.0,"event_name":"Addict","player_choice":"Obtained Relic","floor":21.0,"gold_loss":85.0,"damage_taken":0.0,"relics_obtained":["Paper Frog"]},{"damage_healed":0.0,"max_hp_gain":0.0,"max_hp_loss":0.0,"gold_gain":100.0,"event_name":"Golden Shrine","player_choice":"Pray","floor":31.0,"gold_loss":0.0,"damage_taken":0.0},{"damage_healed":0.0,"max_hp_gain":0.0,"max_hp_loss":0.0,"gold_gain":0.0,"event_name":"Winding Halls","player_choice":"Embrace Madness","floor":44.0,"gold_loss":0.0,"damage_taken":18.0,"cards_obtained":["Madness","Madness"]},{"cards_removed":["Strike_R"],"damage_healed":0.0,"max_hp_gain":0.0,"max_hp_loss":0.0,"gold_gain":0.0,"event_name":"Falling","player_choice":"Removed Attack","floor":47.0,"gold_loss":0.0,"damage_taken":0.0},{"damage_healed":0.0,"max_hp_gain":0.0,"max_hp_loss":0.0,"gold_gain":0.0,"event_name":"The Moai Head","player_choice":"Ignored","floor":48.0,"gold_loss":0.0,"damage_taken":0.0}],"is_beta":false,"boss_relics":[{"not_picked":["Orrery","Calling Bell"],"picked":"Fusion Hammer"},{"not_picked":["Velvet Choker","Snecko Eye"],"picked":"Tiny House"}],"items_purged_floors":[5,36],"is_endless":false,"potions_floor_spawned":[3,6,10,19,28,30,35,38,41,45,46,54],"killed_by":"The Heart","ascension_level":11}