{"gold_per_floor":[15,34,109,129,129,156,12,12],"floor_reached":8,"playtime":344,"items_purged":[],"score":112,"play_id":"43b8a1af-7d95-44a2-9617-3aef4f2b78f2","local_time":"20190213025613","is_ascension_mode":true,"campfire_choices":[],"neow_cost":"NO_GOLD","seed_source_timestamp":579789316144800,"circlet_count":0,"master_deck":["AscendersBane","Strike_B","Strike_B","Strike_B","Strike_B","Defend_B","Defend_B","Defend_B","Defend_B","Zap","Dualcast","Echo Form","Gash","Leap","Go for the Eyes","Recycle","Reinforced Body","Sweeping Beam"],"relics":["Cracked Core","PreservedInsect"],"potions_floor_usage":[6,8],"damage_taken":[{"damage":2,"enemies":"2 Louse","floor":1,"turns":3},{"damage":14,"enemies":"Jaw Worm","floor":2,"turns":4},{"damage":11,"enemies":"Small Slimes","floor":4,"turns":3},{"damage":24,"enemies":"3 Sentries","floor":6,"turns":10},{"damage":5,"enemies":"Gremlin Gang","floor":8,"turns":3}],"seed_played":"-6075419668968120254","potions_obtained":[{"floor":1,"key":"Energy Potion"},{"floor":2,"key":"SpeedPotion"}],"is_trial":false,"path_per_floor":["M","M","?","M","?","E","$","M"],"character_chosen":"DEFECT","items_purchased":["Reinforced Body","Sweeping Beam"],"campfire_rested":0,"item_purchase_floors":[7,7],"current_hp_per_floor":[62,48,37,26,26,2,2,0],"gold":12,"neow_bonus":"THREE_RARE_CARDS","is_prod":false,"is_daily":false,"chose_seed":false,"campfire_upgraded":0,"win_rate":0,"timestamp":1550055373,"path_taken":["M","M","?","M","?","E","?","M"],"build_version":"2019-01-23","purchased_purges":0,"victory":false,"max_hp_per_floor":[71,71,71,71,71,71,71,71],"card_choices":[{"not_picked":["Meteor Strike","Hyperbeam"],"picked":"Echo Form","floor":0},{"not_picked":["Hello World","Redo"],"picked":"Gash","floor":1},{"not_picked":["Melter","Stack"],"picked":"Leap","floor":2},{"not_picked":["Leap","Chill"],"picked":"Go for the Eyes","floor":4},{"not_picked":["Compile Driver","Static Discharge"],"picked":"Recycle","floor":6}],"player_experience":683708,"relics_obtained":[{"floor":6,"key":"PreservedInsect"}],"event_choices":[{"damage_healed":0,"gold_gain":75,"player_choice":"Gather Gold","damage_taken":11,"max_hp_gain":0,"max_hp_loss":0,"event_name":"World of Goop","floor":3,"gold_loss":0},{"damage_healed":0,"gold_gain":0,"player_choice":"Ignored","damage_taken":0,"max_hp_gain":0,"max_hp_loss":0,"event_name":"Liars Game","floor":5,"gold_loss":0}],"is_beta":false,"boss_relics":[],"items_purged_floors":[],"is_endless":false,"potions_floor_spawned":[1,2],"killed_by":"Gremlin Gang","ascension_level":20}