{"gold_per_floor":[109,126,126,51,70,70,48,223,223,243,243,261,275,293,293,293],"floor_reached":16,"playtime":351,"items_purged":["Defend_R"],"score":94,"play_id":"73bbf7da-61d8-4d57-92d1-851e2161d1a9","local_time":"20180914193408","is_ascension_mode":false,"campfire_choices":[{"data":"Perfected Strike","floor":6,"key":"SMITH"},{"data":"Strike_R","floor":11,"key":"SMITH"},{"floor":15,"key":"REST"}],"neow_cost":"","seed_source_timestamp":141459548260997,"circlet_count":0,"master_deck":["Strike_R","Strike_R","Strike_R","Strike_R+1","Strike_R+1","Defend_R","Defend_R+1","Defend_R","Bash","Anger","Perfected Strike+1","Wild Strike","Doubt","Clash"],"relics":["Burning Blood","Toxic Egg 2"],"potions_floor_usage":[12,16],"damage_taken":[{"damage":6,"enemies":"Cultist","floor":1,"turns":3},{"damage":7,"enemies":"2 Louse","floor":2,"turns":3},{"damage":10,"enemies":"Jaw Worm","floor":5,"turns":3},{"damage":0,"enemies":"2 Fungi Beasts","floor":10,"turns":2},{"damage":14,"enemies":"Large Slime","floor":12,"turns":4},{"damage":3,"enemies":"Exordium Wildlife","floor":13,"turns":3},{"damage":21,"enemies":"2 Fungi Beasts","floor":14,"turns":3},{"damage":73,"enemies":"The Guardian","floor":16,"turns":8}],"seed_played":"-4523881396205410803","potions_obtained":[{"floor":5,"key":"GamblersBrew"},{"floor":12,"key":"EssenceOfSteel"}],"is_trial":false,"path_per_floor":["M","M","?","$","M","R","$","?","T","M","R","M","M","M","R"],"character_chosen":"IRONCLAD","items_purchased":["Wild Strike"],"campfire_rested":1,"item_purchase_floors":[7],"current_hp_per_floor":[80,79,63,63,59,59,59,59,59,65,65,57,60,45,69,0],"gold":293,"neow_bonus":"","is_prod":false,"is_daily":false,"chose_seed":false,"campfire_upgraded":2,"win_rate":0,"timestamp":1536968048,"path_taken":["M","M","?","?","M","R","$","?","T","M","R","M","M","M","R","BOSS"],"build_version":"2018-09-06","purchased_purges":1,"victory":false,"max_hp_per_floor":[80,80,80,80,80,80,80,80,80,80,80,80,80,80,80,80],"card_choices":[{"not_picked":["Armaments","Cleave"],"picked":"Anger","floor":1},{"not_picked":["Burning Pact","True Grit","Carnage"],"picked":"SKIP","floor":2},{"not_picked":["Power Through","Inflame"],"picked":"Perfected Strike","floor":5},{"not_picked":["Anger","Shrug It Off+1","Havoc+1"],"picked":"SKIP","floor":10},{"not_picked":["Battle Trance+1","Fire Breathing","Disarm+1"],"picked":"SKIP","floor":12},{"not_picked":["Havoc+1","Iron Wave","Fiend Fire"],"picked":"SKIP","floor":13},{"not_picked":["Shockwave+1","Pommel Strike"],"picked":"Clash","floor":14}],"player_experience":140078,"relics_obtained":[{"floor":9,"key":"Toxic Egg 2"}],"event_choices":[{"event_name":"Shining Light","player_choice":"Entered Light","floor":3,"damage_taken":0},{"event_name":"Liars Game","player_choice":"agreed","floor":8,"damage_taken":0}],"is_beta":false,"boss_relics":[],"items_purged_floors":[4],"is_endless":false,"potions_floor_spawned":[5,12],"killed_by":"The Guardian","ascension_level":0}