{"gold_per_floor":[113,113,288,305,37,72,84,141,167,167,197,209,223,233,233,330,330,316,241,340,340,359,359,274,286,366,378,378],"floor_reached":28,"playtime":1100,"items_purged":["Doubt"],"score":433,"play_id":"5080636d-2fa4-4cde-8753-b6a716ef7b2e","local_time":"20181107000158","is_ascension_mode":true,"campfire_choices":[{"data":"Hologram","floor":15,"key":"SMITH"},{"data":"Fission","floor":23,"key":"SMITH"}],"neow_cost":"NONE","seed_source_timestamp":190789567237826,"circlet_count":0,"master_deck":["AscendersBane","Strike_B+1","Strike_B+1","Strike_B","Defend_B","Defend_B","Defend_B","Defend_B","Zap","Dualcast","Static Discharge+1","Hologram+1","Gash","Chill","Conserve Battery","Ball Lightning","Hologram","Gash","Self Repair","Fission+1","Gash","Go for the Eyes","Leap","Hologram","Leap","Hologram","Go for the Eyes","Static Discharge"],"relics":["Cracked Core","NeowsBlessing","Medical Kit","Blood Vial","Whetstone","Regal Pillow","Du-Vu Doll","Orrery","Smiling Mask","Tiny Chest"],"potions_floor_usage":[8,14,25,27,28],"damage_taken":[{"damage":0,"enemies":"Small Slimes","floor":1,"turns":1},{"damage":0,"enemies":"Jaw Worm","floor":4,"turns":1},{"damage":0,"enemies":"3 Sentries","floor":6,"turns":1},{"damage":3,"enemies":"2 Louse","floor":7,"turns":3},{"damage":16,"enemies":"3 Sentries","floor":8,"turns":7},{"damage":16,"enemies":"Lagavulin","floor":11,"turns":6},{"damage":1,"enemies":"Large Slime","floor":12,"turns":5},{"damage":1,"enemies":"3 Louse","floor":13,"turns":2},{"damage":1,"enemies":"Looter","floor":14,"turns":2},{"damage":33,"enemies":"Slime Boss","floor":16,"turns":8},{"damage":20,"enemies":"2 Thieves","floor":18,"turns":4},{"damage":22,"enemies":"Colosseum Slavers","floor":21,"turns":4},{"damage":7,"enemies":"Chosen","floor":22,"turns":3},{"damage":20,"enemies":"Centurion and Healer","floor":25,"turns":6},{"damage":27,"enemies":"Cultist and Chosen","floor":27,"turns":6},{"damage":18,"enemies":"3 Cultists","floor":28,"turns":3}],"seed_played":"7523012346396200538","potions_obtained":[{"floor":1,"key":"Regen Potion"},{"floor":4,"key":"Strength Potion"},{"floor":11,"key":"SpeedPotion"},{"floor":14,"key":"Fruit Juice"},{"floor":16,"key":"PowerPotion"},{"floor":27,"key":"FocusPotion"}],"is_trial":false,"path_per_floor":["M","?","?","M","$","E","M","?","T","?","E","M","M","M","R","B",null,"M","?","?","?","M","R","?","M","T","M","M"],"character_chosen":"DEFECT","items_purchased":["Medical Kit"],"campfire_rested":0,"item_purchase_floors":[5],"current_hp_per_floor":[68,73,73,73,73,73,72,58,58,58,44,45,46,52,52,28,71,60,60,60,40,35,35,35,24,24,11,0],"gold":378,"neow_bonus":"THREE_ENEMY_KILL","is_prod":false,"is_daily":false,"chose_seed":false,"campfire_upgraded":2,"win_rate":0,"timestamp":1541577718,"path_taken":["M","?","?","M","$","E","M","?","T","?","E","M","M","M","R","BOSS","M","?","?","?","M","R","?","M","T","M","M"],"build_version":"2018-11-01","purchased_purges":1,"victory":false,"max_hp_per_floor":[75,80,80,80,80,80,80,80,80,80,80,80,80,85,85,85,85,85,85,85,85,85,85,85,85,85,85,85],"card_choices":[{"not_picked":["Skim","Double Energy"],"picked":"Static Discharge","floor":1},{"not_picked":["Sunder","Lockon"],"picked":"Hologram","floor":4},{"not_picked":["Barrage","Stack"],"picked":"Gash","floor":6},{"not_picked":["Lockon","Glacier"],"picked":"Chill","floor":7},{"not_picked":["Steam","Leap"],"picked":"Conserve Battery","floor":8},{"not_picked":["Lockon","Tempest"],"picked":"Ball Lightning","floor":11},{"not_picked":["Turbo","Leap"],"picked":"Hologram","floor":12},{"not_picked":["Blizzard","Multi-Cast"],"picked":"Gash","floor":13},{"not_picked":["Leap","Reprogram"],"picked":"Self Repair","floor":14},{"not_picked":["Amplify","Meteor Strike"],"picked":"Fission","floor":16},{"not_picked":["Streamline","Ball Lightning"],"picked":"Gash","floor":17},{"not_picked":["Genetic Algorithm","Auto Shields"],"picked":"Go for the Eyes","floor":17},{"not_picked":["Reinforced Body","Barrage"],"picked":"Leap","floor":17},{"not_picked":["Beam Cell","Sweeping Beam"],"picked":"Hologram","floor":17},{"not_picked":["Rebound","Redo"],"picked":"Leap","floor":17},{"not_picked":["Cold Snap","Compile Driver","Coolheaded"],"picked":"SKIP","floor":18},{"not_picked":["Rebound","Hyperbeam"],"picked":"Hologram","floor":22},{"not_picked":["Skim","Compile Driver+1"],"picked":"Go for the Eyes","floor":25},{"not_picked":["Sweeping Beam","Blizzard"],"picked":"Static Discharge","floor":27}],"player_experience":359165,"relics_obtained":[{"floor":6,"key":"Blood Vial"},{"floor":8,"key":"Whetstone"},{"floor":9,"key":"Regal Pillow"},{"floor":11,"key":"Du-Vu Doll"},{"floor":26,"key":"Tiny Chest"}],"event_choices":[{"damage_healed":0,"gold_gain":0,"player_choice":"Donut","damage_taken":0,"max_hp_gain":5,"max_hp_loss":0,"event_name":"Big Fish","floor":2,"gold_loss":0},{"damage_healed":0,"gold_gain":175,"player_choice":"AGREE","damage_taken":0,"max_hp_gain":0,"max_hp_loss":0,"event_name":"Liars Game","floor":3,"gold_loss":0,"cards_obtained":["Doubt"]},{"damage_healed":0,"gold_gain":0,"player_choice":"Searched \u00271\u0027 times","damage_taken":0,"max_hp_gain":0,"max_hp_loss":0,"event_name":"Dead Adventurer","floor":8,"gold_loss":0},{"damage_healed":0,"gold_gain":0,"player_choice":"Grow","damage_taken":0,"max_hp_gain":0,"max_hp_loss":0,"event_name":"Living Wall","floor":10,"gold_loss":0,"cards_upgraded":["Static Discharge"]},{"cards_removed":["Strike_B"],"damage_healed":0,"gold_gain":0,"player_choice":"Gave Gold","damage_taken":0,"max_hp_gain":0,"max_hp_loss":0,"event_name":"Beggar","floor":19,"gold_loss":75},{"damage_healed":0,"gold_gain":99,"player_choice":"Stole From Cult","damage_taken":0,"max_hp_gain":0,"max_hp_loss":0,"event_name":"Nest","floor":20,"gold_loss":0},{"damage_healed":0,"gold_gain":0,"player_choice":"Fight","damage_taken":0,"max_hp_gain":0,"max_hp_loss":0,"event_name":"Colosseum","floor":21,"gold_loss":0},{"damage_healed":0,"gold_gain":0,"player_choice":"Fled From Nobs","damage_taken":0,"max_hp_gain":0,"max_hp_loss":0,"event_name":"Colosseum","floor":21,"gold_loss":0},{"damage_healed":0,"gold_gain":0,"player_choice":"Obtained Relic","damage_taken":0,"relics_obtained":["Smiling Mask"],"max_hp_gain":0,"max_hp_loss":0,"event_name":"Addict","floor":24,"gold_loss":85}],"is_beta":false,"boss_relics":[{"not_picked":["Runic Pyramid","Calling Bell"],"picked":"Orrery"}],"items_purged_floors":[5],"is_endless":false,"potions_floor_spawned":[1,4,11,14,16,21,27],"killed_by":"3 Cultists","ascension_level":12}