{"gold_per_floor":[214,214,180,198,148,177,177,190,213,112,112,112,112,140,140,241,241,259,259,259,275,290,290,302,302,302,318,318,168,179,194,194,297,297,307,319,319,319,319],"floor_reached":39,"playtime":1908,"items_purged":["Strike_G","Strike_G"],"score":435,"play_id":"84309668-17bb-4901-bf9e-b0cadb76faa8","local_time":"20190105234418","is_ascension_mode":true,"campfire_choices":[{"floor":7,"key":"REST"},{"data":"Noxious Fumes","floor":13,"key":"SMITH"},{"floor":15,"key":"REST"},{"floor":23,"key":"REST"},{"data":"Caltrops","floor":25,"key":"SMITH"},{"floor":28,"key":"REST"},{"data":"Catalyst","floor":32,"key":"SMITH"}],"neow_cost":"NONE","seed_source_timestamp":1763584177552993,"circlet_count":0,"master_deck":["Defend_G","Defend_G","Defend_G","Defend_G","Strike_G","Strike_G","Strike_G","Survivor","Neutralize","Noxious Fumes+1","Caltrops+1","Finisher","Poisoned Stab","Deadly Poison","Deadly Poison","Deadly Poison","Blur","Die Die Die","Infinite Blades+1","Poisoned Stab+1","Backflip+1","Catalyst+1","Crippling Poison","Bane","Adrenaline","Night Terror"],"relics":["Ring of the Snake","Juzu Bracelet","Smiling Mask","Strawberry","Torii","Frozen Egg 2","Sozu","Mercury Hourglass","Mummified Hand","Cursed Key"],"potions_floor_usage":[22,22],"damage_taken":[{"damage":0,"enemies":"2 Louse","floor":1,"turns":2},{"damage":0,"enemies":"Cultist","floor":4,"turns":4},{"damage":25,"enemies":"3 Sentries","floor":6,"turns":7},{"damage":2,"enemies":"Small Slimes","floor":8,"turns":4},{"damage":28,"enemies":"Gremlin Nob","floor":14,"turns":4},{"damage":28,"enemies":"The Guardian","floor":16,"turns":8},{"damage":24,"enemies":"2 Thieves","floor":18,"turns":5},{"damage":9,"enemies":"Shell Parasite","floor":21,"turns":5},{"damage":0,"enemies":"Cultist and Chosen","floor":22,"turns":4},{"damage":2,"enemies":"Chosen and Byrds","floor":24,"turns":5},{"damage":17,"enemies":"Shelled Parasite and Fungi","floor":27,"turns":3},{"damage":2,"enemies":"3 Cultists","floor":30,"turns":4},{"damage":2,"enemies":"Snake Plant","floor":31,"turns":3},{"damage":9,"enemies":"Collector","floor":33,"turns":6},{"damage":18,"enemies":"3 Darklings","floor":35,"turns":4},{"damage":10,"enemies":"Orb Walker","floor":36,"turns":3},{"damage":50,"enemies":"Spire Growth","floor":39,"turns":4}],"seed_played":"-2560723585244791342","potions_obtained":[{"floor":8,"key":"Explosive Potion"},{"floor":14,"key":"GamblersBrew"},{"floor":16,"key":"SpeedPotion"}],"is_trial":false,"path_per_floor":["M","?","$","M","$","E","R","M","T","$","?","?","R","E","R","B",null,"M","T","?","M","M","R","M","R","T","M","R","$","M","M","R","B",null,"M","M","?","?","M"],"character_chosen":"THE_SILENT","items_purchased":["Caltrops","Poisoned Stab","Deadly Poison","Crippling Poison","Bane"],"campfire_rested":4,"item_purchase_floors":[3,5,10,29,29],"current_hp_per_floor":[70,70,70,70,70,45,66,64,64,64,71,71,71,43,66,38,77,53,53,53,44,44,67,65,65,65,48,71,71,69,67,67,58,77,59,49,49,49,0],"gold":319,"neow_bonus":"HUNDRED_GOLD","is_prod":false,"is_daily":false,"chose_seed":false,"campfire_upgraded":3,"win_rate":0,"timestamp":1546749858,"path_taken":["M","?","?","M","$","E","R","M","T","$","?","?","R","E","R","BOSS","M","?","?","M","M","R","M","R","T","M","R","$","M","M","R","BOSS","M","M","?","?","M"],"build_version":"2019-01-03v4","purchased_purges":2,"victory":false,"max_hp_per_floor":[70,70,70,70,70,70,70,70,70,70,77,77,77,77,77,77,77,77,77,77,77,77,77,77,77,77,77,77,77,77,77,77,77,77,77,77,77,73,73],"card_choices":[{"not_picked":["Quick Slash","Distraction"],"picked":"Noxious Fumes","floor":1},{"not_picked":["Dagger Spray","PiercingWail"],"picked":"Finisher","floor":4},{"not_picked":["Burst","All Out Attack"],"picked":"Deadly Poison","floor":6},{"not_picked":["Well Laid Plans","Backflip"],"picked":"Deadly Poison","floor":8},{"not_picked":["Backstab","Calculated Gamble"],"picked":"Blur","floor":14},{"not_picked":["Wraith Form v2+1","Unload"],"picked":"Die Die Die","floor":16},{"not_picked":["Flechettes+1","Finisher+1"],"picked":"Infinite Blades+1","floor":18},{"not_picked":["Riddle With Holes+1","Slice"],"picked":"Poisoned Stab+1","floor":21},{"not_picked":["Blade Dance","Calculated Gamble","Riddle With Holes"],"picked":"SKIP","floor":22},{"not_picked":["Sucker Punch","Deadly Poison"],"picked":"Backflip+1","floor":24},{"not_picked":["Blur+1","Poisoned Stab"],"picked":"Catalyst","floor":27},{"not_picked":["Deflect","Sucker Punch"],"picked":"Adrenaline","floor":30},{"not_picked":["Blur","Prepared","Quick Slash"],"picked":"SKIP","floor":31},{"not_picked":["Malaise","Unload"],"picked":"Night Terror","floor":33},{"not_picked":["All Out Attack+1","Backflip","Outmaneuver"],"picked":"SKIP","floor":35},{"not_picked":["Crippling Poison","Quick Slash","Underhanded Strike+1"],"picked":"SKIP","floor":36}],"player_experience":18189,"relics_obtained":[{"floor":6,"key":"Juzu Bracelet"},{"floor":9,"key":"Smiling Mask"},{"floor":14,"key":"Frozen Egg 2"},{"floor":19,"key":"Mercury Hourglass"},{"floor":26,"key":"Mummified Hand"}],"event_choices":[{"cards_removed":["Defend_G"],"damage_healed":0,"gold_gain":0,"player_choice":"Purged","damage_taken":0,"max_hp_gain":0,"max_hp_loss":0,"event_name":"Purifier","floor":2,"gold_loss":0},{"damage_healed":0,"gold_gain":0,"player_choice":"Searched \u00271\u0027 times","damage_taken":0,"relics_obtained":["Strawberry"],"max_hp_gain":0,"max_hp_loss":0,"event_name":"Dead Adventurer","floor":11,"gold_loss":0},{"damage_healed":0,"gold_gain":0,"player_choice":"Gave Potion","damage_taken":0,"relics_obtained":["Torii"],"max_hp_gain":0,"max_hp_loss":0,"event_name":"WeMeetAgain","floor":12,"gold_loss":0},{"damage_healed":0,"gold_gain":0,"player_choice":"Leave","damage_taken":0,"max_hp_gain":0,"max_hp_loss":0,"event_name":"FaceTrader","floor":20,"gold_loss":0},{"damage_healed":0,"gold_gain":0,"player_choice":"Memory 1","damage_taken":0,"max_hp_gain":0,"max_hp_loss":0,"event_name":"SensoryStone","floor":37,"gold_loss":0},{"damage_healed":0,"gold_gain":0,"player_choice":"Max HP","damage_taken":0,"max_hp_gain":0,"max_hp_loss":4,"event_name":"Winding Halls","floor":38,"gold_loss":0}],"is_beta":false,"boss_relics":[{"not_picked":["White Beast Statue","Velvet Choker"],"picked":"Sozu"},{"not_picked":["HoveringKite","Snecko Eye"],"picked":"Cursed Key"}],"items_purged_floors":[10,29],"is_endless":false,"potions_floor_spawned":[8,14,16,21,22,30,33],"killed_by":"Spire Growth","ascension_level":1}