{"gold_per_floor":[112,112,112,132,132,132,153,169,194,262,262,262,133,172,172,291,291,315,338,338,338,353,353],"floor_reached":23,"playtime":1181,"items_purged":["Strike_B"],"score":216,"play_id":"8c0af8e2-cb20-484f-9983-c1d5af633613","local_time":"20190305132752","is_ascension_mode":true,"campfire_choices":[{"data":"Fusion","floor":6,"key":"SMITH"},{"floor":12,"key":"REST"},{"data":"Coolheaded","floor":15,"key":"SMITH"}],"neow_cost":"NONE","seed_source_timestamp":91947403622783,"circlet_count":0,"master_deck":["Strike_B","Strike_B","Defend_B","Defend_B+1","Defend_B","Defend_B","Zap+1","Dualcast+1","Darkness+1","Fusion+1","Sweeping Beam","Compile Driver","Coolheaded+1","Skim","Biased Cognition","Capacitor","Cold Snap","Compile Driver","White Noise","White Noise+1"],"relics":["Cracked Core","Bloody Idol","Centennial Puzzle","Mercury Hourglass","Oddly Smooth Stone","Orrery","Spirit Poop"],"potions_floor_usage":[7,8,16,22,23],"damage_taken":[{"damage":0,"enemies":"2 Louse","floor":1,"turns":2},{"damage":0,"enemies":"Cultist","floor":4,"turns":3},{"damage":7,"enemies":"Small Slimes","floor":7,"turns":4},{"damage":8,"enemies":"Exordium Wildlife","floor":8,"turns":4},{"damage":24,"enemies":"Gremlin Nob","floor":14,"turns":4},{"damage":10,"enemies":"Hexaghost","floor":16,"turns":8},{"damage":13,"enemies":"Spheric Guardian","floor":18,"turns":4},{"damage":22,"enemies":"2 Thieves","floor":19,"turns":4},{"damage":0,"enemies":"3 Cultists","floor":22,"turns":2},{"damage":59,"enemies":"Slavers","floor":23,"turns":3}],"seed_played":"-7719717665054152801","potions_obtained":[{"floor":1,"key":"Swift Potion"},{"floor":4,"key":"PowerPotion"},{"floor":7,"key":"Ancient Potion"},{"floor":18,"key":"LiquidBronze"},{"floor":22,"key":"Regen Potion"}],"is_trial":false,"path_per_floor":["M","?","?","M","?","R","M","M","T","T","?","R","$","E","R","B",null,"M","M","?","?","M","E"],"character_chosen":"DEFECT","items_purchased":["Coolheaded"],"campfire_rested":1,"item_purchase_floors":[13],"current_hp_per_floor":[75,75,75,75,75,75,68,60,60,60,45,67,67,43,43,33,75,62,40,40,40,45,0],"gold":353,"neow_bonus":"UPGRADE_CARD","is_prod":false,"is_daily":false,"chose_seed":false,"campfire_upgraded":2,"win_rate":0,"timestamp":1551821272,"path_taken":["M","?","?","?","?","R","M","M","T","?","?","R","?","E","R","BOSS","M","M","?","?","M","E"],"build_version":"2019-01-23","purchased_purges":1,"victory":false,"max_hp_per_floor":[75,75,75,75,75,75,75,75,75,75,75,75,75,75,75,75,75,75,75,75,75,75,75],"card_choices":[{"not_picked":["Streamline","Chaos"],"picked":"Darkness","floor":1},{"not_picked":["Fusion","Rebound","Storm"],"picked":"SKIP","floor":4},{"not_picked":["Heatsinks","Double Energy"],"picked":"Sweeping Beam","floor":7},{"not_picked":["Stack","Reinforced Body"],"picked":"Compile Driver","floor":8},{"not_picked":["Double Energy","Rebound"],"picked":"Skim","floor":14},{"not_picked":["Meteor Strike","Buffer"],"picked":"Biased Cognition","floor":16},{"not_picked":["BootSequence","Recycle"],"picked":"Capacitor","floor":17},{"not_picked":["Steam Power","Go for the Eyes"],"picked":"Cold Snap","floor":17},{"not_picked":["Gash","Rebound"],"picked":"Compile Driver","floor":17},{"not_picked":["Darkness","Coolheaded"],"picked":"White Noise","floor":17},{"not_picked":["Compile Driver","Reinforced Body","Sweeping Beam"],"picked":"SKIP","floor":18},{"not_picked":["Fusion","Static Discharge","Streamline"],"picked":"SKIP","floor":19},{"not_picked":["Leap+1","Machine Learning"],"picked":"White Noise+1","floor":22}],"player_experience":281557,"relics_obtained":[{"floor":9,"key":"Centennial Puzzle"},{"floor":10,"key":"Mercury Hourglass"},{"floor":14,"key":"Oddly Smooth Stone"}],"event_choices":[{"damage_healed":0,"gold_gain":0,"player_choice":"Grow","damage_taken":0,"max_hp_gain":0,"max_hp_loss":0,"event_name":"Living Wall","floor":2,"gold_loss":0,"cards_upgraded":["Zap"]},{"damage_healed":0,"gold_gain":0,"cards_transformed":["Strike_B"],"player_choice":"Transformed","damage_taken":0,"max_hp_gain":0,"max_hp_loss":0,"event_name":"Transmorgrifier","floor":3,"gold_loss":0,"cards_obtained":["Fusion"]},{"damage_healed":0,"gold_gain":0,"player_choice":"Take Wound","damage_taken":0,"relics_obtained":["Golden Idol"],"max_hp_gain":0,"max_hp_loss":0,"event_name":"Golden Idol","floor":5,"gold_loss":0,"cards_obtained":["Injury"]},{"damage_healed":0,"gold_gain":0,"player_choice":"Entered Light","damage_taken":15,"max_hp_gain":0,"max_hp_loss":0,"event_name":"Shining Light","floor":11,"gold_loss":0,"cards_upgraded":["Darkness","Defend_B"]},{"damage_healed":0,"gold_gain":0,"player_choice":"Gave Idol","damage_taken":0,"relics_obtained":["Bloody Idol"],"max_hp_gain":0,"max_hp_loss":0,"event_name":"Forgotten Altar","floor":20,"relics_lost":["Golden Idol"],"gold_loss":0},{"cards_removed":["Injury"],"damage_healed":0,"gold_gain":0,"player_choice":"Offered Curse","damage_taken":0,"relics_obtained":["Spirit Poop"],"max_hp_gain":0,"max_hp_loss":0,"event_name":"Bonfire Elementals","floor":21,"gold_loss":0}],"is_beta":false,"boss_relics":[{"not_picked":["Busted Crown","Velvet Choker"],"picked":"Orrery"}],"items_purged_floors":[13],"is_endless":false,"potions_floor_spawned":[1,4,7,18,22],"killed_by":"Slavers","ascension_level":3}