{"gold_per_floor":[112,112,37,49,7,7,40,40,85,85,95,129,129,156,156,233,233,246,265,275,33,33,33,58,71,144,2,2,2,2,20,20,94,94,104,379,392,410,66,97,116,134,181,15,15,25,45,78,78,78],"floor_reached":50,"playtime":1887,"items_purged":["Defend_R","Strike_R","Regret"],"score":1280,"play_id":"0726e53e-f424-43d5-bee1-76d8713b119d","local_time":"20190204223235","is_ascension_mode":true,"campfire_choices":[{"data":"Shockwave","floor":6.0,"key":"SMITH"},{"data":"Disarm","floor":8.0,"key":"SMITH"},{"data":"Bash","floor":10.0,"key":"SMITH"},{"data":"Rampage","floor":13.0,"key":"SMITH"},{"floor":15.0,"key":"REST"},{"floor":23.0,"key":"REST"},{"data":"Inflame","floor":29.0,"key":"SMITH"},{"floor":32.0,"key":"REST"},{"floor":45,"key":"RECALL"},{"data":"Double Tap","floor":49,"key":"SMITH"}],"neow_cost":"NONE","seed_source_timestamp":209167711399718,"circlet_count":0,"master_deck":["AscendersBane","Strike_R+1","Strike_R+1","Strike_R+1","Defend_R+1","Defend_R+1","Defend_R+1","Bash+1","Shockwave+1","Battle Trance","Disarm+1","Rampage+1","Double Tap+1","Headbutt","Bandage Up","Inflame+1","Shrug It Off","Double Tap","Reaper","Whirlwind","Headbutt+1","Feed","Shockwave+1","Shrug It Off","Shrug It Off+1","Dual Wield+1","Offering"],"special_seed":0,"relics":["Burning Blood","NeowsBlessing","Gremlin Horn","Happy Flower","Pen Nib","Paper Frog","Velvet Choker","Meat on the Bone","Self Forming Clay","Gambling Chip","Orrery","ClockworkSouvenir","Centennial Puzzle","Orichalcum","Question Card"],"potions_floor_usage":[48,48,50],"damage_taken":[{"damage":0.0,"enemies":"Jaw Worm","floor":1.0,"turns":1.0},{"damage":0.0,"enemies":"Cultist","floor":4.0,"turns":1.0},{"damage":0.0,"enemies":"Gremlin Nob","floor":7.0,"turns":1.0},{"damage":2.0,"enemies":"Small Slimes","floor":11.0,"turns":3.0},{"damage":14.0,"enemies":"Lagavulin","floor":12.0,"turns":6.0},{"damage":33.0,"enemies":"3 Sentries","floor":14.0,"turns":7.0},{"damage":0.0,"enemies":"The Guardian","floor":16.0,"turns":7.0},{"damage":10.0,"enemies":"Chosen","floor":18.0,"turns":5.0},{"damage":28.0,"enemies":"Spheric Guardian","floor":19.0,"turns":4.0},{"damage":23.0,"enemies":"Shelled Parasite and Fungi","floor":20.0,"turns":4.0},{"damage":31.0,"enemies":"Book of Stabbing","floor":24.0,"turns":4.0},{"damage":25.0,"enemies":"Cultist and Chosen","floor":25.0,"turns":7.0},{"damage":3.0,"enemies":"Snecko","floor":31.0,"turns":3.0},{"damage":62.0,"enemies":"Champ","floor":33.0,"turns":6.0},{"damage":25,"enemies":"3 Darklings","floor":35,"turns":4},{"damage":12,"enemies":"Orb Walker","floor":37,"turns":3},{"damage":51,"enemies":"Jaw Worm Horde","floor":38,"turns":2},{"damage":39,"enemies":"Giant Head","floor":40,"turns":6},{"damage":11,"enemies":"Writhing Mass","floor":41,"turns":6},{"damage":16,"enemies":"3 Darklings","floor":42,"turns":2},{"damage":10,"enemies":"Sphere and 2 Shapes","floor":46,"turns":5},{"damage":26,"enemies":"Transient","floor":47,"turns":6},{"damage":6,"enemies":"Reptomancer","floor":48,"turns":3},{"damage":72,"enemies":"Donu and Deca","floor":50,"turns":4}],"seed_played":"-8621220281028782068","potions_obtained":[{"floor":1.0,"key":"Energy Potion"},{"floor":7.0,"key":"GamblersBrew"},{"floor":11.0,"key":"BloodPotion"},{"floor":12.0,"key":"SkillPotion"},{"floor":14.0,"key":"Poison Potion"},{"floor":20.0,"key":"Block Potion"},{"floor":25.0,"key":"EssenceOfSteel"},{"floor":33.0,"key":"Poison Potion"},{"floor":37,"key":"FearPotion"},{"floor":42,"key":"Poison Potion"},{"floor":48,"key":"PowerPotion"}],"is_trial":false,"path_per_floor":["M","?","$","M","$","R","E","R","T","R","M","E","R","E","R","B",null,"M","M","M","$","?","R","E","M","T","$","?","R","?","M","R","B",null,"M","?","M","M","$","E","M","M","T","$","R","M","M","E","R","B"],"character_chosen":"IRONCLAD","items_purchased":["Disarm","Headbutt","Bandage Up","Shrug It Off","Double Tap","ClockworkSouvenir","Orichalcum"],"campfire_rested":3,"item_purchase_floors":[5,21,21,27,27,39,44],"current_hp_per_floor":[74,74,74,75,75,75,75,75,75,75,75,67,67,47,69,75,75,71,49,32,32,32,54,33,30,30,30,30,30,30,49,71,31,64,73,73,69,40,40,35,46,57,57,57,57,60,56,68,68,0],"gold":78,"neow_bonus":"THREE_ENEMY_KILL","is_prod":false,"is_daily":false,"chose_seed":false,"campfire_upgraded":6,"win_rate":0,"timestamp":1549348355,"path_taken":["M","?","$","M","$","R","E","R","T","R","M","E","R","E","R","BOSS","M","M","?","$","?","R","E","M","T","$","?","R","?","?","R","BOSS","M","?","M","M","$","E","M","?","T","?","R","?","M","E","R","BOSS"],"build_version":"2019-01-23","purchased_purges":3,"victory":false,"max_hp_per_floor":[75,75,75,75,75,75,75,75,75,75,75,75,75,75,75,75,75,75,75,75,75,75,75,75,75,75,75,75,75,75,75,75,75,75,75,75,75,75,75,75,75,75,75,75,75,78,78,78,78,78],"card_choices":[{"not_picked":["Carnage","Twin Strike"],"picked":"Shockwave","floor":1.0},{"not_picked":["Heavy Blade","Bloodletting"],"picked":"Battle Trance","floor":4.0},{"not_picked":["Entrench","Combust","Body Slam"],"picked":"SKIP","floor":7.0},{"not_picked":["Pummel","Clothesline"],"picked":"Rampage","floor":11.0},{"not_picked":["Dark Embrace","Flex","Perfected Strike"],"picked":"SKIP","floor":12.0},{"not_picked":["Second Wind","Perfected Strike","Seeing Red"],"picked":"SKIP","floor":14.0},{"not_picked":["Barricade","Exhume"],"picked":"Double Tap","floor":16.0},{"not_picked":["Wild Strike","Hemokinesis","Flex"],"picked":"SKIP","floor":18.0},{"not_picked":["Headbutt","Rage","Cleave"],"picked":"SKIP","floor":19.0},{"not_picked":["Clothesline","Headbutt","Twin Strike"],"picked":"SKIP","floor":20.0},{"not_picked":["Body Slam","Sentinel"],"picked":"Inflame","floor":24.0},{"not_picked":["Clash","Twin Strike","Clothesline"],"picked":"SKIP","floor":25.0},{"not_picked":["Body Slam","Warcry","Headbutt"],"picked":"SKIP","floor":31.0},{"not_picked":["Immolate","Brutality"],"picked":"Reaper","floor":33.0},{"not_picked":["Wild Strike","Flex"],"picked":"Whirlwind","floor":34},{"not_picked":["Fire Breathing","Sentinel"],"picked":"Headbutt+1","floor":35},{"not_picked":["Pommel Strike","Armaments"],"picked":"Feed","floor":37},{"not_picked":["Bloodletting+1","Cleave","Intimidate+1"],"picked":"SKIP","floor":38},{"not_picked":["Feel No Pain","Clothesline"],"picked":"Shockwave+1","floor":40},{"not_picked":["Flex+1","Iron Wave"],"picked":"Shrug It Off","floor":41},{"not_picked":["Clash+1","Cleave","Body Slam"],"picked":"SKIP","floor":42},{"not_picked":["Ghostly Armor","Heavy Blade"],"picked":"Shrug It Off+1","floor":46},{"not_picked":["Havoc","Fire Breathing"],"picked":"Dual Wield+1","floor":47},{"not_picked":["Infernal Blade","Anger"],"picked":"Offering","floor":48}],"player_experience":713159,"relics_obtained":[{"floor":7.0,"key":"Gremlin Horn"},{"floor":9.0,"key":"Happy Flower"},{"floor":12.0,"key":"Pen Nib"},{"floor":14.0,"key":"Paper Frog"},{"floor":24.0,"key":"Meat on the Bone"},{"floor":26.0,"key":"Self Forming Clay"},{"floor":40,"key":"Centennial Puzzle"},{"floor":48,"key":"Question Card"}],"event_choices":[{"cards_removed":["Strike_R"],"damage_healed":0.0,"max_hp_gain":0.0,"max_hp_loss":0.0,"gold_gain":0.0,"event_name":"Bonfire Elementals","player_choice":"Offered Basic","floor":2.0,"gold_loss":0.0,"damage_taken":0.0},{"damage_healed":0.0,"max_hp_gain":0.0,"max_hp_loss":0.0,"gold_gain":0.0,"event_name":"Vampires","player_choice":"Ignored","floor":22.0,"gold_loss":0.0,"damage_taken":0.0},{"damage_healed":0.0,"max_hp_gain":0.0,"max_hp_loss":0.0,"gold_gain":0.0,"event_name":"Back to Basics","player_choice":"Simplicity","floor":28.0,"gold_loss":0.0,"damage_taken":0.0,"cards_upgraded":["Strike_R","Strike_R","Strike_R","Defend_R","Defend_R","Defend_R"]},{"damage_healed":0.0,"max_hp_gain":0.0,"max_hp_loss":0.0,"gold_gain":0.0,"event_name":"WeMeetAgain","player_choice":"Gave Potion","floor":30.0,"gold_loss":0.0,"damage_taken":0.0,"relics_obtained":["Gambling Chip"]},{"damage_healed":0,"gold_gain":275,"player_choice":"Desecrate","damage_taken":0,"max_hp_gain":0,"max_hp_loss":0,"event_name":"Golden Shrine","floor":36,"gold_loss":0,"cards_obtained":["Regret"]}],"is_beta":false,"boss_relics":[{"not_picked":["Calling Bell","Runic Pyramid"],"picked":"Velvet Choker"},{"not_picked":["Pandora\u0027s Box","Runic Dome"],"picked":"Orrery"}],"items_purged_floors":[3,21,39],"is_endless":false,"potions_floor_spawned":[1,7,11,12,14,20,25,33,37,42,46,48],"killed_by":"Donu and Deca","ascension_level":20}