{"gold_per_floor":[367,13,29,46,66,94,110,140,140,140,174,174,174,234,234,313,313,323,23,40,40,50,50,85,85,85,85,105,105,139,157,157,231,231,249,299,299,313,51,51,84,96,96,116,126,126,154,154,154,154,154,154,1,34,34],"floor_reached":56,"playtime":4249,"items_purged":["Regret","Shame"],"score":2178,"play_id":"4e5a318a-da3b-43dd-8faa-81b4aac0e639","local_time":"20190107210951","is_ascension_mode":true,"campfire_choices":[{"floor":10.0,"key":"REST"},{"data":"Mayhem","floor":15,"key":"SMITH"},{"data":"Perfected Strike","floor":23,"key":"SMITH"},{"data":"Heavy Blade","floor":25,"key":"SMITH"},{"floor":29,"key":"REST"},{"data":"Shockwave","floor":32,"key":"SMITH"},{"floor":40,"key":"REST"},{"floor":46,"key":"REST"},{"floor":49,"key":"RECALL"},{"data":"Impervious","floor":52,"key":"SMITH"}],"neow_cost":"CURSE","seed_source_timestamp":314801668088828,"circlet_count":0,"master_deck":["AscendersBane","Bash","Carnage","Mayhem+1","Shockwave+1","Perfected Strike+1","Ghostly Armor","Clothesline","Shrug It Off","Demon Form+1","Heavy Blade+1","Evolve","Corruption","Flame Barrier","Impervious+1","Bludgeon","Offering","Reckless Charge","Evolve","True Grit","Uppercut","Combust","Armaments","Perfected Strike","Clothesline+1","Pummel","Bludgeon+1","Limit Break+1"],"special_seed":0,"relics":["Burning Blood","Torii","PreservedInsect","Meat on the Bone","Self Forming Clay","Singing Bowl","Snecko Eye","Sling","Strawberry","Ancient Tea Set","Enchiridion","Juzu Bracelet","Pandora\u0027s Box","Toxic Egg 2","Kunai","Thread and Needle","Dodecahedron","Whetstone"],"potions_floor_usage":[14,24,45,50,55,55],"damage_taken":[{"damage":23.0,"enemies":"Cultist","floor":1.0,"turns":5.0},{"damage":10.0,"enemies":"2 Louse","floor":3.0,"turns":3.0},{"damage":6.0,"enemies":"Jaw Worm","floor":4.0,"turns":5.0},{"damage":18.0,"enemies":"2 Fungi Beasts","floor":5.0,"turns":4.0},{"damage":22.0,"enemies":"Lagavulin","floor":6.0,"turns":8.0},{"damage":3.0,"enemies":"3 Louse","floor":7.0,"turns":4.0},{"damage":20.0,"enemies":"Gremlin Nob","floor":8.0,"turns":4.0},{"damage":21.0,"enemies":"3 Sentries","floor":11.0,"turns":7.0},{"damage":11,"enemies":"Gremlin Nob","floor":14,"turns":5},{"damage":8,"enemies":"Hexaghost","floor":16,"turns":7},{"damage":23,"enemies":"2 Thieves","floor":18,"turns":4},{"damage":15,"enemies":"3 Byrds","floor":20,"turns":6},{"damage":18,"enemies":"Cultist and Chosen","floor":22,"turns":6},{"damage":13,"enemies":"Gremlin Leader","floor":24,"turns":3},{"damage":21,"enemies":"Chosen and Byrds","floor":28,"turns":4},{"damage":6,"enemies":"Slavers","floor":30,"turns":3},{"damage":1,"enemies":"Snake Plant","floor":31,"turns":3},{"damage":19,"enemies":"Automaton","floor":33,"turns":6},{"damage":7,"enemies":"Orb Walker","floor":35,"turns":3},{"damage":29,"enemies":"3 Darklings","floor":38,"turns":4},{"damage":14,"enemies":"Giant Head","floor":41,"turns":4},{"damage":30,"enemies":"Sphere and 2 Shapes","floor":42,"turns":5},{"damage":6,"enemies":"Spire Growth","floor":44,"turns":3},{"damage":0,"enemies":"Transient","floor":45,"turns":6},{"damage":17,"enemies":"Reptomancer","floor":47,"turns":4},{"damage":74,"enemies":"Awakened One","floor":50,"turns":8},{"damage":44,"enemies":"Shield and Spear","floor":54,"turns":5},{"damage":31,"enemies":"The Heart","floor":55,"turns":6}],"seed_played":"-8778883076345532280","potions_obtained":[{"floor":1.0,"key":"SkillPotion"},{"floor":3.0,"key":"Regen Potion"},{"floor":11.0,"key":"Ancient Potion"},{"floor":16,"key":"Swift Potion"},{"floor":18,"key":"SkillPotion"},{"floor":24,"key":"PowerPotion"},{"floor":28,"key":"SmokeBomb"},{"floor":33,"key":"Fire Potion"},{"floor":45,"key":"SpeedPotion"}],"is_trial":false,"path_per_floor":["M","$","M","M","M","E","M","E","T","R","E","?","?","?","R","B",null,"M","$","M","?","M","R","E","R","T","?","M","R","E","M","R","B",null,"M","?","?","M","$","R","E","M","T","M","M","R","E","?","R","B",null,"R","$","E","B",null],"character_chosen":"IRONCLAD","items_purchased":["Mayhem","Shockwave","Corruption","Sling","Toxic Egg 2","Swift Potion"],"campfire_rested":4,"item_purchase_floors":[2,2,19,19,39,53],"current_hp_per_floor":[51,51,47,47,35,34,37,23,23,45,42,42,42,51,51,49,70,53,53,58,65,53,53,58,58,58,37,36,62,64,71,71,58,84,85,85,85,62,62,90,82,60,60,62,70,100,91,91,91,35,85,85,85,59,46],"gold":34,"neow_bonus":"TWO_FIFTY_GOLD","is_prod":false,"is_daily":false,"chose_seed":false,"campfire_upgraded":5,"win_rate":0,"timestamp":1546862991,"path_taken":["M","$","M","M","M","E","?","E","T","R","E","?","?","?","R","BOSS","M","$","M","?","M","R","E","R","T","?","?","R","E","M","R","BOSS","M","?","?","M","$","R","E","M","T","M","M","R","E","?","R","BOSS","R","$","E","BOSS"],"build_version":"2019-01-03v4","purchased_purges":2,"victory":true,"max_hp_per_floor":[75,75,75,75,75,75,75,75,75,75,75,75,75,77,77,77,77,77,77,79,86,86,86,86,86,86,86,88,88,90,92,92,92,92,94,94,94,94,94,94,94,96,96,98,100,100,102,102,102,102,102,102,102,102,102],"card_choices":[{"not_picked":["Heavy Blade","Flex"],"picked":"Carnage","floor":1.0},{"not_picked":["Entrench","True Grit"],"picked":"Perfected Strike","floor":3.0},{"not_picked":["Infernal Blade","Warcry","Sword Boomerang"],"picked":"SKIP","floor":4.0},{"not_picked":["Shrug It Off","Sever Soul"],"picked":"Ghostly Armor","floor":5.0},{"not_picked":["Berserk","Flex"],"picked":"Clothesline","floor":6.0},{"not_picked":["Cleave","Shrug It Off","Clothesline"],"picked":"SKIP","floor":7.0},{"not_picked":["Cleave","Clothesline"],"picked":"Shrug It Off","floor":7.0},{"not_picked":["Pommel Strike","Sword Boomerang"],"picked":"Demon Form","floor":8.0},{"not_picked":["Fiend Fire","Headbutt"],"picked":"Heavy Blade","floor":11.0},{"not_picked":["Havoc","Flex","Fire Breathing"],"picked":"Singing Bowl","floor":14},{"not_picked":["Berserk","Exhume"],"picked":"Offering","floor":16},{"not_picked":["Cleave+1","Dropkick"],"picked":"Evolve","floor":18},{"not_picked":["Clash","Rage+1","Whirlwind"],"picked":"Singing Bowl","floor":20},{"not_picked":["Cleave","Wild Strike+1"],"picked":"Flame Barrier","floor":22},{"not_picked":["Inflame+1","Pommel Strike"],"picked":"Impervious","floor":24},{"not_picked":["Searing Blow","Cleave+1","Warcry"],"picked":"Singing Bowl","floor":28},{"not_picked":["Rampage","Clothesline+1","Rage"],"picked":"Singing Bowl","floor":30},{"not_picked":["Havoc+1","Warcry","Clash"],"picked":"Singing Bowl","floor":31},{"not_picked":["Brutality","Berserk"],"picked":"Bludgeon","floor":33},{"not_picked":["Bloodletting","Shrug It Off+1","Entrench"],"picked":"Singing Bowl","floor":35},{"not_picked":["Headbutt","Seeing Red"],"picked":"Pummel","floor":38},{"not_picked":["True Grit+1","Wild Strike"],"picked":"Bludgeon","floor":41},{"not_picked":["Sword Boomerang","Cleave","Pommel Strike"],"picked":"Singing Bowl","floor":42},{"not_picked":["Flex+1","True Grit+1","Iron Wave+1"],"picked":"Singing Bowl","floor":44},{"not_picked":["Havoc+1","Dropkick","Combust"],"picked":"Singing Bowl","floor":45},{"not_picked":["Shrug It Off+1","True Grit+1","Clash"],"picked":"Singing Bowl","floor":47},{"not_picked":["Thunderclap","Flex+1"],"picked":"Limit Break+1","floor":54}],"player_experience":765500,"relics_obtained":[{"floor":6.0,"key":"Torii"},{"floor":8.0,"key":"PreservedInsect"},{"floor":9.0,"key":"Meat on the Bone"},{"floor":11.0,"key":"Self Forming Clay"},{"floor":14,"key":"Singing Bowl"},{"floor":24,"key":"Ancient Tea Set"},{"floor":27,"key":"Enchiridion"},{"floor":30,"key":"Juzu Bracelet"},{"floor":41,"key":"Kunai"},{"floor":43,"key":"Thread and Needle"},{"floor":47,"key":"Dodecahedron"},{"floor":54,"key":"Whetstone"}],"event_choices":[{"damage_healed":0.0,"max_hp_gain":0.0,"max_hp_loss":0.0,"gold_gain":0.0,"event_name":"Shining Light","player_choice":"Ignored","floor":12.0,"gold_loss":0.0,"damage_taken":0.0},{"damage_healed":0.0,"max_hp_gain":0.0,"max_hp_loss":0.0,"gold_gain":0.0,"event_name":"Living Wall","player_choice":"Grow","floor":13.0,"gold_loss":0.0,"damage_taken":0.0,"cards_upgraded":["Demon Form"]},{"damage_healed":0,"gold_gain":0,"player_choice":"Searched \u00271\u0027 times","damage_taken":0,"max_hp_gain":0,"max_hp_loss":0,"event_name":"Dead Adventurer","floor":14,"gold_loss":0},{"damage_healed":0,"gold_gain":0,"player_choice":"Stole Relic","damage_taken":0,"relics_obtained":["Strawberry"],"max_hp_gain":0,"max_hp_loss":0,"event_name":"Addict","floor":21,"gold_loss":0,"cards_obtained":["Shame"]},{"damage_healed":0,"gold_gain":0,"player_choice":"Obtained Book","damage_taken":21,"max_hp_gain":0,"max_hp_loss":0,"event_name":"Cursed Tome","floor":27,"gold_loss":0},{"damage_healed":0,"gold_gain":50,"player_choice":"Pray","damage_taken":0,"max_hp_gain":0,"max_hp_loss":0,"event_name":"Golden Shrine","floor":36,"gold_loss":0},{"damage_healed":0,"gold_gain":0,"player_choice":"Ignored","damage_taken":0,"max_hp_gain":0,"max_hp_loss":0,"event_name":"Tomb of Lord Red Mask","floor":37,"gold_loss":0},{"cards_removed":["Offering"],"damage_healed":0,"gold_gain":0,"player_choice":"Removed Skill","damage_taken":0,"max_hp_gain":0,"max_hp_loss":0,"event_name":"Falling","floor":48,"gold_loss":0}],"is_beta":false,"boss_relics":[{"not_picked":["Sozu","Black Blood"],"picked":"Snecko Eye"},{"not_picked":["Fusion Hammer","Runic Cube"],"picked":"Pandora\u0027s Box"}],"items_purged_floors":[2,53],"is_endless":false,"potions_floor_spawned":[1,3,5,11,16,18,24,28,33,42,44,45],"ascension_level":17}