{"path_per_floor":["M","?","M","?","?","E","R","E","T","E","$","?","R","M","R","B",null,"M","?","T","?","M","R","E","?","T","R","M","R","M","$","R","B",null,"M","M","?","?","M","?","$","R","T","$","M","M","M","M","R","B"],"character_chosen":"IRONCLAD","items_purchased":["Gremlin Horn","Block Potion"],"gold_per_floor":[114,114,125,125,225,260,260,290,316,349,14,41,41,51,51,151,151,164,164,164,164,182,182,208,133,160,160,180,180,197,47,47,147,147,160,174,0,0,20,20,20,20,20,20,36,50,70,83,83,83],"floor_reached":51,"campfire_rested":4,"playtime":6155,"current_hp_per_floor":[80,64,70,70,70,76,76,68,68,55,55,52,52,56,56,26,80,80,80,80,80,65,65,27,27,27,66,60,60,49,49,80,76,80,83,82,82,82,42,32,32,72,72,72,47,35,21,51,92,34],"items_purged":["Strike_R","Strike_R"],"gold":83,"play_id":"c2cd5590-1384-4ec6-bc39-d6865a51baad","is_prod":false,"is_daily":false,"is_ascension_mode":false,"campfire_upgraded":5,"path_taken":["M","?","M","?","?","E","R","E","T","E","$","?","R","M","R","BOSS","M","?","?","?","M","R","E","?","T","R","M","R","?","?","R","BOSS","M","M","?","?","M","?","?","R","T","$","M","?","?","M","R","BOSS"],"build_version":"2018-02-01-PROD3","purchased_purges":2,"victory":true,"master_deck":["Strike_R","Strike_R","Defend_R","Defend_R","Defend_R+1","Defend_R","Bash+1","Pommel Strike+1","Mind Blast","Pommel Strike+1","Rupture+1","Impervious","Cleave+1","Demon Form+1","Heavy Blade+1","Combust","Bloodletting","Metallicize+1","Shockwave+1","Feed","Madness","Madness","Warcry+1"],"max_hp_per_floor":[80,80,80,80,80,80,80,80,80,80,80,80,80,80,80,80,80,80,80,80,80,80,80,80,80,80,80,80,80,80,80,80,80,80,83,83,83,83,86,86,86,86,86,86,86,89,92,92,92,92],"relics":["Burning Blood","NeowsBlessing","Happy Flower","Bottled Flame","Vajra","Ancient Tea Set","Gremlin Horn","Odd Mushroom","Black Star","Charon\u0027s Ashes","Pen Nib","Regal Pillow","Anchor","Lizard Tail","Red Mask","Ornamental Fan"],"card_choices":[{"not_picked":["Armaments","Uppercut"],"picked":"Pommel Strike"},{"not_picked":["Sword Boomerang","True Grit"],"picked":"Pommel Strike"},{"not_picked":["Armaments","Warcry"],"picked":"Rupture"},{"not_picked":["Body Slam","Wild Strike"],"picked":"Impervious"},{"not_picked":["Wild Strike","Body Slam"],"picked":"Cleave"},{"not_picked":["Fiend Fire","Impervious"],"picked":"Demon Form"},{"not_picked":["Sword Boomerang","Twin Strike"],"picked":"Heavy Blade"},{"not_picked":["Flame Barrier","Pommel Strike"],"picked":"Bloodletting"},{"not_picked":["Armaments","Iron Wave"],"picked":"Metallicize"},{"not_picked":["Rampage","Anger"],"picked":"Shockwave"},{"not_picked":["Fiend Fire","Bludgeon"],"picked":"Feed"},{"not_picked":["Clothesline","Armaments"],"picked":"Warcry"}],"player_experience":73138,"potions_floor_usage":[8,10,16,24,33,48,50,50],"damage_taken":[{"damage":0,"enemies":"2 Louse","floor":1,"turns":1},{"damage":0,"enemies":"Jaw Worm","floor":3,"turns":1},{"damage":0,"enemies":"Lagavulin","floor":6,"turns":1},{"damage":14,"enemies":"Gremlin Nob","floor":8,"turns":3},{"damage":19,"enemies":"Lagavulin","floor":10,"turns":4},{"damage":9,"enemies":"The Mushroom Lair","floor":12,"turns":5},{"damage":2,"enemies":"Blue Slaver","floor":14,"turns":2},{"damage":36,"enemies":"The Guardian","floor":16,"turns":10},{"damage":5,"enemies":"Spheric Guardian","floor":18,"turns":4},{"damage":21,"enemies":"Shell Parasite","floor":22,"turns":5},{"damage":44,"enemies":"Slavers","floor":24,"turns":4},{"damage":12,"enemies":"Snake Plant","floor":28,"turns":4},{"damage":17,"enemies":"Centurion and Healer","floor":30,"turns":5},{"damage":10,"enemies":"Collector","floor":33,"turns":6},{"damage":0,"enemies":"Orb Walker","floor":35,"turns":3},{"damage":7,"enemies":"3 Shapes","floor":36,"turns":4},{"damage":49,"enemies":"Sphere and 2 Shapes","floor":39,"turns":6},{"damage":31,"enemies":"Maw","floor":45,"turns":7},{"damage":21,"enemies":"3 Darklings","floor":46,"turns":4},{"damage":23,"enemies":"4 Shapes","floor":47,"turns":4},{"damage":27,"enemies":"Maw","floor":48,"turns":8},{"damage":64,"enemies":"Time Eater","floor":50,"turns":9}],"event_choices":[{"event_name":"Shining Light","player_choice":"Entered Light","floor":2,"damage_taken":0},{"event_name":"Match and Keep!","player_choice":"1 cards matched","floor":4,"damage_taken":0},{"event_name":"Wheel of Change","player_choice":"Gold","floor":5,"damage_taken":0},{"event_name":"Mushrooms","player_choice":"Fought Mushrooms","floor":12,"damage_taken":0},{"event_name":"The Library","player_choice":"Read","floor":19,"damage_taken":0},{"event_name":"Transmorgrifier","player_choice":"Transform","floor":21,"damage_taken":0},{"event_name":"Beggar","player_choice":"Gave Gold","floor":25,"damage_taken":0},{"event_name":"Tomb of Lord Red Mask","player_choice":"Paid","floor":37,"damage_taken":0},{"event_name":"Upgrade Shrine","player_choice":"Upgraded","floor":38,"damage_taken":0},{"event_name":"Winding Halls","player_choice":"Embrace Madness","floor":40,"damage_taken":0}],"boss_relics":[{"not_picked":["Tiny House","Philosopher\u0027s Stone"],"picked":"Black Star"},{"not_picked":["Astrolabe","Black Blood"],"picked":"Lizard Tail"}],"potions_floor_spawned":[3,8,12,18,39,45,48],"seed_played":"8915324303892264388","ascension_level":0,"is_trial":false}