{"gold_per_floor":[117,117,130,55,75,104,104,123,123,123,198,239,257,295,295,426,426,441,441,466,487,511,842,842,842],"floor_reached":25,"playtime":2434,"items_purged":["Defend_R"],"score":328,"play_id":"5f19a103-e84a-405e-8689-2a6e5766062e","local_time":"20190131015555","is_ascension_mode":true,"campfire_choices":[{"data":"True Grit","floor":7.0,"key":"SMITH"},{"data":"Metallicize","floor":15.0,"key":"SMITH"}],"neow_cost":"TEN_PERCENT_HP_LOSS","seed_source_timestamp":0,"circlet_count":0,"master_deck":["Strike_R","Strike_R","Strike_R","Defend_R","Defend_R","Defend_R","Bash","True Grit+1","Metallicize+1","Shrug It Off","Infernal Blade","Iron Wave","Uppercut","Dropkick","Double Tap+1","Impervious","Cleave+1","Armaments","Dropkick"],"special_seed":0,"relics":["Burning Blood","Smiling Mask","Thread and Needle","Golden Idol","Frozen Egg 2","Magic Flower","Philosopher\u0027s Stone","Old Coin"],"potions_floor_usage":[25],"damage_taken":[{"damage":1.0,"enemies":"Cultist","floor":1.0,"turns":3.0},{"damage":2.0,"enemies":"Small Slimes","floor":3.0,"turns":4.0},{"damage":7.0,"enemies":"2 Louse","floor":5.0,"turns":4.0},{"damage":46.0,"enemies":"Gremlin Nob","floor":6.0,"turns":6.0},{"damage":7.0,"enemies":"Gremlin Gang","floor":8.0,"turns":7.0},{"damage":7.0,"enemies":"3 Sentries","floor":12.0,"turns":12.0},{"damage":0.0,"enemies":"Large Slime","floor":13.0,"turns":6.0},{"damage":14.0,"enemies":"Gremlin Nob","floor":14.0,"turns":3.0},{"damage":9.0,"enemies":"The Guardian","floor":16.0,"turns":14.0},{"damage":5.0,"enemies":"2 Thieves","floor":18.0,"turns":5.0},{"damage":0.0,"enemies":"Shell Parasite","floor":20.0,"turns":3.0},{"damage":9.0,"enemies":"Snake Plant","floor":21.0,"turns":5.0},{"damage":4.0,"enemies":"Centurion and Healer","floor":22.0,"turns":6.0},{"damage":28.0,"enemies":"Gremlin Leader","floor":23.0,"turns":7.0},{"damage":49,"enemies":"Book of Stabbing","floor":25,"turns":5}],"seed_played":"-8189466353279370223","potions_obtained":[{"floor":1.0,"key":"BloodPotion"},{"floor":6.0,"key":"Strength Potion"},{"floor":8.0,"key":"LiquidBronze"},{"floor":12.0,"key":"SkillPotion"},{"floor":20.0,"key":"Swift Potion"},{"floor":21.0,"key":"LiquidBronze"}],"is_trial":false,"path_per_floor":["M","T","M","$","M","E","R","M","T","?","?","E","M","E","R","B",null,"M","?","M","M","M","E","?","E"],"character_chosen":"IRONCLAD","items_purchased":[],"campfire_rested":0,"item_purchase_floors":[],"current_hp_per_floor":[72,72,72,72,71,38,38,37,37,37,26,25,31,23,23,23,56,60,60,67,67,67,48,48,0],"gold":842,"neow_bonus":"REMOVE_TWO","is_prod":false,"is_daily":false,"chose_seed":false,"campfire_upgraded":2,"win_rate":0,"timestamp":1548917755,"path_taken":["M","?","M","$","M","E","R","M","T","?","?","E","M","E","R","BOSS","M","?","M","?","M","E","?","E"],"build_version":"2019-01-23","purchased_purges":1,"victory":false,"max_hp_per_floor":[72,72,72,72,72,72,72,72,72,67,67,67,67,67,67,67,67,67,67,67,67,67,67,67,67],"card_choices":[{"not_picked":["Hemokinesis","Shockwave"],"picked":"True Grit","floor":1.0},{"not_picked":["Rage","Havoc"],"picked":"Metallicize","floor":3.0},{"not_picked":["Perfected Strike","Sword Boomerang"],"picked":"Shrug It Off","floor":5.0},{"not_picked":["Dual Wield","Combust"],"picked":"Infernal Blade","floor":6.0},{"not_picked":["Twin Strike","Perfected Strike"],"picked":"Iron Wave","floor":8.0},{"not_picked":["Pummel","Hemokinesis"],"picked":"Uppercut","floor":12.0},{"not_picked":["Carnage","Clash"],"picked":"Dropkick","floor":13.0},{"not_picked":["Wild Strike","True Grit"],"picked":"Double Tap","floor":14.0},{"not_picked":["Bludgeon","Dark Embrace+1"],"picked":"Impervious","floor":16.0},{"not_picked":["Sever Soul","Shockwave+1"],"picked":"Cleave+1","floor":18.0},{"not_picked":["True Grit","Iron Wave","Pummel"],"picked":"SKIP","floor":20.0},{"not_picked":["Headbutt","Carnage"],"picked":"Armaments","floor":21.0},{"not_picked":["Armaments","Clash","Iron Wave"],"picked":"SKIP","floor":22.0},{"not_picked":["Infernal Blade","Blood for Blood"],"picked":"Dropkick","floor":23.0}],"player_experience":259343,"relics_obtained":[{"floor":6.0,"key":"Smiling Mask"},{"floor":9.0,"key":"Thread and Needle"},{"floor":12.0,"key":"Frozen Egg 2"},{"floor":14.0,"key":"Magic Flower"},{"floor":23.0,"key":"Old Coin"}],"event_choices":[{"damage_healed":0.0,"max_hp_gain":0.0,"max_hp_loss":5.0,"gold_gain":0.0,"event_name":"Golden Idol","player_choice":"Lose Max HP","floor":10.0,"gold_loss":0.0,"damage_taken":0.0,"relics_obtained":["Golden Idol"]},{"damage_healed":0.0,"max_hp_gain":0.0,"max_hp_loss":0.0,"gold_gain":75.0,"event_name":"World of Goop","player_choice":"Gather Gold","floor":11.0,"gold_loss":0.0,"damage_taken":11.0},{"damage_healed":0.0,"max_hp_gain":0.0,"max_hp_loss":0.0,"gold_gain":0.0,"event_name":"Upgrade Shrine","player_choice":"Upgraded","floor":19.0,"gold_loss":0.0,"damage_taken":0.0,"cards_upgraded":["Double Tap"]},{"damage_healed":0.0,"max_hp_gain":0.0,"max_hp_loss":0.0,"gold_gain":0.0,"event_name":"Ghosts","player_choice":"Ignored","floor":24.0,"gold_loss":0.0,"damage_taken":0.0}],"is_beta":false,"boss_relics":[{"not_picked":["Calling Bell","Runic Cube"],"picked":"Philosopher\u0027s Stone"}],"items_purged_floors":[4],"is_endless":false,"potions_floor_spawned":[1,6,8,12,20,21,23],"killed_by":"Book of Stabbing","ascension_level":7}