{"gold_per_floor":[115,2,18,32,32,63,63,74,74,74,74,94,94,112,112,112],"floor_reached":16,"playtime":292,"items_purged":[],"score":204,"play_id":"4281e9b3-67f7-4458-b0b3-7d2b8d875e6c","local_time":"20190122191138","is_ascension_mode":true,"campfire_choices":[{"data":"Sunder","floor":7,"key":"SMITH"},{"data":"Go for the Eyes","floor":10,"key":"SMITH"},{"data":"Zap","floor":13,"key":"SMITH"},{"floor":15,"key":"REST"}],"neow_cost":"NONE","seed_source_timestamp":1180606463455339,"circlet_count":0,"master_deck":["AscendersBane","Strike_B","Strike_B","Strike_B","Strike_B","Defend_B","Defend_B","Defend_B","Defend_B","Zap+1","Dualcast","Conserve Battery","Storm","Go for the Eyes+1","Sunder+1","Force Field","Rainbow","Core Surge"],"relics":["Cracked Core","NeowsBlessing","Dead Branch","Turnip"],"potions_floor_usage":[6],"damage_taken":[{"damage":0,"enemies":"Cultist","floor":1,"turns":1},{"damage":0,"enemies":"Small Slimes","floor":3,"turns":1},{"damage":0,"enemies":"2 Louse","floor":4,"turns":1},{"damage":23,"enemies":"Lagavulin","floor":6,"turns":6},{"damage":7,"enemies":"Large Slime","floor":8,"turns":5},{"damage":5,"enemies":"3 Louse","floor":12,"turns":4},{"damage":8,"enemies":"Looter","floor":14,"turns":2},{"damage":34,"enemies":"The Guardian","floor":16,"turns":3}],"seed_played":"-7267732093703799940","potions_obtained":[{"floor":4,"key":"FearPotion"},{"floor":14,"key":"FocusPotion"}],"is_trial":false,"path_per_floor":["$","M"],"character_chosen":"DEFECT","items_purchased":["Storm","Go for the Eyes"],"campfire_rested":1,"item_purchase_floors":[2,2],"current_hp_per_floor":[64,64,64,64,64,41,41,34,34,34,34,29,29,21,42,8],"gold":112,"neow_bonus":"THREE_ENEMY_KILL","is_prod":false,"is_daily":false,"chose_seed":false,"campfire_upgraded":3,"win_rate":0,"timestamp":1548202298,"path_taken":["M","?","M","?","$","E","R","M","T","R","$","M","R","M","R","BOSS"],"build_version":"2019-01-20","purchased_purges":0,"victory":false,"max_hp_per_floor":[71,71,71,71,71,71,71,71,71,71,71,71,71,71,71,71],"card_choices":[{"not_picked":["Compile Driver","BootSequence"],"picked":"Conserve Battery","floor":1},{"not_picked":["Rebound","Redo","Barrage"],"picked":"SKIP","floor":3},{"not_picked":["Steam","Beam Cell"],"picked":"Sunder","floor":4},{"not_picked":["Leap","Streamline"],"picked":"Force Field","floor":6},{"not_picked":["Ball Lightning","Compile Driver"],"picked":"Rainbow","floor":8},{"not_picked":["Steam","Lockon","Streamline"],"picked":"SKIP","floor":12},{"not_picked":["Compile Driver","Leap"],"picked":"Core Surge","floor":14}],"player_experience":492834,"relics_obtained":[{"floor":6,"key":"Dead Branch"},{"floor":9,"key":"Turnip"}],"event_choices":[],"is_beta":true,"boss_relics":[],"items_purged_floors":[],"is_endless":false,"potions_floor_spawned":[4,14],"killed_by":"The Guardian","ascension_level":20}