{"gold_per_floor":[114,129,12,31,31,31,1,1,1,1,1,1,1,36,36,36],"floor_reached":16,"playtime":715,"items_purged":[],"score":158,"play_id":"cff3880f-cfdc-45ec-b2de-d9e696a149a8","local_time":"20181117004426","is_ascension_mode":true,"campfire_choices":[{"data":"Self Repair","floor":6,"key":"SMITH"},{"data":"Glacier","floor":12,"key":"SMITH"},{"data":"Cold Snap","floor":15,"key":"SMITH"}],"neow_cost":"NONE","seed_source_timestamp":38847892798948,"circlet_count":0,"master_deck":["AscendersBane","Strike_B","Strike_B","Strike_B","Defend_B","Defend_B","Defend_B","Defend_B","Zap","Dualcast","Cold Snap+1","Fusion","Glacier+1","Self Repair+1","Double Energy","Sweeping Beam"],"relics":["Snecko Eye","Dodecahedron","PreservedInsect","FossilizedHelix","Orichalcum"],"potions_floor_usage":[1],"damage_taken":[{"damage":6,"enemies":"Cultist","floor":1,"turns":4},{"damage":7,"enemies":"Small Slimes","floor":2,"turns":4},{"damage":0,"enemies":"2 Louse","floor":4,"turns":3},{"damage":6,"enemies":"Looter","floor":7,"turns":4},{"damage":4,"enemies":"Gremlin Nob","floor":14,"turns":5},{"damage":49,"enemies":"Slime Boss","floor":16,"turns":13}],"seed_played":"-2758415067402551819","potions_obtained":[{"floor":1,"key":"Fruit Juice"},{"floor":2,"key":"Dexterity Potion"},{"floor":4,"key":"Dexterity Potion"}],"is_trial":false,"path_per_floor":["M","M","$","M","$","R","M","?","T","?","?","R","?","E","R","B"],"character_chosen":"DEFECT","items_purchased":["Glacier","Self Repair"],"campfire_rested":0,"item_purchase_floors":[3,3],"current_hp_per_floor":[67,60,60,67,67,67,71,64,64,64,39,39,39,45,45,0],"gold":36,"neow_bonus":"BOSS_RELIC","is_prod":false,"is_daily":false,"chose_seed":false,"campfire_upgraded":3,"win_rate":0,"timestamp":1542444266,"path_taken":["M","?","$","M","$","R","M","?","T","?","?","R","?","E","R","BOSS"],"build_version":"2018-11-15","purchased_purges":0,"victory":false,"max_hp_per_floor":[80,80,80,80,80,80,80,80,80,80,80,80,80,80,80,80],"card_choices":[{"not_picked":["BootSequence","Barrage"],"picked":"Cold Snap","floor":1},{"not_picked":["Stack","Recycle"],"picked":"Fusion","floor":2},{"not_picked":["Compile Driver","Sweeping Beam"],"picked":"Double Energy","floor":4},{"not_picked":["Turbo","Go for the Eyes"],"picked":"Sweeping Beam","floor":7},{"not_picked":["Turbo","Darkness","Barrage"],"picked":"SKIP","floor":14}],"player_experience":416038,"relics_obtained":[{"floor":9,"key":"Dodecahedron"},{"floor":14,"key":"Orichalcum"}],"event_choices":[{"cards_removed":["Strike_B"],"damage_healed":0,"gold_gain":0,"player_choice":"Card Removal","damage_taken":7,"max_hp_gain":0,"max_hp_loss":0,"event_name":"Golden Wing","floor":8,"gold_loss":0},{"damage_healed":0,"gold_gain":0,"player_choice":"Ignored","damage_taken":0,"max_hp_gain":0,"max_hp_loss":0,"event_name":"Liars Game","floor":10,"gold_loss":0},{"damage_healed":0,"gold_gain":0,"player_choice":"Success","damage_taken":25,"relics_obtained":["PreservedInsect"],"max_hp_gain":0,"max_hp_loss":0,"event_name":"Scrap Ooze","floor":11,"gold_loss":0},{"damage_healed":0,"gold_gain":0,"player_choice":"Searched \u00271\u0027 times","damage_taken":0,"relics_obtained":["FossilizedHelix"],"max_hp_gain":0,"max_hp_loss":0,"event_name":"Dead Adventurer","floor":13,"gold_loss":0}],"is_beta":false,"boss_relics":[],"items_purged_floors":[],"is_endless":false,"potions_floor_spawned":[1,2,4],"killed_by":"Slime Boss","ascension_level":13}