{"gold_per_floor":[114,133,58,58,58,58,74,74,74,74,88,88,107,123,123,220,220,231,216,116,116,131,131,131,147,147,162,162,193,193,212,212,315,365,383,180,195,195],"floor_reached":38,"playtime":1792,"items_purged":["Defend_R","Strike_R","Decay"],"score":388,"play_id":"8203bb4f-ff92-4fcc-83ba-19f7e6e76eca","local_time":"20190206160652","is_ascension_mode":false,"campfire_choices":[{"data":"Metallicize","floor":6,"key":"SMITH"},{"data":"Combust","floor":8,"key":"SMITH"},{"data":"Shrug It Off","floor":10,"key":"SMITH"},{"data":"Rupture","floor":12,"key":"SMITH"},{"data":"Heavy Blade","floor":15,"key":"SMITH"},{"data":"Metallicize","floor":23,"key":"SMITH"},{"floor":28,"key":"REST"},{"floor":32,"key":"REST"}],"neow_cost":"NONE","seed_source_timestamp":4501047949809316,"circlet_count":0,"master_deck":["Strike_R","Strike_R","Defend_R","Defend_R","Defend_R","Bash","Metallicize+1","Shrug It Off+1","Combust+1","Rupture+1","Heavy Blade+1","Demon Form","Anger","Metallicize+1","Brutality","Inflame","Dual Wield+1","Shrug It Off","Barricade","Inflame+1","True Grit+1","Demon Form"],"relics":["Burning Blood","Runic Pyramid","Bag of Marbles","Dream Catcher","Tiny House"],"potions_floor_usage":[16,29,29,33,35,35,38],"damage_taken":[{"damage":6,"enemies":"Cultist","floor":1,"turns":3},{"damage":11,"enemies":"2 Louse","floor":2,"turns":3},{"damage":8,"enemies":"Small Slimes","floor":7,"turns":4},{"damage":3,"enemies":"Looter","floor":11,"turns":3},{"damage":2,"enemies":"Gremlin Gang","floor":13,"turns":3},{"damage":9,"enemies":"2 Fungi Beasts","floor":14,"turns":4},{"damage":20,"enemies":"The Guardian","floor":16,"turns":11},{"damage":22,"enemies":"Shell Parasite","floor":18,"turns":6},{"damage":18,"enemies":"2 Thieves","floor":19,"turns":4},{"damage":3,"enemies":"Centurion and Healer","floor":22,"turns":4},{"damage":23,"enemies":"Shelled Parasite and Fungi","floor":25,"turns":5},{"damage":9,"enemies":"Snecko","floor":27,"turns":5},{"damage":42,"enemies":"Book of Stabbing","floor":29,"turns":6},{"damage":14,"enemies":"Snake Plant","floor":31,"turns":5},{"damage":47,"enemies":"Champ","floor":33,"turns":12},{"damage":5,"enemies":"Orb Walker","floor":35,"turns":2},{"damage":39,"enemies":"3 Darklings","floor":37,"turns":9},{"damage":79,"enemies":"Transient","floor":38,"turns":4}],"seed_played":"8890050516102198526","potions_obtained":[{"floor":1,"key":"Ancient Potion"},{"floor":7,"key":"SpeedPotion"},{"floor":16,"key":"LiquidBronze"},{"floor":18,"key":"Ancient Potion"},{"floor":19,"key":"Swift Potion"},{"floor":33,"key":"FearPotion"},{"floor":34,"key":"AttackPotion"},{"floor":37,"key":"Strength Potion"}],"is_trial":false,"path_per_floor":["M","M","$","?","?","R","M","R","T","R","M","R","M","M","R","B",null,"M","M","$","?","M","R","?","M","T","M","R","E","?","M","R","B",null,"M","$","M","M"],"character_chosen":"IRONCLAD","items_purchased":["Demon Form"],"campfire_rested":2,"item_purchase_floors":[36],"current_hp_per_floor":[88,83,83,83,83,83,81,81,81,81,84,84,88,85,85,71,88,72,60,60,60,63,63,63,46,46,43,69,33,33,25,51,10,93,93,93,60,0],"gold":195,"neow_bonus":"TEN_PERCENT_HP_BONUS","is_prod":false,"is_daily":false,"chose_seed":false,"campfire_upgraded":6,"win_rate":0,"timestamp":1549487212,"path_taken":["M","?","$","?","?","R","M","R","T","R","M","R","M","M","R","BOSS","M","M","$","?","M","R","?","?","T","M","R","E","?","M","R","BOSS","M","$","M","M"],"build_version":"2019-01-23","purchased_purges":3,"victory":false,"max_hp_per_floor":[88,88,88,88,88,88,88,88,88,88,88,88,88,88,88,88,88,88,88,88,88,88,88,88,88,88,88,88,88,88,88,88,88,93,93,93,93,93],"card_choices":[{"not_picked":["Bloodletting","Cleave"],"picked":"Metallicize","floor":1},{"not_picked":["Flex","Sword Boomerang"],"picked":"Shrug It Off","floor":2},{"not_picked":["Evolve","Sentinel"],"picked":"Combust","floor":7},{"not_picked":["Headbutt","Evolve"],"picked":"Rupture","floor":11},{"not_picked":["Pommel Strike","Body Slam"],"picked":"Heavy Blade","floor":13},{"not_picked":["Anger","Evolve","Havoc"],"picked":"SKIP","floor":14},{"not_picked":["Exhume","Dark Embrace"],"picked":"Demon Form","floor":16},{"not_picked":["Wild Strike","Body Slam","Warcry"],"picked":"SKIP","floor":18},{"not_picked":["Iron Wave","Warcry","Pommel Strike+1"],"picked":"SKIP","floor":19},{"not_picked":["Thunderclap","Heavy Blade"],"picked":"Metallicize","floor":22},{"not_picked":["Clothesline","Ghostly Armor"],"picked":"Inflame","floor":25},{"not_picked":["Heavy Blade","Disarm"],"picked":"Dual Wield","floor":27},{"not_picked":["Reckless Charge+1","Warcry","Rampage"],"picked":"SKIP","floor":29},{"not_picked":["Headbutt+1","Reckless Charge+1"],"picked":"Shrug It Off","floor":31},{"not_picked":["Offering","Fiend Fire"],"picked":"Barricade","floor":33},{"not_picked":["Battle Trance","Hemokinesis+1"],"picked":"Inflame+1","floor":34},{"not_picked":["Twin Strike+1","Warcry"],"picked":"True Grit+1","floor":35},{"not_picked":["Perfected Strike+1","Flame Barrier","Combust"],"picked":"SKIP","floor":37}],"player_experience":65266,"relics_obtained":[{"floor":26,"key":"Bag of Marbles"},{"floor":29,"key":"Dream Catcher"}],"event_choices":[{"damage_healed":0,"gold_gain":0,"player_choice":"Ignored","damage_taken":0,"max_hp_gain":0,"max_hp_loss":0,"event_name":"Golden Wing","floor":4,"gold_loss":0},{"damage_healed":0,"gold_gain":0,"player_choice":"Ignored","damage_taken":0,"max_hp_gain":0,"max_hp_loss":0,"event_name":"Liars Game","floor":5,"gold_loss":0},{"damage_healed":0,"gold_gain":0,"cards_transformed":["Strike_R","Strike_R"],"player_choice":"Became Test Subject","damage_taken":0,"max_hp_gain":0,"max_hp_loss":0,"event_name":"Drug Dealer","floor":21,"gold_loss":0,"cards_obtained":["Anger","Flex"]},{"damage_healed":0,"gold_gain":0,"cards_transformed":["Flex"],"player_choice":"Transformed","damage_taken":0,"max_hp_gain":0,"max_hp_loss":0,"event_name":"Transmorgrifier","floor":24,"gold_loss":0,"cards_obtained":["Brutality"]},{"damage_healed":0,"gold_gain":0,"player_choice":"Smashed Altar","damage_taken":0,"max_hp_gain":0,"max_hp_loss":0,"event_name":"Forgotten Altar","floor":30,"gold_loss":0,"cards_obtained":["Decay"]}],"is_beta":false,"boss_relics":[{"not_picked":["Orrery","Busted Crown"],"picked":"Runic Pyramid"},{"not_picked":["Runic Dome","Lizard Tail"],"picked":"Tiny House"}],"items_purged_floors":[3,20,36],"is_endless":false,"potions_floor_spawned":[1,7,16,18,19,27,33,37],"killed_by":"Transient","ascension_level":0}