{"gold_per_floor":[111,111,111,81,81,81,101,101,101,113,142,152,50,73,73,177,177,187,187,187,60,10,10,44,44,44,72,91,103,103,80,80,180,180,191,116,134,154,154,179,34,34,61,94,94,112,131,162,162,162],"floor_reached":51,"playtime":3052,"items_purged":["Thunder Strike+1"],"score":938,"play_id":"c97c0c3d-f88a-4a2b-b45e-690add5d298e","local_time":"20180928183048","is_ascension_mode":true,"campfire_choices":[{"data":"Zap","floor":6,"key":"SMITH"},{"data":"Dualcast","floor":8,"key":"SMITH"},{"data":"Scrape","floor":15,"key":"SMITH"},{"data":"Streamline","floor":23,"key":"SMITH"},{"data":"Capacitor","floor":25,"key":"SMITH"},{"floor":32,"key":"REST"},{"data":"Fusion","floor":42,"key":"SMITH"},{"floor":49,"key":"REST"}],"neow_cost":"","seed_source_timestamp":439257836694438,"circlet_count":0,"master_deck":["Defend_B","Defend_B","Defend_B","Defend_B","Zap+1","Dualcast+1","Conserve Battery","Gash","Gash","Streamline+1","Scrape+1","Static Discharge","Hologram","Seek+1","Auto Shields+1","Skim+1","Beam Cell","Capacitor+1","Self Repair+1","Chill+1","Gash","Fusion+1","Steam","All For One","Defragment+1","Gash","Gash+1","Static Discharge","White Noise","Beam Cell+1"],"relics":["Cracked Core","DataDisk","Dodecahedron","Orichalcum","Potion Belt","Astrolabe","Tiny Chest","Boot","Regal Pillow","Unceasing Top","Kunai","Pear","Black Star","PreservedInsect","Blood Vial","Pen Nib","Lantern","Centennial Puzzle","Pocketwatch","Du-Vu Doll","Molten Egg 2","Ginger","Dead Branch"],"potions_floor_usage":[11,11,11,24,24,28,28,38,44,48,50],"damage_taken":[{"damage":3,"enemies":"2 Louse","floor":1,"turns":3},{"damage":0,"enemies":"Cultist","floor":7,"turns":3},{"damage":2,"enemies":"Jaw Worm","floor":10,"turns":3},{"damage":5,"enemies":"3 Sentries","floor":11,"turns":7},{"damage":5,"enemies":"3 Louse","floor":12,"turns":2},{"damage":22,"enemies":"The Guardian","floor":16,"turns":7},{"damage":1,"enemies":"Shell Parasite","floor":18,"turns":4},{"damage":21,"enemies":"Slavers","floor":24,"turns":3},{"damage":48,"enemies":"Book of Stabbing","floor":27,"turns":5},{"damage":13,"enemies":"Spheric Guardian","floor":28,"turns":4},{"damage":11,"enemies":"Snake Plant","floor":29,"turns":4},{"damage":19,"enemies":"Champ","floor":33,"turns":8},{"damage":0,"enemies":"3 Darklings","floor":35,"turns":4},{"damage":3,"enemies":"Orb Walker","floor":37,"turns":2},{"damage":3,"enemies":"Spire Growth","floor":38,"turns":3},{"damage":35,"enemies":"2 Orb Walkers","floor":40,"turns":4},{"damage":14,"enemies":"Nemesis","floor":44,"turns":3},{"damage":15,"enemies":"Reptomancer","floor":46,"turns":4},{"damage":5,"enemies":"4 Shapes","floor":47,"turns":6},{"damage":4,"enemies":"2 Orb Walkers","floor":48,"turns":2},{"damage":85,"enemies":"Time Eater","floor":50,"turns":8}],"seed_played":"-7325753268303687716","potions_obtained":[{"floor":1,"key":"Dexterity Potion"},{"floor":4,"key":"SkillPotion"},{"floor":4,"key":"PowerPotion"},{"floor":7,"key":"SkillPotion"},{"floor":12,"key":"Explosive Potion"},{"floor":18,"key":"PowerPotion"},{"floor":24,"key":"LiquidBronze"},{"floor":27,"key":"Poison Potion"},{"floor":29,"key":"Regen Potion"},{"floor":37,"key":"Explosive Potion"},{"floor":40,"key":"Energy Potion"},{"floor":47,"key":"AttackPotion"}],"is_trial":false,"path_per_floor":["M","?","?","?","?","R","M","R","T","M","E","M","$","T","R","B",null,"M","?","?","$","?","R","E","R","T","E","M","M","T","$","R","B",null,"M","$","M","M","?","E","$","R","T","E","T","M","M","E","R","B"],"character_chosen":"DEFECT","items_purchased":["Static Discharge","Hologram","Tiny Chest","Steam","Lantern"],"campfire_rested":2,"item_purchase_floors":[13,13,21,31,41],"current_hp_per_floor":[72,65,58,58,51,51,51,51,51,49,44,39,39,39,39,17,75,74,74,74,74,74,74,53,53,53,15,12,11,21,21,61,52,85,85,85,82,85,85,60,60,60,60,58,58,55,72,70,85,15],"gold":162,"neow_bonus":"","is_prod":false,"is_daily":false,"chose_seed":false,"campfire_upgraded":6,"win_rate":0,"timestamp":1538184648,"path_taken":["M","?","?","?","?","R","?","R","T","M","E","M","?","?","R","BOSS","M","?","?","?","?","R","E","R","T","E","?","M","?","$","R","BOSS","M","$","M","?","?","E","?","R","T","E","?","M","?","E","R","BOSS"],"build_version":"2018-09-27","purchased_purges":1,"victory":true,"max_hp_per_floor":[75,75,75,75,75,75,75,75,75,75,75,75,75,75,75,75,75,75,75,75,75,75,75,75,75,75,75,75,75,85,85,85,85,85,85,85,85,85,85,85,85,85,85,85,85,85,85,85,85,85],"card_choices":[{"not_picked":["Sweeping Beam","Barrage"],"picked":"Conserve Battery","floor":1},{"not_picked":["Turbo","Self Repair"],"picked":"Gash","floor":7},{"not_picked":["Beam Cell","Capacitor"],"picked":"Gash","floor":10},{"not_picked":["Melter","Meteor Strike"],"picked":"Streamline","floor":11},{"not_picked":["Static Discharge","Hello World"],"picked":"Scrape","floor":12},{"not_picked":["Multi-Cast","Machine Learning"],"picked":"Seek","floor":16},{"not_picked":["Compile Driver","Darkness"],"picked":"Beam Cell","floor":18},{"not_picked":["Hologram","Loop"],"picked":"Self Repair+1","floor":24},{"not_picked":["Heatsinks","Conserve Battery"],"picked":"Chill+1","floor":27},{"not_picked":["Turbo+1","Stack"],"picked":"Gash","floor":28},{"not_picked":["Steam","Coolheaded+1"],"picked":"Fusion","floor":29},{"not_picked":["Multi-Cast","Echo Form"],"picked":"All For One","floor":33},{"not_picked":["Rip and Tear+1","Skim+1"],"picked":"Defragment+1","floor":35},{"not_picked":["Conserve Battery+1","Lockon+1"],"picked":"Gash","floor":37},{"not_picked":["Static Discharge+1","Beam Cell"],"picked":"Gash+1","floor":38},{"not_picked":["Chaos","Recycle"],"picked":"Static Discharge","floor":40},{"not_picked":["Barrage","Consume+1","Fusion"],"picked":"SKIP","floor":44},{"not_picked":["Leap+1","Conserve Battery"],"picked":"White Noise","floor":46},{"not_picked":["Rip and Tear+1","Lockon+1"],"picked":"Beam Cell+1","floor":47},{"not_picked":["Multi-Cast","Compile Driver+1","Ball Lightning+1"],"picked":"SKIP","floor":48}],"player_experience":186956,"relics_obtained":[{"floor":9,"key":"Dodecahedron"},{"floor":11,"key":"Orichalcum"},{"floor":14,"key":"Potion Belt"},{"floor":24,"key":"Regal Pillow"},{"floor":26,"key":"Unceasing Top"},{"floor":27,"key":"Kunai"},{"floor":30,"key":"Pear"},{"floor":39,"key":"PreservedInsect"},{"floor":40,"key":"Blood Vial"},{"floor":40,"key":"Pen Nib"},{"floor":43,"key":"Centennial Puzzle"},{"floor":44,"key":"Pocketwatch"},{"floor":44,"key":"Du-Vu Doll"},{"floor":45,"key":"Molten Egg 2"},{"floor":48,"key":"Ginger"},{"floor":48,"key":"Dead Branch"}],"event_choices":[{"event_name":"Golden Wing","player_choice":"Card Removal","floor":2,"damage_taken":0},{"event_name":"Wheel of Change","player_choice":"Damage","floor":3,"damage_taken":0},{"event_name":"The Woman in Blue","player_choice":"Bought 2 Potions","floor":4,"damage_taken":0},{"event_name":"Scrap Ooze","player_choice":"success","floor":5,"damage_taken":7},{"event_name":"Upgrade Shrine","player_choice":"Upgraded","floor":19,"damage_taken":0},{"event_name":"The Library","player_choice":"Read","floor":20,"damage_taken":0},{"event_name":"WeMeetAgain","player_choice":"Gold","floor":22,"damage_taken":0},{"event_name":"Wheel of Change","player_choice":"Relic","floor":39,"damage_taken":0}],"is_beta":false,"boss_relics":[{"not_picked":["Calling Bell","Eternal Feather"],"picked":"Astrolabe"},{"not_picked":["Velvet Choker","Pandora\u0027s Box"],"picked":"Black Star"}],"items_purged_floors":[36],"is_endless":false,"potions_floor_spawned":[1,7,12,18,24,27,29,37,40,47],"ascension_level":4}