{"gold_per_floor":[109,9,159,234,15,40,40,40,40,366,366,380,380,399,399,476,476,476,476,476,476,476,476,476,476,476,476,476,476,476,476,476,476,476,476,476,138,138,138,138,138,138,138,138,138,138],"floor_reached":46,"playtime":2736,"items_purged":["Strike_B"],"score":1200,"play_id":"54fcea25-e5da-4d52-8502-2db37efd96ea","local_time":"20190208224128","is_ascension_mode":true,"campfire_choices":[{"floor":7,"key":"REST"},{"data":"Zap","floor":11,"key":"SMITH"},{"data":"Dualcast","floor":13,"key":"SMITH"},{"data":"Doom and Gloom","floor":15,"key":"SMITH"},{"data":"White Noise","floor":24,"key":"SMITH"},{"data":"Amplify","floor":32,"key":"SMITH"}],"neow_cost":"NONE","seed_source_timestamp":216496996878700,"circlet_count":0,"master_deck":["AscendersBane","Strike_B","Strike_B","Strike_B","Defend_B","Defend_B","Defend_B","Defend_B","Zap+1","Dualcast+1","Gash","Conserve Battery","Doubt","Electrodynamics","Cold Snap","Doom and Gloom+1","Glacier","Self Repair","Ball Lightning","Biased Cognition","BootSequence","White Noise+1","Reboot","Reinforced Body","Amplify+1","Ball Lightning","Capacitor","White Noise","Biased Cognition","Biased Cognition","Electrodynamics","Skim","Capacitor","Echo Form","White Noise","White Noise","Deep Breath","Parasite"],"relics":["Cracked Core","Bronze Scales","Bird Faced Urn","Gremlin Horn","Old Coin","Ectoplasm","Regal Pillow","Bag of Marbles","Centennial Puzzle","Orichalcum","Runic Pyramid","Unceasing Top","DataDisk","Bag of Preparation","MawBank","Pear"],"potions_floor_usage":[16,20,25,25,27,31,33,35,40],"damage_taken":[{"damage":2,"enemies":"Jaw Worm","floor":1,"turns":4},{"damage":28,"enemies":"Lagavulin","floor":6,"turns":6},{"damage":24,"enemies":"Gremlin Nob","floor":10,"turns":4},{"damage":0,"enemies":"2 Louse","floor":12,"turns":2},{"damage":0,"enemies":"Cultist","floor":14,"turns":3},{"damage":8,"enemies":"Slime Boss","floor":16,"turns":7},{"damage":8,"enemies":"Chosen","floor":18,"turns":4},{"damage":0,"enemies":"3 Byrds","floor":19,"turns":3},{"damage":21,"enemies":"Snake Plant","floor":20,"turns":2},{"damage":4,"enemies":"Sentry and Sphere","floor":21,"turns":4},{"damage":7,"enemies":"3 Cultists","floor":22,"turns":2},{"damage":18,"enemies":"Book of Stabbing","floor":23,"turns":6},{"damage":0,"enemies":"Slavers","floor":25,"turns":2},{"damage":7,"enemies":"Snecko","floor":27,"turns":5},{"damage":50,"enemies":"Gremlin Leader","floor":28,"turns":5},{"damage":8,"enemies":"Centurion and Healer","floor":29,"turns":3},{"damage":22,"enemies":"Sentry and Sphere","floor":31,"turns":4},{"damage":35,"enemies":"Champ","floor":33,"turns":10},{"damage":0,"enemies":"3 Darklings","floor":35,"turns":3},{"damage":30,"enemies":"2 Orb Walkers","floor":36,"turns":3},{"damage":1,"enemies":"3 Shapes","floor":38,"turns":2},{"damage":25,"enemies":"Giant Head","floor":40,"turns":9},{"damage":23,"enemies":"Spire Growth","floor":41,"turns":4},{"damage":43,"enemies":"Nemesis","floor":42,"turns":7},{"damage":28,"enemies":"Writhing Mass","floor":45,"turns":6},{"damage":96,"enemies":"Giant Head","floor":46,"turns":7}],"seed_played":"-5507165755959378563","potions_obtained":[{"floor":6,"key":"GamblersBrew"},{"floor":14,"key":"Explosive Potion"},{"floor":16,"key":"PowerPotion"},{"floor":19,"key":"SkillPotion"},{"floor":22,"key":"Explosive Potion"},{"floor":25,"key":"SkillPotion"},{"floor":29,"key":"Swift Potion"},{"floor":31,"key":"Ancient Potion"},{"floor":33,"key":"SkillPotion"},{"floor":36,"key":"Ancient Potion"},{"floor":41,"key":"Poison Potion"}],"is_trial":false,"path_per_floor":["M","$","?","?","$","E","R","?","T","E","R","M","R","M","R","B",null,"M","M","M","M","M","E","R","E","T","M","E","M","?","M","R","B",null,"M","?","$","M","?","E","M","E","T","?","M","E"],"character_chosen":"DEFECT","items_purchased":["Conserve Battery","Electrodynamics","Cold Snap","DataDisk","Bag of Preparation"],"campfire_rested":1,"item_purchase_floors":[2,5,5,37,37],"current_hp_per_floor":[69,69,69,58,58,30,53,53,53,31,31,31,31,33,33,36,68,73,78,66,77,78,71,71,75,75,78,38,47,47,48,48,40,69,78,65,65,76,74,60,58,70,70,70,82,0],"gold":138,"neow_bonus":"TEN_PERCENT_HP_BONUS","is_prod":false,"is_daily":false,"chose_seed":false,"campfire_upgraded":5,"win_rate":0,"timestamp":1549694488,"path_taken":["M","$","?","?","$","E","R","?","T","E","R","?","R","M","R","BOSS","M","M","M","M","M","E","R","E","T","M","E","M","?","M","R","BOSS","M","?","$","M","?","E","M","E","T","?","M","E"],"build_version":"2019-01-23","purchased_purges":1,"victory":false,"max_hp_per_floor":[78,78,78,78,78,78,78,78,78,78,78,78,78,78,78,78,78,78,78,78,78,78,78,78,78,78,78,78,78,78,78,78,78,78,78,78,78,78,74,74,74,84,84,84,84,84],"card_choices":[{"not_picked":["Barrage","Go for the Eyes"],"picked":"Gash","floor":1},{"not_picked":["Barrage","Auto Shields"],"picked":"Doom and Gloom","floor":6},{"not_picked":["Redo","Streamline"],"picked":"Glacier","floor":10},{"not_picked":["Coolheaded","Hologram"],"picked":"Self Repair","floor":12},{"not_picked":["Tempest","Lockon"],"picked":"Ball Lightning","floor":14},{"not_picked":["Hyperbeam","Multi-Cast"],"picked":"Biased Cognition","floor":16},{"not_picked":["Compile Driver","Chaos","Leap"],"picked":"SKIP","floor":18},{"not_picked":["Compile Driver","Aggregate"],"picked":"BootSequence","floor":19},{"not_picked":["Stack","Go for the Eyes"],"picked":"White Noise","floor":20},{"not_picked":["Leap","Conserve Battery"],"picked":"Reboot","floor":21},{"not_picked":["Gash+1","Undo"],"picked":"Reinforced Body","floor":22},{"not_picked":["Steam","Conserve Battery","Gash"],"picked":"SKIP","floor":23},{"not_picked":["Gash","Conserve Battery"],"picked":"Amplify","floor":25},{"not_picked":["Conserve Battery","Stack","Go for the Eyes"],"picked":"SKIP","floor":27},{"not_picked":["Sweeping Beam+1","Cold Snap"],"picked":"Ball Lightning","floor":28},{"not_picked":["Hologram","Ball Lightning+1"],"picked":"Capacitor","floor":29},{"not_picked":["Leap","Conserve Battery"],"picked":"Biased Cognition","floor":31},{"not_picked":["Multi-Cast","Rainbow"],"picked":"Electrodynamics","floor":33},{"not_picked":["Gash","Tempest"],"picked":"Skim","floor":35},{"not_picked":["Barrage+1","Skim+1"],"picked":"Capacitor","floor":36},{"not_picked":["Compile Driver","Hologram","Aggregate"],"picked":"SKIP","floor":38},{"not_picked":["Hologram+1","Gash+1"],"picked":"Echo Form","floor":40},{"not_picked":["Sunder","Lockon"],"picked":"White Noise","floor":41},{"not_picked":["Recycle","Hologram+1"],"picked":"White Noise","floor":42},{"not_picked":["Chrysalis","Dark Shackles"],"picked":"Deep Breath","floor":44},{"not_picked":["Undo","Skim","Aggregate"],"picked":"SKIP","floor":45}],"player_experience":667951,"relics_obtained":[{"floor":6,"key":"Bronze Scales"},{"floor":9,"key":"Gremlin Horn"},{"floor":10,"key":"Old Coin"},{"floor":23,"key":"Regal Pillow"},{"floor":25,"key":"Bag of Marbles"},{"floor":26,"key":"Centennial Puzzle"},{"floor":28,"key":"Orichalcum"},{"floor":36,"key":"Unceasing Top"},{"floor":40,"key":"MawBank"},{"floor":42,"key":"Pear"}],"event_choices":[{"damage_healed":0,"gold_gain":150,"player_choice":"AGREE","damage_taken":0,"max_hp_gain":0,"max_hp_loss":0,"event_name":"Liars Game","floor":3,"gold_loss":0,"cards_obtained":["Doubt"]},{"damage_healed":0,"gold_gain":75,"player_choice":"Gather Gold","damage_taken":11,"max_hp_gain":0,"max_hp_loss":0,"event_name":"World of Goop","floor":4,"gold_loss":0},{"damage_healed":0,"gold_gain":0,"player_choice":"Gave Potion","damage_taken":0,"relics_obtained":["Bird Faced Urn"],"max_hp_gain":0,"max_hp_loss":0,"event_name":"WeMeetAgain","floor":8,"gold_loss":0},{"damage_healed":0,"gold_gain":0,"player_choice":"2 cards matched","damage_taken":0,"max_hp_gain":0,"max_hp_loss":0,"event_name":"Match and Keep!","floor":30,"gold_loss":0,"cards_obtained":["White Noise","Biased Cognition"]},{"damage_healed":0,"gold_gain":0,"player_choice":"Fight","damage_taken":0,"max_hp_gain":0,"max_hp_loss":0,"event_name":"Mysterious Sphere","floor":36,"gold_loss":0},{"damage_healed":0,"gold_gain":0,"player_choice":"Max HP","damage_taken":0,"max_hp_gain":0,"max_hp_loss":4,"event_name":"Winding Halls","floor":39,"gold_loss":0},{"damage_healed":0,"gold_gain":0,"player_choice":"Memory 1","damage_taken":0,"max_hp_gain":0,"max_hp_loss":0,"event_name":"SensoryStone","floor":44,"gold_loss":0}],"is_beta":false,"boss_relics":[{"not_picked":["Empty Cage","Coffee Dripper"],"picked":"Ectoplasm"},{"not_picked":["Snecko Eye","Black Star"],"picked":"Runic Pyramid"}],"items_purged_floors":[2],"is_endless":false,"potions_floor_spawned":[6,14,16,19,22,23,25,29,31,33,36,41],"killed_by":"Giant Head","ascension_level":20}