{"path_per_floor":["M","M","M","M","M","R","E","R","T","E","$","R","?","$","R","B",null,"M","$","M","M","?","R","M","R","T","M","?"],"character_chosen":"IRONCLAD","items_purchased":["Pantograph","Corruption","Fire Breathing","Infernal Blade","Armaments"],"gold_per_floor":[112,122,141,152,164,164,192,192,260,292,35,35,93,53,53,151,151,163,1,17,27,27,27,46,46,72,88,13,13],"floor_reached":29,"campfire_rested":5,"playtime":1081,"current_hp_per_floor":[39,37,43,39,28,52,47,47,47,28,28,52,30,30,54,73,80,61,61,44,28,28,52,36,60,60,10,10,0],"items_purged":[],"gold":13,"score":259,"play_id":"4933abd6-12e3-459e-9d15-3acdb56a936e","local_time":"20180409235839","is_prod":false,"is_daily":false,"is_ascension_mode":true,"campfire_upgraded":0,"timestamp":1523339919,"path_taken":["M","M","M","M","M","R","E","R","T","E","$","R","?","?","R","BOSS","M","$","M","M","?","R","M","R","T","M","?","M"],"build_version":"2018-04-05v2","purchased_purges":0,"victory":false,"master_deck":["Strike_R+1","Strike_R+1","Strike_R","Strike_R","Strike_R","Defend_R","Defend_R","Defend_R","Defend_R","Bash","Perfected Strike","Rage","Headbutt","Evolve","Perfected Strike","Demon Form","Burning Pact","Brutality","Flex","Fire Breathing","Flex","Wild Strike+1","Shrug It Off","Burning Pact","Fire Breathing","Infernal Blade","Armaments","Battle Trance","Perfected Strike+1","Immolate+1"],"max_hp_per_floor":[80,80,80,80,80,80,80,80,80,80,80,80,80,80,80,80,80,80,80,80,80,80,80,80,80,80,80,80,80],"relics":["Burning Blood","Girya","Mummified Hand","Molten Egg 2","Juzu Bracelet","Pantograph","Bronze Scales","Orrery","Blood Vial","Whetstone"],"card_choices":[{"not_picked":["Wild Strike","Feel No Pain"],"picked":"Perfected Strike","floor":1},{"not_picked":["Combust","Anger"],"picked":"Rage","floor":2},{"not_picked":["Anger","Heavy Blade"],"picked":"Headbutt","floor":3},{"not_picked":["Thunderclap","True Grit"],"picked":"Evolve","floor":4},{"not_picked":["Ghostly Armor","Infernal Blade"],"picked":"Perfected Strike","floor":7},{"not_picked":["Pommel Strike","Combust"],"picked":"Demon Form","floor":10},{"not_picked":["Sword Boomerang","Thunderclap"],"picked":"Burning Pact","floor":13},{"not_picked":["Reaper","Feed"],"picked":"Brutality","floor":16},{"not_picked":["Thunderclap","Warcry"],"picked":"Flex","floor":17},{"not_picked":["True Grit","Thunderclap"],"picked":"Fire Breathing","floor":17},{"not_picked":["Thunderclap","Shrug It Off"],"picked":"Flex","floor":17},{"not_picked":["Heavy Blade","Uppercut"],"picked":"Wild Strike","floor":17},{"not_picked":["Clothesline","Twin Strike"],"picked":"Shrug It Off","floor":17},{"not_picked":["Corruption","Heavy Blade"],"picked":"Burning Pact","floor":18},{"not_picked":["Thunderclap","Body Slam"],"picked":"Battle Trance","floor":20},{"not_picked":["Flex","Sentinel"],"picked":"Perfected Strike","floor":21},{"not_picked":["Hemokinesis","Shrug It Off"],"picked":"Immolate","floor":24}],"player_experience":248410,"potions_floor_usage":[7,7,16,24,24,27],"damage_taken":[{"damage":7,"enemies":"Jaw Worm","floor":1,"turns":5},{"damage":8,"enemies":"2 Louse","floor":2,"turns":3},{"damage":0,"enemies":"Cultist","floor":3,"turns":2},{"damage":10,"enemies":"Exordium Thugs","floor":4,"turns":4},{"damage":17,"enemies":"2 Fungi Beasts","floor":5,"turns":5},{"damage":11,"enemies":"3 Sentries","floor":7,"turns":8},{"damage":25,"enemies":"Lagavulin","floor":10,"turns":5},{"damage":28,"enemies":"Lagavulin Event","floor":13,"turns":4},{"damage":12,"enemies":"Slime Boss","floor":16,"turns":8},{"damage":25,"enemies":"Chosen","floor":18,"turns":4},{"damage":23,"enemies":"2 Thieves","floor":20,"turns":4},{"damage":22,"enemies":"Centurion and Healer","floor":21,"turns":4},{"damage":24,"enemies":"Snake Plant","floor":24,"turns":2},{"damage":73,"enemies":"Slaver and Parasite","floor":27,"turns":6},{"damage":18,"enemies":"Snecko","floor":29,"turns":2}],"event_choices":[{"event_name":"Dead Adventurer","player_choice":"Searched \u00271\u0027 times","floor":13,"damage_taken":0},{"event_name":"Accursed Blacksmith","player_choice":"Rummage","floor":22,"damage_taken":0},{"event_name":"Beggar","player_choice":"Gave Gold","floor":28,"damage_taken":0}],"boss_relics":[{"not_picked":["Philosopher\u0027s Stone","Ectoplasm"],"picked":"Orrery"}],"potions_floor_spawned":[2,4,5,7,13,18],"seed_played":"-6844196118526764776","killed_by":"Snecko","ascension_level":2,"is_trial":false}