{"gold_per_floor":[109,59,59,76,90,117,117,142,142,160,235,251,280,280],"floor_reached":14,"playtime":610,"items_purged":[],"score":135,"play_id":"ea88c63c-e549-431b-be32-9837a8630aa3","local_time":"20190130083327","is_ascension_mode":false,"campfire_choices":[{"data":"Loop","floor":7.0,"key":"SMITH"}],"neow_cost":"NONE","seed_source_timestamp":0,"circlet_count":0,"master_deck":["Strike_B","Strike_B","Strike_B","Defend_B","Defend_B","Defend_B","Defend_B","Zap","Dualcast","Conserve Battery","Sweeping Beam","Loop","Loop+1","Multi-Cast+1","Redo+1","Sunder","Leap+1"],"special_seed":0,"relics":["Cracked Core","Dodecahedron","Toxic Egg 2","Sundial","Bag of Preparation"],"potions_floor_usage":[14],"damage_taken":[{"damage":0.0,"enemies":"2 Louse","floor":1.0,"turns":3.0},{"damage":0.0,"enemies":"Jaw Worm","floor":4.0,"turns":3.0},{"damage":2.0,"enemies":"Small Slimes","floor":5.0,"turns":3.0},{"damage":38.0,"enemies":"Gremlin Nob","floor":6.0,"turns":5.0},{"damage":0.0,"enemies":"Lagavulin","floor":8.0,"turns":6.0},{"damage":10.0,"enemies":"Looter","floor":10.0,"turns":4.0},{"damage":7.0,"enemies":"Blue Slaver","floor":12.0,"turns":3.0},{"damage":13.0,"enemies":"3 Sentries","floor":13.0,"turns":5.0},{"damage":7,"enemies":"Gremlin Gang","floor":14,"turns":1}],"seed_played":"7180574020674278865","potions_obtained":[{"floor":1.0,"key":"Weak Potion"},{"floor":5.0,"key":"EssenceOfSteel"},{"floor":6.0,"key":"GamblersBrew"},{"floor":12.0,"key":"GamblersBrew"},{"floor":13.0,"key":"Poison Potion"}],"is_trial":false,"path_per_floor":["M","?","?","M","M","E","R","E","T","M","?","M","E","M"],"character_chosen":"DEFECT","items_purchased":[],"campfire_rested":0,"item_purchase_floors":[],"current_hp_per_floor":[82,82,87,87,85,47,47,47,47,37,26,19,6,0],"gold":280,"neow_bonus":"TEN_PERCENT_HP_BONUS","is_prod":false,"is_daily":false,"chose_seed":false,"campfire_upgraded":1,"win_rate":0.0,"timestamp":1548826407,"path_taken":["M","?","?","M","M","E","R","E","T","M","?","M","E","M"],"build_version":"2019-01-23","purchased_purges":0,"victory":false,"max_hp_per_floor":[82,82,87,87,87,87,87,87,87,87,87,87,87,87],"card_choices":[{"not_picked":["FTL","Chill"],"picked":"Conserve Battery","floor":1.0},{"not_picked":["Ball Lightning","Beam Cell"],"picked":"Sweeping Beam","floor":4.0},{"not_picked":["Sweeping Beam","Skim"],"picked":"Loop","floor":5.0},{"not_picked":["Turbo","Rip and Tear"],"picked":"Loop","floor":6.0},{"not_picked":["Rip and Tear","Storm"],"picked":"Multi-Cast","floor":8.0},{"not_picked":["Skim+1","Streamline"],"picked":"Redo+1","floor":10.0},{"not_picked":["Sweeping Beam","Barrage"],"picked":"Sunder","floor":12.0},{"not_picked":["Beam Cell","FTL"],"picked":"Leap+1","floor":13.0}],"player_experience":217524,"relics_obtained":[{"floor":6.0,"key":"Dodecahedron"},{"floor":8.0,"key":"Toxic Egg 2"},{"floor":9.0,"key":"Sundial"},{"floor":13.0,"key":"Bag of Preparation"}],"event_choices":[{"cards_removed":["Strike_B"],"damage_healed":0.0,"max_hp_gain":0.0,"max_hp_loss":0.0,"gold_gain":0.0,"event_name":"The Cleric","player_choice":"Card Removal","floor":2.0,"gold_loss":50.0,"damage_taken":0.0},{"damage_healed":0.0,"max_hp_gain":5.0,"max_hp_loss":0.0,"gold_gain":0.0,"event_name":"Big Fish","player_choice":"Donut","floor":3.0,"gold_loss":0.0,"damage_taken":0.0},{"damage_healed":0.0,"max_hp_gain":0.0,"max_hp_loss":0.0,"gold_gain":75.0,"event_name":"World of Goop","player_choice":"Gather Gold","floor":11.0,"gold_loss":0.0,"damage_taken":11.0}],"is_beta":false,"boss_relics":[],"items_purged_floors":[],"is_endless":false,"potions_floor_spawned":[1,5,6,12,13],"killed_by":"Gremlin Gang","ascension_level":0}