{"gold_per_floor":[113,124,137,150,150,150,177,191,191,191,191,204,204,232,232,306,306,316,327,337,252,39,65,81,110,110,143,143,161,161,178,178,178],"floor_reached":33,"playtime":2197,"items_purged":[],"score":749,"play_id":"19a96f56-6752-4c45-b48c-b4b7fc183daf","local_time":"20190226021544","is_ascension_mode":true,"campfire_choices":[{"data":"Well Laid Plans","floor":6.0,"key":"SMITH"},{"data":"Footwork","floor":10.0,"key":"SMITH"},{"data":"Skewer","floor":13.0,"key":"SMITH"},{"data":"Doppelganger","floor":15.0,"key":"SMITH"},{"data":"Calculated Gamble","floor":30.0,"key":"SMITH"},{"floor":32.0,"key":"REST"}],"neow_cost":"NONE","seed_source_timestamp":183480710443665,"circlet_count":0,"master_deck":["AscendersBane","Defend_G+1","Defend_G+1","Defend_G+1","Defend_G+1","Defend_G+1","Strike_G+1","Strike_G+1","Strike_G+1","Survivor+1","Neutralize","Well Laid Plans+1","Dash","Predator","Deflect","Skewer+1","Poisoned Stab","Footwork+1","Bouncing Flask","Doppelganger+1","Die Die Die","Dagger Throw","Concentrate+1","Masterful Stab","All Out Attack","Calculated Gamble+1","Flechettes","Parasite","Deflect","Crippling Poison","PiercingWail+1"],"special_seed":0,"relics":["Ring of the Snake","War Paint","Pantograph","Letter Opener","Bag of Preparation","Cursed Key","Dodecahedron","TwistedFunnel","The Courier","Ancient Tea Set","Incense Burner","Lantern"],"potions_floor_usage":[],"damage_taken":[{"damage":5.0,"enemies":"Cultist","floor":1.0,"turns":6.0},{"damage":7.0,"enemies":"Small Slimes","floor":2.0,"turns":4.0},{"damage":1.0,"enemies":"2 Louse","floor":3.0,"turns":3.0},{"damage":2.0,"enemies":"Large Slime","floor":4.0,"turns":7.0},{"damage":28.0,"enemies":"Gremlin Nob","floor":7.0,"turns":5.0},{"damage":1.0,"enemies":"Looter","floor":8.0,"turns":4.0},{"damage":0.0,"enemies":"Lots of Slimes","floor":12.0,"turns":6.0},{"damage":0.0,"enemies":"Lagavulin","floor":14.0,"turns":8.0},{"damage":11.0,"enemies":"Slime Boss","floor":16.0,"turns":15.0},{"damage":0.0,"enemies":"Shell Parasite","floor":18.0,"turns":7.0},{"damage":0.0,"enemies":"Chosen","floor":19.0,"turns":4.0},{"damage":4.0,"enemies":"Snake Plant","floor":20.0,"turns":4.0},{"damage":0.0,"enemies":"Book of Stabbing","floor":23.0,"turns":5.0},{"damage":0.0,"enemies":"3 Cultists","floor":24.0,"turns":3.0},{"damage":0.0,"enemies":"Slavers","floor":25.0,"turns":3.0},{"damage":3.0,"enemies":"Gremlin Leader","floor":27.0,"turns":7.0},{"damage":0.0,"enemies":"Chosen and Byrds","floor":29.0,"turns":2.0},{"damage":1.0,"enemies":"Snecko","floor":31.0,"turns":3.0},{"damage":60,"enemies":"Champ","floor":33,"turns":12}],"seed_played":"3247504448378380668","potions_obtained":[{"floor":1.0,"key":"Regen Potion"},{"floor":2.0,"key":"Swift Potion"},{"floor":7.0,"key":"SteroidPotion"},{"floor":14.0,"key":"Explosive Potion"},{"floor":16.0,"key":"GamblersBrew"},{"floor":19.0,"key":"GhostInAJar"},{"floor":23.0,"key":"Explosive Potion"},{"floor":24.0,"key":"Fire Potion"},{"floor":25.0,"key":"SteroidPotion"},{"floor":29.0,"key":"Block Potion"}],"is_trial":false,"path_per_floor":["M","M","M","M","?","R","E","M","T","R","?","M","R","E","R","B",null,"M","M","M","?","$","E","M","E","T","E","?","M","R","M","R","B"],"character_chosen":"THE_SILENT","items_purchased":["TwistedFunnel"],"campfire_rested":1,"item_purchase_floors":[22],"current_hp_per_floor":[54,47,46,59,59,59,31,30,30,30,30,30,30,30,30,44,61,61,61,57,57,57,57,57,57,57,54,54,54,54,53,66,6],"gold":178,"neow_bonus":"RANDOM_COMMON_RELIC","is_prod":false,"is_daily":false,"chose_seed":false,"campfire_upgraded":5,"win_rate":0,"timestamp":1551165344,"path_taken":["M","M","M","?","?","R","E","?","T","R","?","?","R","E","R","BOSS","M","M","M","?","$","E","M","E","T","E","?","M","R","M","R","BOSS"],"build_version":"2019-01-23","purchased_purges":0,"victory":false,"max_hp_per_floor":[66,66,66,66,66,66,66,66,66,66,66,66,66,66,66,66,66,66,66,66,66,66,66,66,66,66,66,66,66,66,66,66,66],"card_choices":[{"not_picked":["Calculated Gamble","Finisher"],"picked":"Well Laid Plans","floor":1.0},{"not_picked":["Crippling Poison","Heel Hook"],"picked":"Dash","floor":2.0},{"not_picked":["Deflect","Flying Knee"],"picked":"Predator","floor":3.0},{"not_picked":["Catalyst","Deadly Poison"],"picked":"Deflect","floor":4.0},{"not_picked":["Bane","Flying Knee"],"picked":"Poisoned Stab","floor":7.0},{"not_picked":["Slice","Blur"],"picked":"Footwork","floor":8.0},{"not_picked":["Unload","Blade Dance"],"picked":"Bouncing Flask","floor":12.0},{"not_picked":["Tactician","Deflect"],"picked":"Doppelganger","floor":14.0},{"not_picked":["Storm of Steel","Wraith Form v2"],"picked":"Die Die Die","floor":16.0},{"not_picked":["Quick Slash","Well Laid Plans"],"picked":"Dagger Throw","floor":18.0},{"not_picked":["Outmaneuver","Acrobatics"],"picked":"Concentrate+1","floor":19.0},{"not_picked":["Riddle With Holes","Deadly Poison"],"picked":"Masterful Stab","floor":20.0},{"not_picked":["Slice","Skewer"],"picked":"All Out Attack","floor":23.0},{"not_picked":["Backflip","Bane+1"],"picked":"Calculated Gamble","floor":24.0},{"not_picked":["Dagger Throw","Prepared"],"picked":"Flechettes","floor":25.0},{"not_picked":["Venomology","Choke+1"],"picked":"Deflect","floor":27.0},{"not_picked":["Escape Plan","Concentrate"],"picked":"Crippling Poison","floor":29.0},{"not_picked":["Underhanded Strike","Flying Knee"],"picked":"PiercingWail+1","floor":31.0}],"player_experience":570068,"relics_obtained":[{"floor":7.0,"key":"Pantograph"},{"floor":9.0,"key":"Letter Opener"},{"floor":14.0,"key":"Bag of Preparation"},{"floor":23.0,"key":"The Courier"},{"floor":25.0,"key":"Ancient Tea Set"},{"floor":26.0,"key":"Incense Burner"},{"floor":27.0,"key":"Lantern"}],"event_choices":[{"damage_healed":0.0,"max_hp_gain":0.0,"max_hp_loss":0.0,"gold_gain":0.0,"cards_transformed":["Strike_G"],"event_name":"Transmorgrifier","player_choice":"Transformed","floor":5.0,"gold_loss":0.0,"damage_taken":0.0,"cards_obtained":["Skewer"]},{"cards_removed":["Strike_G"],"damage_healed":0.0,"max_hp_gain":0.0,"max_hp_loss":0.0,"gold_gain":0.0,"event_name":"Wheel of Change","player_choice":"Card Removal","floor":11.0,"gold_loss":0.0,"damage_taken":0.0},{"damage_healed":0.0,"max_hp_gain":0.0,"max_hp_loss":0.0,"gold_gain":0.0,"event_name":"Addict","player_choice":"Obtained Relic","floor":21.0,"gold_loss":85.0,"damage_taken":0.0,"relics_obtained":["Dodecahedron"]},{"damage_healed":0.0,"max_hp_gain":0.0,"max_hp_loss":0.0,"gold_gain":0.0,"event_name":"Back to Basics","player_choice":"Simplicity","floor":28.0,"gold_loss":0.0,"damage_taken":0.0,"cards_upgraded":["Defend_G","Defend_G","Defend_G","Defend_G","Strike_G","Strike_G","Strike_G"]}],"is_beta":false,"boss_relics":[{"not_picked":["Calling Bell","Pandora\u0027s Box"],"picked":"Cursed Key"}],"items_purged_floors":[],"is_endless":false,"potions_floor_spawned":[1,2,7,14,16,19,23,24,25,29],"killed_by":"Champ","ascension_level":18}