{"gold_per_floor":[118,118,134,409,101,132,149,149,149,161,192,192,226,244,244,349,349,369,369,380,380,14,14,25,57,83,33,63,77,105,122,122,224,224,236,636,654,664,664,664,689,708,708,723,743,754,223,240,240,240,240,240,64,90,90],"floor_reached":55,"playtime":9327,"items_purged":["Regret","Strike_G","Strike_G","Strike_G"],"score":1123,"play_id":"437a8564-5851-408d-8053-d6ea1a8df065","local_time":"20190226114424","is_ascension_mode":true,"campfire_choices":[{"data":"Infinite Blades","floor":8.0,"key":"SMITH"},{"floor":15.0,"key":"REST"},{"floor":23.0,"key":"REST"},{"floor":32.0,"key":"REST"},{"floor":40.0,"key":"REST"},{"floor":49.0,"key":"RECALL"},{"floor":52.0,"key":"REST"}],"neow_cost":"NONE","seed_source_timestamp":0,"circlet_count":0,"master_deck":["Defend_G","Defend_G","Defend_G","Defend_G","Defend_G","Strike_G","Strike_G","Survivor","Neutralize+1","Accuracy","Backflip","Infinite Blades+1","Prepared","Slice","Blade Dance","Cloak And Dagger","Dodge and Roll","PiercingWail","Doppelganger","Well Laid Plans","Footwork","Crippling Poison","Dodge and Roll","Prepared+1","A Thousand Cuts","Backflip","Cloak And Dagger","Blade Dance","Accuracy","Escape Plan+1","Prepared","Tools of the Trade","Blade Dance+1","Backflip","Dodge and Roll","Mayhem+1","Blur","Infinite Blades+1","Prepared","Accuracy+1"],"special_seed":0,"relics":["Ring of the Snake","PreservedInsect","Smiling Mask","Singing Bowl","Blue Candle","Omamori","Fusion Hammer","WarpedTongs","Matryoshka","Vajra","Centennial Puzzle","Lantern","Bottled Tornado","FossilizedHelix","Sozu","Old Coin","Bottled Lightning","Strawberry","Frozen Egg 2","Thread and Needle","Blood Vial"],"potions_floor_usage":[55],"damage_taken":[{"damage":0.0,"enemies":"Cultist","floor":1.0,"turns":4.0},{"damage":0.0,"enemies":"Small Slimes","floor":3.0,"turns":5.0},{"damage":12.0,"enemies":"3 Sentries","floor":6.0,"turns":9.0},{"damage":2.0,"enemies":"Jaw Worm","floor":7.0,"turns":5.0},{"damage":8.0,"enemies":"Gremlin Gang","floor":10.0,"turns":6.0},{"damage":19.0,"enemies":"Lagavulin","floor":11.0,"turns":6.0},{"damage":19.0,"enemies":"Gremlin Nob","floor":13.0,"turns":4.0},{"damage":1.0,"enemies":"Large Slime","floor":14.0,"turns":6.0},{"damage":21.0,"enemies":"Hexaghost","floor":16.0,"turns":15.0},{"damage":9.0,"enemies":"3 Byrds","floor":18.0,"turns":7.0},{"damage":15.0,"enemies":"2 Thieves","floor":20.0,"turns":4.0},{"damage":17.0,"enemies":"Centurion and Healer","floor":24.0,"turns":6.0},{"damage":28.0,"enemies":"Gremlin Leader","floor":25.0,"turns":11.0},{"damage":8.0,"enemies":"Book of Stabbing","floor":28.0,"turns":6.0},{"damage":11.0,"enemies":"Sentry and Sphere","floor":29.0,"turns":3.0},{"damage":1.0,"enemies":"Gremlin Leader","floor":30.0,"turns":6.0},{"damage":0.0,"enemies":"Snecko","floor":31.0,"turns":6.0},{"damage":41.0,"enemies":"Automaton","floor":33.0,"turns":13.0},{"damage":0.0,"enemies":"3 Shapes","floor":35.0,"turns":6.0},{"damage":0.0,"enemies":"Mind Bloom Boss Battle","floor":36.0,"turns":8.0},{"damage":0.0,"enemies":"Orb Walker","floor":37.0,"turns":4.0},{"damage":14.0,"enemies":"Writhing Mass","floor":38.0,"turns":9.0},{"damage":1.0,"enemies":"Reptomancer","floor":41.0,"turns":7.0},{"damage":14.0,"enemies":"Transient","floor":42.0,"turns":5.0},{"damage":9.0,"enemies":"3 Darklings","floor":44.0,"turns":4.0},{"damage":29.0,"enemies":"Jaw Worm Horde","floor":45.0,"turns":4.0},{"damage":0.0,"enemies":"4 Shapes","floor":46.0,"turns":5.0},{"damage":0.0,"enemies":"Maw","floor":48.0,"turns":7.0},{"damage":32.0,"enemies":"Time Eater","floor":50.0,"turns":13.0},{"damage":65,"enemies":"Shield and Spear","floor":54,"turns":6},{"damage":64,"enemies":"The Heart","floor":55,"turns":3}],"seed_played":"3731565546937667069","potions_obtained":[{"floor":1.0,"key":"GhostInAJar"},{"floor":7.0,"key":"AttackPotion"},{"floor":11.0,"key":"FairyPotion"},{"floor":16.0,"key":"Poison Potion"},{"floor":18.0,"key":"SkillPotion"},{"floor":25.0,"key":"Fruit Juice"},{"floor":30.0,"key":"LiquidBronze"},{"floor":31.0,"key":"Poison Potion"}],"is_trial":false,"path_per_floor":["M","?","M","?","$","E","M","R","T","M","E","?","E","M","R","B",null,"M","?","M","?","$","R","M","E","T","$","E","M","E","M","R","B",null,"M","?","M","M","?","R","E","M","T","M","M","M","$","M","R","B",null,"R","$","E","B"],"character_chosen":"THE_SILENT","items_purchased":["Infinite Blades","PreservedInsect","Prepared","Footwork","Matryoshka","Crippling Poison","Thread and Needle","Mayhem+1","Infinite Blades+1","Prepared"],"campfire_rested":5,"item_purchase_floors":[5,5,5,22,22,22,47,47,53,53],"current_hp_per_floor":[70,70,70,70,70,58,56,56,56,48,29,29,10,9,32,11,61,52,52,39,39,39,62,45,17,17,17,14,3,2,4,29,8,67,67,67,67,53,53,78,77,63,70,63,34,36,36,36,36,4,74,97,97,32,0],"gold":90,"neow_bonus":"TEN_PERCENT_HP_BONUS","is_prod":false,"is_daily":false,"chose_seed":false,"campfire_upgraded":1,"win_rate":0,"timestamp":1551170664,"path_taken":["M","?","M","?","$","E","?","R","T","M","E","?","E","?","R","BOSS","M","?","M","?","$","R","?","E","T","$","E","M","E","M","R","BOSS","M","?","M","M","?","R","E","M","T","M","M","M","$","?","R","BOSS","R","$","E","BOSS"],"build_version":"2019-01-23","purchased_purges":4,"victory":false,"max_hp_per_floor":[77,77,77,77,77,77,77,77,77,77,77,77,77,77,77,77,77,77,77,79,79,79,79,79,79,79,79,84,84,84,86,86,86,86,86,86,86,86,86,86,86,86,93,95,95,97,97,97,97,97,97,97,97,97,97],"card_choices":[{"not_picked":["Blade Dance","Dodge and Roll"],"picked":"Accuracy","floor":1.0},{"not_picked":["Sucker Punch","Flying Knee"],"picked":"Backflip","floor":3.0},{"not_picked":["Wraith Form v2","Acrobatics"],"picked":"Slice","floor":6.0},{"not_picked":["Poisoned Stab","Reflex"],"picked":"Blade Dance","floor":7.0},{"not_picked":["Crippling Poison","Well Laid Plans"],"picked":"Cloak And Dagger","floor":10.0},{"not_picked":["Dagger Spray","Wraith Form v2"],"picked":"Slice","floor":11.0},{"not_picked":["Die Die Die","Dagger Throw"],"picked":"Dodge and Roll","floor":13.0},{"not_picked":["Bouncing Flask","Distraction"],"picked":"PiercingWail","floor":14.0},{"not_picked":["Bullet Time","Night Terror"],"picked":"Doppelganger","floor":16.0},{"not_picked":["Outmaneuver+1","Prepared"],"picked":"Well Laid Plans","floor":18.0},{"not_picked":["Underhanded Strike+1","Sucker Punch","Dagger Spray"],"picked":"Singing Bowl","floor":20.0},{"not_picked":["Caltrops","Quick Slash"],"picked":"Dodge and Roll","floor":24.0},{"not_picked":["Deadly Poison","Quick Slash+1"],"picked":"Prepared+1","floor":25.0},{"not_picked":["Deadly Poison","Tactician"],"picked":"A Thousand Cuts","floor":28.0},{"not_picked":["Dagger Spray","Dagger Throw"],"picked":"Backflip","floor":29.0},{"not_picked":["Deadly Poison","Doppelganger"],"picked":"Cloak And Dagger","floor":30.0},{"not_picked":["Endless Agony","Sucker Punch","Quick Slash+1"],"picked":"Singing Bowl","floor":31.0},{"not_picked":["Doppelganger","Phantasmal Killer"],"picked":"Venomology","floor":33.0},{"not_picked":["Deflect","Riddle With Holes"],"picked":"Blade Dance","floor":35.0},{"not_picked":["Blade Dance+1","Well Laid Plans+1"],"picked":"Accuracy","floor":36.0},{"not_picked":["Crippling Poison+1","Predator"],"picked":"Escape Plan+1","floor":37.0},{"not_picked":["Heel Hook+1","Dagger Spray+1"],"picked":"Prepared","floor":38.0},{"not_picked":["Backflip","Bane"],"picked":"Blade Dance+1","floor":41.0},{"not_picked":["Underhanded Strike+1","Outmaneuver"],"picked":"Backflip","floor":42.0},{"not_picked":["Quick Slash+1","Masterful Stab","Deadly Poison+1"],"picked":"Singing Bowl","floor":44.0},{"not_picked":["Blade Dance","Dagger Spray+1"],"picked":"Dodge and Roll","floor":45.0},{"not_picked":["Doppelganger","Quick Slash+1","Skewer+1"],"picked":"Singing Bowl","floor":46.0},{"not_picked":["Slice","Endless Agony"],"picked":"Blur","floor":48.0},{"not_picked":["Flying Knee","Flechettes"],"picked":"Accuracy+1","floor":54}],"player_experience":341325,"relics_obtained":[{"floor":6.0,"key":"Smiling Mask"},{"floor":11.0,"key":"Singing Bowl"},{"floor":13.0,"key":"Omamori"},{"floor":25.0,"key":"Vajra"},{"floor":26.0,"key":"Centennial Puzzle"},{"floor":26.0,"key":"Lantern"},{"floor":28.0,"key":"Bottled Tornado"},{"floor":30.0,"key":"FossilizedHelix"},{"floor":36.0,"key":"Old Coin"},{"floor":41.0,"key":"Bottled Lightning"},{"floor":43.0,"key":"Strawberry"},{"floor":43.0,"key":"Frozen Egg 2"},{"floor":54,"key":"Blood Vial"}],"event_choices":[{"damage_healed":0.0,"max_hp_gain":0.0,"max_hp_loss":0.0,"gold_gain":0.0,"event_name":"Living Wall","player_choice":"Grow","floor":2.0,"gold_loss":0.0,"damage_taken":0.0,"cards_upgraded":["Neutralize"]},{"damage_healed":0.0,"max_hp_gain":0.0,"max_hp_loss":0.0,"gold_gain":275.0,"event_name":"Golden Shrine","player_choice":"Desecrate","floor":4.0,"gold_loss":0.0,"damage_taken":0.0,"cards_obtained":["Regret"]},{"cards_removed":["Slice"],"damage_healed":0.0,"max_hp_gain":0.0,"max_hp_loss":0.0,"gold_gain":0.0,"event_name":"WeMeetAgain","player_choice":"Gave Card","floor":12.0,"gold_loss":0.0,"damage_taken":0.0,"relics_obtained":["Blue Candle"]},{"damage_healed":0.0,"max_hp_gain":0.0,"max_hp_loss":0.0,"gold_gain":0.0,"event_name":"Ghosts","player_choice":"Ignored","floor":19.0,"gold_loss":0.0,"damage_taken":0.0},{"damage_healed":0.0,"max_hp_gain":0.0,"max_hp_loss":0.0,"gold_gain":0.0,"event_name":"Accursed Blacksmith","player_choice":"Rummage","floor":21.0,"gold_loss":0.0,"damage_taken":0.0,"relics_obtained":["WarpedTongs"],"cards_obtained":["Pain"]},{"damage_healed":0.0,"max_hp_gain":0.0,"max_hp_loss":0.0,"gold_gain":0.0,"event_name":"MindBloom","player_choice":"Fight","floor":36.0,"gold_loss":0.0,"damage_taken":0.0},{"damage_healed":0.0,"max_hp_gain":0.0,"max_hp_loss":0.0,"gold_gain":0.0,"cards_transformed":["Venomology"],"event_name":"Transmorgrifier","player_choice":"Transformed","floor":39.0,"gold_loss":0.0,"damage_taken":0.0,"cards_obtained":["Tools of the Trade"]}],"is_beta":false,"boss_relics":[{"not_picked":["Eternal Feather","Tiny House"],"picked":"Fusion Hammer"},{"not_picked":["Orrery","Coffee Dripper"],"picked":"Sozu"}],"items_purged_floors":[5,27,47,53],"is_endless":false,"potions_floor_spawned":[1,7,11,16,18,25,30,31,38,42,44,48],"killed_by":"The Heart","ascension_level":8}