{"gold_per_floor":[110,57,77,97,111,111,145,163,214,214,214,225,253,266,266,342,342,362,378,378,30,40,73,48,74,97,97,112,141,157,157,157,231,231,247,20,36,50,50,50,77,77,77,77,87,87,99,117,117,117],"floor_reached":51,"playtime":2339,"items_purged":["Strike_B","Zap+1"],"score":1346,"play_id":"36c1c5a6-8aba-4811-b880-90ee158d3af8","local_time":"20190204200806","is_ascension_mode":true,"campfire_choices":[{"data":"Zap","floor":6.0,"key":"SMITH"},{"data":"Consume","floor":11.0,"key":"SMITH"},{"data":"Dualcast","floor":15.0,"key":"SMITH"},{"floor":27.0,"key":"REST"},{"floor":32.0,"key":"REST"},{"floor":40.0,"key":"REST"},{"floor":42.0,"key":"REST"},{"floor":49,"key":"REST"}],"neow_cost":"NONE","seed_source_timestamp":1052739587936,"circlet_count":0,"master_deck":["AscendersBane","Defend_B","Defend_B","Defend_B","Defend_B","Dualcast+1","Compile Driver","Consume+1","Glacier","Cold Snap","Tempest+1","Ball Lightning","Electrodynamics","Self Repair+1","Capacitor","Loop","Hologram","White Noise","Redo+1","Chill","Core Surge","Skim+1","Reboot+1","Heatsinks+1","Turbo","Skim+1","Skim+1","Cold Snap"],"special_seed":0,"relics":["Cracked Core","Mango","Potion Belt","Gremlin Horn","Inserter","Lee\u0027s Waffle","Ancient Tea Set","Pen Nib","Oddly Smooth Stone","StoneCalendar","Astrolabe","Dodecahedron","Strawberry"],"potions_floor_usage":[50,50,50],"damage_taken":[{"damage":0.0,"enemies":"Small Slimes","floor":1.0,"turns":3.0},{"damage":0.0,"enemies":"Cultist","floor":3.0,"turns":3.0},{"damage":2.0,"enemies":"Jaw Worm","floor":4.0,"turns":3.0},{"damage":1.0,"enemies":"Exordium Thugs","floor":5.0,"turns":5.0},{"damage":11.0,"enemies":"Lagavulin","floor":7.0,"turns":6.0},{"damage":3.0,"enemies":"Exordium Wildlife","floor":8.0,"turns":5.0},{"damage":0.0,"enemies":"Large Slime","floor":12.0,"turns":3.0},{"damage":30.0,"enemies":"3 Sentries","floor":13.0,"turns":3.0},{"damage":0.0,"enemies":"2 Fungi Beasts","floor":14.0,"turns":3.0},{"damage":22.0,"enemies":"Hexaghost","floor":16.0,"turns":8.0},{"damage":15.0,"enemies":"Shell Parasite","floor":18.0,"turns":6.0},{"damage":6.0,"enemies":"Spheric Guardian","floor":19.0,"turns":3.0},{"damage":27.0,"enemies":"Snecko","floor":22.0,"turns":7.0},{"damage":0.0,"enemies":"Slavers","floor":23.0,"turns":1.0},{"damage":55.0,"enemies":"Book of Stabbing","floor":25.0,"turns":5.0},{"damage":3.0,"enemies":"Snake Plant","floor":28.0,"turns":4.0},{"damage":34.0,"enemies":"Slavers","floor":29.0,"turns":2.0},{"damage":20.0,"enemies":"Centurion and Healer","floor":30.0,"turns":5.0},{"damage":43.0,"enemies":"Automaton","floor":33.0,"turns":9.0},{"damage":39.0,"enemies":"3 Darklings","floor":35.0,"turns":3.0},{"damage":0.0,"enemies":"3 Shapes","floor":37.0,"turns":3.0},{"damage":21.0,"enemies":"Jaw Worm Horde","floor":38.0,"turns":5.0},{"damage":31.0,"enemies":"Giant Head","floor":41.0,"turns":8.0},{"damage":13.0,"enemies":"3 Darklings","floor":45.0,"turns":6.0},{"damage":20.0,"enemies":"Spire Growth","floor":47.0,"turns":7.0},{"damage":16,"enemies":"Maw","floor":48,"turns":11},{"damage":39,"enemies":"Time Eater","floor":50,"turns":18}],"seed_played":"5196813046062464593","potions_obtained":[{"floor":4.0,"key":"Strength Potion"},{"floor":7.0,"key":"AttackPotion"},{"floor":12.0,"key":"Poison Potion"},{"floor":14.0,"key":"PowerPotion"},{"floor":16.0,"key":"Energy Potion"},{"floor":22.0,"key":"LiquidBronze"},{"floor":25.0,"key":"Ancient Potion"},{"floor":33.0,"key":"Swift Potion"},{"floor":35.0,"key":"SpeedPotion"},{"floor":41.0,"key":"EssenceOfSteel"},{"floor":47.0,"key":"EssenceOfSteel"}],"is_trial":false,"path_per_floor":["M","$","M","M","M","R","E","M","T","?","R","M","E","M","R","B",null,"M","M","?","$","M","E","$","E","T","R","M","E","M","?","R","B",null,"M","$","M","M","?","R","E","R","T","?","M","?","M","M","R","B",null],"character_chosen":"DEFECT","items_purchased":["Compile Driver","Lee\u0027s Waffle","Capacitor","Hologram","Turbo","FocusPotion"],"campfire_rested":5,"item_purchase_floors":[2,21,21,24,36,36],"current_hp_per_floor":[64,64,64,62,61,61,64,61,61,61,61,61,31,31,31,9,66,51,45,20,97,80,80,80,25,25,54,61,37,27,27,56,23,79,40,40,40,29,29,58,37,66,73,73,70,70,60,54,85,56],"gold":117,"neow_bonus":"REMOVE_CARD","is_prod":false,"is_daily":false,"chose_seed":false,"campfire_upgraded":3,"win_rate":0,"timestamp":1549278486,"path_taken":["M","$","M","M","M","R","E","M","T","?","R","M","E","M","R","BOSS","M","M","?","$","M","E","?","E","T","R","M","E","?","?","R","BOSS","M","$","M","M","?","R","E","R","T","?","?","?","M","M","R","BOSS"],"build_version":"2019-01-23","purchased_purges":2,"victory":true,"max_hp_per_floor":[71,71,71,71,71,71,85,85,85,85,85,85,85,85,85,85,85,85,85,90,97,97,97,97,97,97,97,97,97,97,97,97,97,97,97,97,97,97,97,97,97,97,104,104,104,104,104,104,104,104],"card_choices":[{"not_picked":["Cold Snap","Barrage"],"picked":"Ball Lightning","floor":1.0},{"not_picked":["Ball Lightning","Leap"],"picked":"Consume","floor":3.0},{"not_picked":["Barrage","Hologram"],"picked":"Glacier","floor":4.0},{"not_picked":["Rainbow","Barrage","Compile Driver"],"picked":"SKIP","floor":5.0},{"not_picked":["Sweeping Beam","Static Discharge"],"picked":"Cold Snap","floor":7.0},{"not_picked":["Redo","Steam"],"picked":"Tempest","floor":8.0},{"not_picked":["Compile Driver","Go for the Eyes","Heatsinks"],"picked":"SKIP","floor":12.0},{"not_picked":["Sweeping Beam","Gash","Heatsinks"],"picked":"SKIP","floor":13.0},{"not_picked":["FTL","Gash"],"picked":"Ball Lightning","floor":14.0},{"not_picked":["All For One","Hyperbeam"],"picked":"Electrodynamics","floor":16.0},{"not_picked":["Compile Driver+1","Ball Lightning","Recycle"],"picked":"SKIP","floor":18.0},{"not_picked":["Stack","Leap"],"picked":"Self Repair+1","floor":19.0},{"not_picked":["Double Energy","Leap","Recycle"],"picked":"SKIP","floor":22.0},{"not_picked":["Consume","Streamline"],"picked":"Loop","floor":23.0},{"not_picked":["Recycle","Go for the Eyes"],"picked":"White Noise","floor":25.0},{"not_picked":["Ball Lightning","Genetic Algorithm"],"picked":"Redo+1","floor":28.0},{"not_picked":["Turbo","Beam Cell"],"picked":"Chill","floor":29.0},{"not_picked":["Hologram","Go for the Eyes","Double Energy"],"picked":"SKIP","floor":30.0},{"not_picked":["Reboot","Machine Learning"],"picked":"Core Surge","floor":33.0},{"not_picked":["Barrage","Stack"],"picked":"Heatsinks+1","floor":35.0},{"not_picked":["Consume","Conserve Battery","Go for the Eyes+1"],"picked":"SKIP","floor":37.0},{"not_picked":["Leap","Hologram","Turbo+1"],"picked":"SKIP","floor":38.0},{"not_picked":["Melter+1","Go for the Eyes","Rip and Tear"],"picked":"SKIP","floor":41.0},{"not_picked":["Capacitor","Barrage"],"picked":"Skim+1","floor":45.0},{"not_picked":["Skim+1","All For One"],"picked":"Cold Snap","floor":47.0},{"not_picked":["Hologram","Go for the Eyes","Cold Snap"],"picked":"SKIP","floor":48}],"player_experience":791365,"relics_obtained":[{"floor":7.0,"key":"Mango"},{"floor":9.0,"key":"Potion Belt"},{"floor":13.0,"key":"Gremlin Horn"},{"floor":23.0,"key":"Ancient Tea Set"},{"floor":25.0,"key":"Pen Nib"},{"floor":26.0,"key":"Oddly Smooth Stone"},{"floor":29.0,"key":"StoneCalendar"},{"floor":41.0,"key":"Dodecahedron"},{"floor":43.0,"key":"Strawberry"}],"event_choices":[{"damage_healed":0.0,"max_hp_gain":0.0,"max_hp_loss":0.0,"gold_gain":0.0,"event_name":"Upgrade Shrine","player_choice":"Upgraded","floor":10.0,"gold_loss":0.0,"damage_taken":0.0,"cards_upgraded":["Tempest"]},{"damage_healed":0.0,"max_hp_gain":5.0,"max_hp_loss":0.0,"gold_gain":0.0,"event_name":"Forgotten Altar","player_choice":"Shed Blood","floor":20.0,"gold_loss":0.0,"damage_taken":30.0},{"damage_healed":0.0,"max_hp_gain":0.0,"max_hp_loss":0.0,"gold_gain":0.0,"event_name":"Vampires","player_choice":"Ignored","floor":31.0,"gold_loss":0.0,"damage_taken":0.0},{"damage_healed":0.0,"max_hp_gain":0.0,"max_hp_loss":0.0,"gold_gain":0.0,"event_name":"Mysterious Sphere","player_choice":"Ignored","floor":39.0,"gold_loss":0.0,"damage_taken":0.0},{"damage_healed":0.0,"max_hp_gain":0.0,"max_hp_loss":0.0,"gold_gain":0.0,"event_name":"Duplicator","player_choice":"Copied","floor":44.0,"gold_loss":0.0,"damage_taken":0.0,"cards_obtained":["Skim"]},{"cards_removed":["Storm"],"damage_healed":0.0,"max_hp_gain":0.0,"max_hp_loss":0.0,"gold_gain":0.0,"event_name":"Falling","player_choice":"Removed Power","floor":46.0,"gold_loss":0.0,"damage_taken":0.0}],"is_beta":false,"boss_relics":[{"not_picked":["Ectoplasm","Lizard Tail"],"picked":"Inserter"},{"not_picked":["FrozenCore","Philosopher\u0027s Stone"],"picked":"Astrolabe"}],"items_purged_floors":[21,36],"is_endless":false,"potions_floor_spawned":[4,7,12,14,16,22,25,33,35,41,47],"ascension_level":15}