{"gold_per_floor":[116,45,45,55,71,105,105,105],"floor_reached":8,"playtime":403,"items_purged":[],"score":67,"play_id":"8ba4a7c6-5ed8-455d-8e2a-bffd5b647d61","local_time":"20190119120059","is_ascension_mode":true,"campfire_choices":[],"neow_cost":"NONE","seed_source_timestamp":762182569858700,"circlet_count":0,"master_deck":["Defend_G","Defend_G","Defend_G","Defend_G","Defend_G","Strike_G","Strike_G","Strike_G","Strike_G","Strike_G","Survivor","Neutralize","Outmaneuver","Poisoned Stab","Dodge and Roll","Concentrate","Noxious Fumes","Well Laid Plans"],"relics":["Ring of the Snake","Lantern","Ninja Scroll","SsserpentHead"],"potions_floor_usage":[8],"damage_taken":[{"damage":26,"enemies":"Jaw Worm","floor":1,"turns":8},{"damage":0,"enemies":"Small Slimes","floor":4,"turns":3},{"damage":0,"enemies":"Cultist","floor":5,"turns":4},{"damage":43,"enemies":"Lagavulin","floor":6,"turns":9},{"damage":13,"enemies":"Gremlin Nob","floor":8,"turns":3}],"seed_played":"-4529746389797624926","potions_obtained":[{"floor":6,"key":"Block Potion"}],"is_trial":false,"path_per_floor":["M","$","?","M","M","E","?","E"],"character_chosen":"THE_SILENT","items_purchased":["Poisoned Stab","Dodge and Roll"],"campfire_rested":0,"item_purchase_floors":[2,2],"current_hp_per_floor":[44,44,44,44,44,1,1,0],"gold":105,"neow_bonus":"RANDOM_COMMON_RELIC","is_prod":false,"is_daily":false,"chose_seed":false,"campfire_upgraded":0,"win_rate":0,"timestamp":1547928059,"path_taken":["M","$","?","M","M","E","?","E"],"build_version":"2019-01-17v2","purchased_purges":0,"victory":false,"max_hp_per_floor":[70,70,70,70,70,70,70,70],"card_choices":[{"not_picked":["Dodge and Roll","Deflect"],"picked":"Outmaneuver","floor":1},{"not_picked":["Dagger Throw","Reflex"],"picked":"Concentrate","floor":4},{"not_picked":["Prepared","Bane"],"picked":"Noxious Fumes","floor":5},{"not_picked":["Quick Slash","Slice"],"picked":"Well Laid Plans","floor":6}],"player_experience":544912,"relics_obtained":[{"floor":6,"key":"Ninja Scroll"}],"event_choices":[{"damage_healed":0,"gold_gain":0,"player_choice":"Ignored","damage_taken":0,"max_hp_gain":0,"max_hp_loss":0,"event_name":"Liars Game","floor":3,"gold_loss":0},{"damage_healed":0,"gold_gain":0,"player_choice":"Trade","damage_taken":0,"relics_obtained":["SsserpentHead"],"max_hp_gain":0,"max_hp_loss":0,"event_name":"FaceTrader","floor":7,"gold_loss":0}],"is_beta":false,"boss_relics":[],"items_purged_floors":[],"is_endless":false,"potions_floor_spawned":[6],"killed_by":"Gremlin Nob","ascension_level":4}