{"gold_per_floor":[116,116,116,134,84,116,116,128,128,139,167,183,194,194,194,271,271,257,272,284,297,143,143,162,162,186,186,186,218,248,0,0,76,76,90,110,60,60,60,87,107,123,123,123,123,123,140,160,160,160],"floor_reached":50,"playtime":2862,"items_purged":["Strike_R","Strike_R"],"score":899,"play_id":"45ca2d95-6fb0-4b78-8662-20aacb7c6e19","local_time":"20181121141001","is_ascension_mode":true,"campfire_choices":[{"data":"Armaments","floor":7,"key":"SMITH"},{"data":"Metallicize","floor":15,"key":"SMITH"},{"data":"Demon Form","floor":23,"key":"SMITH"},{"data":"Pommel Strike","floor":25,"key":"SMITH"},{"data":"Pummel","floor":32,"key":"SMITH"},{"data":"Heavy Blade","floor":44,"key":"SMITH"},{"data":"Juggernaut","floor":46,"key":"SMITH"},{"data":"Pummel","floor":49,"key":"SMITH"}],"neow_cost":"NONE","seed_source_timestamp":531792804982894,"circlet_count":0,"master_deck":["AscendersBane","Strike_R","Defend_R+1","Defend_R","Defend_R+1","Defend_R","Bash+1","Armaments+1","Cleave+1","Demon Form+1","Pummel+1","Pommel Strike+1","Ghostly Armor+1","Metallicize+1","Havoc+1","Impervious+1","Shrug It Off+1","True Grit+1","Warcry+1","Pummel+1","True Grit+1","Warcry+1","Corruption","Juggernaut+1","Iron Wave+1","Heavy Blade+1","Writhe","Panache","Heavy Blade+1"],"relics":["Burning Blood","NeowsBlessing","Mercury Hourglass","Toxic Egg 2","PreservedInsect","Coffee Dripper","Orichalcum","Bronze Scales","Red Mask","Red Skull","Busted Crown","War Paint","Pear"],"potions_floor_usage":[11,24,30,30],"damage_taken":[{"damage":0,"enemies":"Small Slimes","floor":1,"turns":1},{"damage":0,"enemies":"2 Louse","floor":4,"turns":1},{"damage":0,"enemies":"Lagavulin","floor":6,"turns":1},{"damage":2,"enemies":"Jaw Worm","floor":8,"turns":4},{"damage":1,"enemies":"3 Louse","floor":10,"turns":2},{"damage":20,"enemies":"Gremlin Nob","floor":11,"turns":4},{"damage":0,"enemies":"2 Fungi Beasts","floor":12,"turns":3},{"damage":7,"enemies":"Looter","floor":13,"turns":3},{"damage":35,"enemies":"The Guardian","floor":16,"turns":11},{"damage":20,"enemies":"2 Thieves","floor":18,"turns":4},{"damage":23,"enemies":"Shell Parasite","floor":19,"turns":5},{"damage":8,"enemies":"Chosen and Byrds","floor":20,"turns":5},{"damage":15,"enemies":"Centurion and Healer","floor":21,"turns":7},{"damage":0,"enemies":"Snecko","floor":24,"turns":4},{"damage":10,"enemies":"Colosseum Slavers","floor":27,"turns":6},{"damage":3,"enemies":"Gremlin Leader","floor":29,"turns":4},{"damage":0,"enemies":"Masked Bandits","floor":30,"turns":4},{"damage":35,"enemies":"Automaton","floor":33,"turns":8},{"damage":30,"enemies":"3 Darklings","floor":35,"turns":5},{"damage":4,"enemies":"3 Shapes","floor":36,"turns":6},{"damage":1,"enemies":"Nemesis","floor":40,"turns":5},{"damage":16,"enemies":"Maw","floor":41,"turns":6},{"damage":14,"enemies":"Sphere and 2 Shapes","floor":42,"turns":6},{"damage":16,"enemies":"Jaw Worm Horde","floor":47,"turns":5},{"damage":29,"enemies":"Writhing Mass","floor":48,"turns":6},{"damage":36,"enemies":"Time Eater","floor":50,"turns":4}],"seed_played":"-9095816338190135056","potions_obtained":[{"floor":6,"key":"Explosive Potion"},{"floor":10,"key":"SteroidPotion"},{"floor":13,"key":"Block Potion"},{"floor":24,"key":"Poison Potion"},{"floor":40,"key":"Energy Potion"},{"floor":42,"key":"FearPotion"}],"is_trial":false,"path_per_floor":["M","?","?","M","?","E","R","M","T","M","E","M","M","?","R","B",null,"M","M","M","M","$","R","M","R","T","?","?","E","?","$","R","B",null,"M","M","$","?","?","E","M","M","T","R","?","R","M","M","R","B"],"character_chosen":"IRONCLAD","items_purchased":["Pummel","Red Skull","Heavy Blade"],"campfire_rested":0,"item_purchase_floors":[22,31,37],"current_hp_per_floor":[74,74,79,80,80,80,80,80,80,80,66,72,71,55,55,26,67,53,36,34,25,25,25,31,31,31,27,27,30,36,36,36,7,62,38,40,40,60,60,65,55,47,57,57,57,57,47,24,24,0],"gold":160,"neow_bonus":"THREE_ENEMY_KILL","is_prod":false,"is_daily":false,"chose_seed":false,"campfire_upgraded":8,"win_rate":0,"timestamp":1542827401,"path_taken":["M","?","?","M","?","E","R","M","T","M","E","M","M","?","R","BOSS","M","M","M","M","$","R","M","R","T","?","?","E","?","$","R","BOSS","M","M","$","?","?","E","M","M","T","R","?","R","M","M","R","BOSS"],"build_version":"2018-11-15","purchased_purges":2,"victory":false,"max_hp_per_floor":[75,75,80,80,80,80,80,80,80,80,80,80,80,80,80,80,80,80,80,80,80,80,80,80,80,80,80,80,80,80,80,80,80,80,80,80,80,80,80,80,80,80,90,90,90,90,90,90,90,90],"card_choices":[{"not_picked":["Fire Breathing","Twin Strike"],"picked":"Armaments","floor":1},{"not_picked":["Perfected Strike","Armaments"],"picked":"Cleave","floor":4},{"not_picked":["Headbutt","Cleave"],"picked":"Demon Form","floor":6},{"not_picked":["Disarm","Clash"],"picked":"Pummel","floor":8},{"not_picked":["Rage+1","Headbutt"],"picked":"Pommel Strike","floor":10},{"not_picked":["Rampage","Iron Wave"],"picked":"Ghostly Armor+1","floor":11},{"not_picked":["Intimidate+1","Pommel Strike"],"picked":"Metallicize","floor":12},{"not_picked":["Pommel Strike","Reckless Charge"],"picked":"Havoc+1","floor":13},{"not_picked":["Juggernaut","Demon Form"],"picked":"Impervious+1","floor":16},{"not_picked":["Uppercut","Clash+1"],"picked":"Shrug It Off+1","floor":18},{"not_picked":["Wild Strike","Seeing Red+1"],"picked":"True Grit+1","floor":19},{"not_picked":["Anger","Clash"],"picked":"Warcry+1","floor":20},{"not_picked":["Perfected Strike","Evolve","Headbutt"],"picked":"SKIP","floor":21},{"not_picked":["Iron Wave","Twin Strike"],"picked":"True Grit+1","floor":24},{"not_picked":["Body Slam","Carnage"],"picked":"Warcry+1","floor":29},{"not_picked":["Demon Form","Dropkick"],"picked":"Corruption","floor":30},{"not_picked":["Immolate","Offering+1"],"picked":"Juggernaut","floor":33},{"not_picked":[],"picked":"Iron Wave+1","floor":35},{"not_picked":["Spot Weakness+1"],"picked":"SKIP","floor":36},{"not_picked":[],"picked":"Panache","floor":39},{"not_picked":["Inflame"],"picked":"SKIP","floor":40},{"not_picked":["Iron Wave"],"picked":"SKIP","floor":41},{"not_picked":["Rage+1"],"picked":"SKIP","floor":42},{"not_picked":[],"picked":"Heavy Blade+1","floor":47},{"not_picked":["True Grit+1"],"picked":"SKIP","floor":48}],"player_experience":399111,"relics_obtained":[{"floor":6,"key":"Mercury Hourglass"},{"floor":9,"key":"Toxic Egg 2"},{"floor":11,"key":"PreservedInsect"},{"floor":26,"key":"Orichalcum"},{"floor":29,"key":"Bronze Scales"},{"floor":30,"key":"Red Mask"},{"floor":40,"key":"War Paint"},{"floor":43,"key":"Pear"}],"event_choices":[{"cards_removed":["Strike_R"],"damage_healed":0,"gold_gain":0,"player_choice":"Forget","damage_taken":0,"max_hp_gain":0,"max_hp_loss":0,"event_name":"Living Wall","floor":2,"gold_loss":0},{"damage_healed":0,"gold_gain":0,"player_choice":"Donut","damage_taken":0,"max_hp_gain":5,"max_hp_loss":0,"event_name":"Big Fish","floor":3,"gold_loss":0},{"cards_removed":["Strike_R"],"damage_healed":0,"gold_gain":0,"player_choice":"Card Removal","damage_taken":0,"max_hp_gain":0,"max_hp_loss":0,"event_name":"The Cleric","floor":5,"gold_loss":50},{"damage_healed":0,"gold_gain":0,"player_choice":"Entered Light","damage_taken":16,"max_hp_gain":0,"max_hp_loss":0,"event_name":"Shining Light","floor":14,"gold_loss":0,"cards_upgraded":["Cleave","Bash"]},{"damage_healed":0,"gold_gain":0,"player_choice":"Fight","damage_taken":0,"max_hp_gain":0,"max_hp_loss":0,"event_name":"Colosseum","floor":27,"gold_loss":0},{"damage_healed":0,"gold_gain":0,"player_choice":"Fled From Nobs","damage_taken":0,"max_hp_gain":0,"max_hp_loss":0,"event_name":"Colosseum","floor":27,"gold_loss":0},{"damage_healed":0,"gold_gain":0,"player_choice":"Ignored","damage_taken":0,"max_hp_gain":0,"max_hp_loss":0,"event_name":"Cursed Tome","floor":28,"gold_loss":0},{"damage_healed":0,"gold_gain":0,"player_choice":"Fought Bandits","damage_taken":0,"max_hp_gain":0,"max_hp_loss":0,"event_name":"Masked Bandits","floor":30,"gold_loss":0},{"damage_healed":20,"gold_gain":0,"player_choice":"Writhe","damage_taken":0,"max_hp_gain":0,"max_hp_loss":0,"event_name":"Winding Halls","floor":38,"gold_loss":0,"cards_obtained":["Writhe"]},{"damage_healed":0,"gold_gain":0,"player_choice":"Memory 1","damage_taken":0,"max_hp_gain":0,"max_hp_loss":0,"event_name":"SensoryStone","floor":39,"gold_loss":0},{"damage_healed":0,"gold_gain":0,"player_choice":"Ignored","damage_taken":0,"max_hp_gain":0,"max_hp_loss":0,"event_name":"Mysterious Sphere","floor":45,"gold_loss":0}],"is_beta":true,"boss_relics":[{"not_picked":["Black Star","Runic Dome"],"picked":"Coffee Dripper"},{"not_picked":["Tiny House","Runic Pyramid"],"picked":"Busted Crown"}],"items_purged_floors":[22,31],"is_endless":false,"potions_floor_spawned":[6,10,13,16,21,24,29,40,42],"killed_by":"Time Eater","ascension_level":14}