{"gold_per_floor":[112,112,140,152,184,196,242,254,342,379,407,419],"floor_reached":12,"playtime":570,"items_purged":[],"score":144,"play_id":"3957e269-1635-450a-a9a5-6612815c2441","local_time":"20190213011028","is_ascension_mode":true,"campfire_choices":[{"data":"Cloak And Dagger","floor":6,"key":"SMITH"},{"data":"Neutralize","floor":8,"key":"SMITH"}],"neow_cost":"NONE","seed_source_timestamp":261535600537985,"circlet_count":0,"master_deck":["Defend_G","Defend_G","Defend_G","Defend_G","Defend_G","Strike_G","Strike_G","Strike_G","Strike_G","Strike_G","Survivor","Neutralize+1","Cloak And Dagger+1","Slice","Backflip","Well Laid Plans","Blur","Cloak And Dagger"],"relics":["Ring of the Snake","MawBank","FaceOfCleric","Smiling Mask","Bottled Flame","Pear"],"potions_floor_usage":[7,10],"damage_taken":[{"damage":0,"enemies":"Cultist","floor":1,"turns":4},{"damage":7,"enemies":"Jaw Worm","floor":3,"turns":6},{"damage":0,"enemies":"Small Slimes","floor":5,"turns":3},{"damage":27,"enemies":"Gremlin Nob","floor":7,"turns":4},{"damage":14,"enemies":"3 Sentries","floor":10,"turns":11},{"damage":0,"enemies":"Looter","floor":11,"turns":4},{"damage":28,"enemies":"Lagavulin","floor":12,"turns":9}],"seed_played":"5189651143049093492","potions_obtained":[{"floor":3,"key":"Strength Potion"},{"floor":7,"key":"Weak Potion"},{"floor":10,"key":"SneckoOil"}],"is_trial":false,"path_per_floor":["M","?","M","?","M","R","E","R","T","E","M","E"],"character_chosen":"THE_SILENT","items_purchased":[],"campfire_rested":0,"item_purchase_floors":[],"current_hp_per_floor":[70,58,51,51,52,52,26,26,26,23,24,0],"gold":419,"neow_bonus":"TEN_PERCENT_HP_BONUS","is_prod":false,"is_daily":false,"chose_seed":false,"campfire_upgraded":2,"win_rate":0,"timestamp":1550009428,"path_taken":["M","?","M","?","?","R","E","R","T","E","M","E"],"build_version":"2019-01-23","purchased_purges":0,"victory":false,"max_hp_per_floor":[77,77,77,77,78,78,79,79,79,90,91,91],"card_choices":[{"not_picked":["Dagger Throw","Sucker Punch"],"picked":"Cloak And Dagger","floor":1},{"not_picked":["Bane","Flying Knee"],"picked":"Slice","floor":3},{"not_picked":["PiercingWail","Setup"],"picked":"Backflip","floor":5},{"not_picked":["Dodge and Roll","Flying Knee"],"picked":"Well Laid Plans","floor":7},{"not_picked":["Blade Dance","Tactician"],"picked":"Blur","floor":10},{"not_picked":["Deadly Poison","Endless Agony"],"picked":"Cloak And Dagger","floor":11}],"player_experience":283211,"relics_obtained":[{"floor":7,"key":"Smiling Mask"},{"floor":9,"key":"Bottled Flame"},{"floor":10,"key":"Pear"}],"event_choices":[{"damage_healed":0,"gold_gain":0,"player_choice":"Success","damage_taken":12,"relics_obtained":["MawBank"],"max_hp_gain":0,"max_hp_loss":0,"event_name":"Scrap Ooze","floor":2,"gold_loss":0},{"damage_healed":0,"gold_gain":0,"player_choice":"Trade","damage_taken":0,"relics_obtained":["FaceOfCleric"],"max_hp_gain":0,"max_hp_loss":0,"event_name":"FaceTrader","floor":4,"gold_loss":0}],"is_beta":false,"boss_relics":[],"items_purged_floors":[],"is_endless":false,"potions_floor_spawned":[3,7,10],"killed_by":"Lagavulin","ascension_level":7}