{"gold_per_floor":[118,137,212,225,325,325,224,240,266,279,289,289,305,322,322,398,398,416,173,188,205,205,205,205],"floor_reached":24,"playtime":1351,"items_purged":["Strike_R","Strike_R"],"score":317,"play_id":"6bdc68ad-c599-43d4-9ccd-4dfec2d10b8b","local_time":"20181116115130","is_ascension_mode":true,"campfire_choices":[{"data":"True Grit","floor":6,"key":"SMITH"},{"data":"Bash","floor":12,"key":"SMITH"},{"data":"Anger","floor":15,"key":"SMITH"},{"data":"True Grit","floor":23,"key":"SMITH"}],"neow_cost":"NONE","seed_source_timestamp":92960138530518,"circlet_count":0,"master_deck":["AscendersBane","Strike_R","Strike_R","Defend_R","Defend_R","Defend_R","Defend_R","Bash+1","True Grit+1","Hemokinesis","Battle Trance","Shrug It Off","Pommel Strike","Iron Wave","Metallicize","Shockwave","Anger+1","Dark Embrace","True Grit+1","Inflame","Burning Pact","Purity"],"relics":["Burning Blood","Pen Nib","Sozu"],"potions_floor_usage":[16],"damage_taken":[{"damage":3,"enemies":"Small Slimes","floor":1,"turns":5},{"damage":3,"enemies":"Jaw Worm","floor":2,"turns":3},{"damage":4,"enemies":"Cultist","floor":4,"turns":4},{"damage":16,"enemies":"Exordium Thugs","floor":8,"turns":6},{"damage":4,"enemies":"Red Slaver","floor":10,"turns":5},{"damage":4,"enemies":"2 Fungi Beasts","floor":11,"turns":4},{"damage":0,"enemies":"Large Slime","floor":13,"turns":7},{"damage":6,"enemies":"Exordium Wildlife","floor":14,"turns":5},{"damage":34,"enemies":"Hexaghost","floor":16,"turns":9},{"damage":19,"enemies":"3 Byrds","floor":18,"turns":5},{"damage":11,"enemies":"Spheric Guardian","floor":20,"turns":5},{"damage":8,"enemies":"Shelled Parasite and Fungi","floor":21,"turns":7},{"damage":35,"enemies":"Book of Stabbing","floor":24,"turns":5}],"seed_played":"3099424716021423683","potions_obtained":[{"floor":1,"key":"LiquidBronze"},{"floor":4,"key":"SpeedPotion"}],"is_trial":false,"path_per_floor":["M","M","?","M","?","R","$","M","T","M","M","R","M","M","R","B",null,"M","$","M","M","?","R","E"],"character_chosen":"IRONCLAD","items_purchased":["Pommel Strike","Inflame","Burning Pact"],"campfire_rested":0,"item_purchase_floors":[7,19,19],"current_hp_per_floor":[75,78,67,69,69,69,69,59,59,61,63,63,69,69,69,41,70,57,57,52,50,34,34,0],"gold":205,"neow_bonus":"TRANSFORM_CARD","is_prod":false,"is_daily":false,"chose_seed":false,"campfire_upgraded":4,"win_rate":0,"timestamp":1542387090,"path_taken":["M","M","?","M","?","R","$","M","T","M","?","R","M","M","R","BOSS","M","$","M","M","?","R","E"],"build_version":"2018-11-15","purchased_purges":2,"victory":false,"max_hp_per_floor":[80,80,80,80,80,80,80,80,80,80,80,80,80,80,80,80,80,80,80,80,80,80,80,80],"card_choices":[{"not_picked":["Blood for Blood","Cleave"],"picked":"Hemokinesis","floor":1},{"not_picked":["Reckless Charge","Iron Wave"],"picked":"Battle Trance","floor":2},{"not_picked":["Bloodletting","True Grit"],"picked":"Shrug It Off","floor":4},{"not_picked":["Reckless Charge","Battle Trance"],"picked":"Iron Wave","floor":8},{"not_picked":["Flex","Wild Strike"],"picked":"Metallicize","floor":10},{"not_picked":["Ghostly Armor","Anger"],"picked":"Shockwave","floor":11},{"not_picked":["Cleave","Entrench","Sword Boomerang"],"picked":"SKIP","floor":13},{"not_picked":["Body Slam","Warcry"],"picked":"Anger","floor":14},{"not_picked":["Berserk","Feed"],"picked":"Dark Embrace","floor":16},{"not_picked":["Pommel Strike","Heavy Blade"],"picked":"True Grit","floor":18},{"not_picked":["Pommel Strike","Clash","Power Through+1"],"picked":"SKIP","floor":20},{"not_picked":["Searing Blow","Wild Strike","Perfected Strike"],"picked":"SKIP","floor":21}],"player_experience":378869,"relics_obtained":[{"floor":9,"key":"Pen Nib"}],"event_choices":[{"damage_healed":0,"gold_gain":75,"player_choice":"Gather Gold","damage_taken":11,"max_hp_gain":0,"max_hp_loss":0,"event_name":"World of Goop","floor":3,"gold_loss":0},{"damage_healed":0,"gold_gain":100,"player_choice":"Pray","damage_taken":0,"max_hp_gain":0,"max_hp_loss":0,"event_name":"Golden Shrine","floor":5,"gold_loss":0},{"damage_healed":0,"gold_gain":0,"player_choice":"CARD ","damage_taken":16,"max_hp_gain":0,"max_hp_loss":0,"event_name":"Knowing Skull","floor":22,"potions_obtained":[],"gold_loss":0,"cards_obtained":["Purity"]}],"is_beta":true,"boss_relics":[{"not_picked":["White Beast Statue","Fusion Hammer"],"picked":"Sozu"}],"items_purged_floors":[7,19],"is_endless":false,"potions_floor_spawned":[1,4,11],"killed_by":"Book of Stabbing","ascension_level":13}