{"gold_per_floor":[115,115,139,139,155,194,194,228,255,278,309,309,329,354,354,485,485,504,111,131,156,172,172,206,33,33,33,64,88,88,102,102,221,221,236,260,78,178,31,62,62,97,97,130,130,148,148,273,273,273,273,273,5,39,39],"floor_reached":56,"playtime":4990,"items_purged":["Defend_R","Strike_R","Defend_R","Strike_R","Strike_R"],"score":1395,"play_id":"6ab72f43-17a9-4238-b0d0-65d7c4f4d689","local_time":"20190125200522","is_ascension_mode":true,"campfire_choices":[{"data":"Infernal Blade","floor":7,"key":"SMITH"},{"data":"Armaments","floor":12,"key":"SMITH"},{"floor":15,"key":"RECALL"},{"data":"Armaments","floor":23,"key":"SMITH"},{"data":"Mayhem","floor":30,"key":"SMITH"},{"data":"True Grit","floor":32,"key":"SMITH"},{"data":"Uppercut","floor":41,"key":"SMITH"},{"data":"Rage","floor":45,"key":"SMITH"},{"data":"Bash","floor":49,"key":"SMITH"},{"data":"Evolve","floor":52,"key":"SMITH"}],"neow_cost":"NONE","seed_source_timestamp":138970310427342,"circlet_count":0,"master_deck":["Strike_R","Defend_R","Defend_R","Bash+1","Pommel Strike+1","Cleave","Rage+1","Infernal Blade+1","Power Through","Shrug It Off","Armaments+1","Wild Strike","Impervious","Evolve+1","Bandage Up","Armaments+1","Shrug It Off","Uppercut+1","Dropkick","Cleave","Burning Pact+1","Mayhem+1","PanicButton","True Grit+1","Immolate","Inflame","Pommel Strike+1","True Grit+1","Inflame","Blood for Blood+1"],"relics":["Burning Blood","NeowsBlessing","Golden Idol","Bag of Preparation","Bronze Scales","Strawberry","Cursed Key","Membership Card","PreservedInsect","Gambling Chip","Busted Crown","Kunai","Anchor","Mercury Hourglass","Question Card","Paper Frog","Mango","DollysMirror","Happy Flower","Dead Branch"],"potions_floor_usage":[6,8,24,29,33,33,44,46,54,55,55],"damage_taken":[{"damage":0,"enemies":"Jaw Worm","floor":1,"turns":1},{"damage":0,"enemies":"2 Louse","floor":3,"turns":1},{"damage":0,"enemies":"Cultist","floor":5,"turns":1},{"damage":24,"enemies":"Gremlin Nob","floor":6,"turns":4},{"damage":3,"enemies":"3 Sentries","floor":8,"turns":4},{"damage":4,"enemies":"Blue Slaver","floor":10,"turns":3},{"damage":9,"enemies":"Lagavulin","floor":11,"turns":3},{"damage":3,"enemies":"Large Slime","floor":13,"turns":5},{"damage":6,"enemies":"Exordium Thugs","floor":14,"turns":4},{"damage":36,"enemies":"Slime Boss","floor":16,"turns":11},{"damage":7,"enemies":"2 Thieves","floor":18,"turns":3},{"damage":0,"enemies":"Spheric Guardian","floor":20,"turns":3},{"damage":15,"enemies":"3 Cultists","floor":21,"turns":7},{"damage":19,"enemies":"Cultist and Chosen","floor":22,"turns":6},{"damage":18,"enemies":"Book of Stabbing","floor":24,"turns":6},{"damage":0,"enemies":"Gremlin Leader","floor":28,"turns":6},{"damage":18,"enemies":"Centurion and Healer","floor":29,"turns":6},{"damage":11,"enemies":"Chosen and Byrds","floor":31,"turns":6},{"damage":56,"enemies":"Automaton","floor":33,"turns":11},{"damage":0,"enemies":"Orb Walker","floor":35,"turns":3},{"damage":19,"enemies":"3 Darklings","floor":36,"turns":5},{"damage":9,"enemies":"Giant Head","floor":40,"turns":7},{"damage":31,"enemies":"Nemesis","floor":42,"turns":7},{"damage":30,"enemies":"Reptomancer","floor":44,"turns":4},{"damage":0,"enemies":"Sphere and 2 Shapes","floor":46,"turns":3},{"damage":0,"enemies":"Mind Bloom Boss Battle","floor":48,"turns":5},{"damage":28,"enemies":"Donu and Deca","floor":50,"turns":11},{"damage":40,"enemies":"Shield and Spear","floor":54,"turns":5},{"damage":73,"enemies":"The Heart","floor":55,"turns":9}],"seed_played":"67870647001746934","potions_obtained":[{"floor":3,"key":"GamblersBrew"},{"floor":5,"key":"Explosive Potion"},{"floor":13,"key":"Ancient Potion"},{"floor":14,"key":"Poison Potion"},{"floor":16,"key":"EssenceOfSteel"},{"floor":18,"key":"BloodPotion"},{"floor":22,"key":"Energy Potion"},{"floor":31,"key":"Swift Potion"},{"floor":33,"key":"BloodPotion"},{"floor":42,"key":"Explosive Potion"},{"floor":44,"key":"BloodPotion"},{"floor":46,"key":"SpeedPotion"},{"floor":48,"key":"SpeedPotion"}],"is_trial":false,"path_per_floor":["M","?","M","?","M","E","R","E","T","M","E","R","M","M","R","B",null,"M","$","M","M","M","R","E","$","T","?","E","M","R","M","R","B",null,"M","M","$","?","$","E","R","E","T","E","R","M","?","?","R","B",null,"R","$","E","B",null],"character_chosen":"IRONCLAD","items_purchased":["Membership Card","Bandage Up","Armaments","Shrug It Off","Uppercut","Dropkick","Mayhem","PanicButton","Kunai","Anchor","DollysMirror","Happy Flower"],"campfire_rested":0,"item_purchase_floors":[19,19,19,19,19,19,25,25,37,39,53,53],"current_hp_per_floor":[80,74,74,74,74,56,56,59,59,61,65,65,68,68,68,38,81,80,80,81,78,65,65,57,57,57,57,67,59,59,58,58,14,81,81,68,68,68,68,71,71,46,46,34,34,46,46,70,70,54,95,95,95,76,13],"gold":39,"neow_bonus":"THREE_ENEMY_KILL","is_prod":false,"is_daily":false,"chose_seed":false,"campfire_upgraded":9,"win_rate":0,"timestamp":1548464722,"path_taken":["M","?","M","?","?","E","R","E","T","M","E","R","M","M","R","BOSS","M","$","M","M","M","R","E","$","T","?","E","M","R","M","R","BOSS","M","M","$","?","$","E","R","E","T","E","R","?","?","?","R","BOSS","R","$","E","BOSS"],"build_version":"2019-01-23","purchased_purges":5,"victory":true,"max_hp_per_floor":[80,74,74,74,74,74,74,74,74,74,81,81,81,81,81,81,81,81,81,81,81,81,81,81,81,81,81,81,81,81,81,81,81,81,81,81,81,81,81,81,81,81,81,81,81,81,81,95,95,95,95,95,95,95,95],"card_choices":[{"not_picked":["Heavy Blade","Havoc"],"picked":"Pommel Strike","floor":1},{"not_picked":["Warcry","Thunderclap"],"picked":"Cleave","floor":3},{"not_picked":["Whirlwind","Warcry"],"picked":"Rage","floor":5},{"not_picked":["Sword Boomerang","Rupture"],"picked":"Infernal Blade","floor":6},{"not_picked":["Fire Breathing","Wild Strike"],"picked":"Power Through","floor":8},{"not_picked":["Entrench","Headbutt"],"picked":"Shrug It Off","floor":10},{"not_picked":["Blood for Blood","Spot Weakness"],"picked":"Armaments","floor":11},{"not_picked":["Havoc","Searing Blow","Sword Boomerang"],"picked":"SKIP","floor":13},{"not_picked":["Offering","Thunderclap"],"picked":"Wild Strike","floor":14},{"not_picked":["Fiend Fire","Feed"],"picked":"Impervious","floor":16},{"not_picked":["Dual Wield","Battle Trance"],"picked":"Evolve","floor":18},{"not_picked":["Warcry","Flex","Sword Boomerang"],"picked":"SKIP","floor":20},{"not_picked":["Warcry","Perfected Strike","Sword Boomerang"],"picked":"SKIP","floor":21},{"not_picked":["Pummel","Sword Boomerang"],"picked":"Cleave","floor":22},{"not_picked":["Battle Trance+1","Thunderclap"],"picked":"Burning Pact+1","floor":24},{"not_picked":["Pummel","Juggernaut","Flex+1"],"picked":"SKIP","floor":28},{"not_picked":["Rupture+1","Evolve","Clothesline"],"picked":"SKIP","floor":29},{"not_picked":["Flex","Cleave"],"picked":"True Grit","floor":31},{"not_picked":["Impervious","Bludgeon"],"picked":"Immolate","floor":33},{"not_picked":["Intimidate"],"picked":"SKIP","floor":35},{"not_picked":[],"picked":"Inflame","floor":36},{"not_picked":[],"picked":"Pommel Strike+1","floor":40},{"not_picked":["Dual Wield"],"picked":"SKIP","floor":42},{"not_picked":["Iron Wave","Havoc+1"],"picked":"SKIP","floor":44},{"not_picked":["Burning Pact+1"],"picked":"True Grit+1","floor":46},{"not_picked":["Fire Breathing+1"],"picked":"Blood for Blood+1","floor":54}],"player_experience":141679,"relics_obtained":[{"floor":6,"key":"Bag of Preparation"},{"floor":8,"key":"Bronze Scales"},{"floor":11,"key":"Strawberry"},{"floor":24,"key":"PreservedInsect"},{"floor":28,"key":"Gambling Chip"},{"floor":40,"key":"Mercury Hourglass"},{"floor":42,"key":"Question Card"},{"floor":44,"key":"Paper Frog"},{"floor":48,"key":"Mango"},{"floor":54,"key":"Dead Branch"}],"event_choices":[{"damage_healed":0,"gold_gain":0,"player_choice":"Lose Max HP","damage_taken":0,"relics_obtained":["Golden Idol"],"max_hp_gain":0,"max_hp_loss":6,"event_name":"Golden Idol","floor":2,"gold_loss":0},{"damage_healed":0,"gold_gain":0,"player_choice":"Forge","damage_taken":0,"max_hp_gain":0,"max_hp_loss":0,"event_name":"Accursed Blacksmith","floor":4,"gold_loss":0,"cards_upgraded":["Pommel Strike"]},{"damage_healed":0,"gold_gain":0,"player_choice":"Ignored","damage_taken":0,"max_hp_gain":0,"max_hp_loss":0,"event_name":"Beggar","floor":27,"gold_loss":0},{"damage_healed":0,"gold_gain":100,"player_choice":"Pray","damage_taken":0,"max_hp_gain":0,"max_hp_loss":0,"event_name":"Golden Shrine","floor":38,"gold_loss":0},{"cards_removed":["Strike_R"],"damage_healed":0,"gold_gain":0,"player_choice":"Removed Attack","damage_taken":0,"max_hp_gain":0,"max_hp_loss":0,"event_name":"Falling","floor":47,"gold_loss":0},{"damage_healed":0,"gold_gain":0,"player_choice":"Fight","damage_taken":0,"max_hp_gain":0,"max_hp_loss":0,"event_name":"MindBloom","floor":48,"gold_loss":0}],"is_beta":false,"boss_relics":[{"not_picked":["Black Star","Velvet Choker"],"picked":"Cursed Key"},{"not_picked":["Runic Dome","Fusion Hammer"],"picked":"Busted Crown"}],"items_purged_floors":[19,25,37,39,53],"is_endless":false,"potions_floor_spawned":[3,5,13,14,16,18,21,22,31,33,42,44,46,48],"ascension_level":2}