{"gold_per_floor":[117,192,208,224,224,264,288,288,288,304,304],"floor_reached":11,"playtime":544,"items_purged":[],"score":84,"play_id":"e4b2d5a2-39f4-4b03-a8b9-da03031f93d8","local_time":"20190128150557","is_ascension_mode":true,"campfire_choices":[{"floor":8.0,"key":"RECALL"}],"neow_cost":"TEN_PERCENT_HP_LOSS","seed_source_timestamp":0,"circlet_count":0,"master_deck":["Strike_B","Strike_B","Strike_B","Defend_B","Defend_B","Defend_B","Zap","Dualcast","Compile Driver","Multi-Cast","Steam","BootSequence","Defragment","Sweeping Beam","Conserve Battery"],"special_seed":0,"relics":["Cracked Core","Golden Idol","Vajra","Blue Candle"],"potions_floor_usage":[11],"damage_taken":[{"damage":0.0,"enemies":"Cultist","floor":1.0,"turns":3.0},{"damage":0.0,"enemies":"2 Louse","floor":3.0,"turns":3.0},{"damage":0.0,"enemies":"Jaw Worm","floor":4.0,"turns":3.0},{"damage":41.0,"enemies":"3 Sentries","floor":6.0,"turns":9.0},{"damage":0,"enemies":"Exordium Wildlife","floor":10,"turns":3},{"damage":41,"enemies":"Gremlin Nob","floor":11,"turns":4}],"seed_played":"-1422624667805511270","potions_obtained":[{"floor":3.0,"key":"Energy Potion"},{"floor":4.0,"key":"PowerPotion"}],"is_trial":false,"path_per_floor":["M","?","M","M","?","E","T","R","T","M","E"],"character_chosen":"DEFECT","items_purchased":[],"campfire_rested":0,"item_purchase_floors":[],"current_hp_per_floor":[68,62,62,62,62,21,21,21,21,21,0],"gold":304,"neow_bonus":"TRANSFORM_TWO_CARDS","is_prod":false,"is_daily":false,"chose_seed":false,"campfire_upgraded":0,"win_rate":0,"timestamp":1548705957,"path_taken":["M","?","M","?","?","E","?","R","T","M","E"],"build_version":"2019-01-23","purchased_purges":0,"victory":false,"max_hp_per_floor":[68,68,68,68,63,63,63,63,63,63,63],"card_choices":[{"not_picked":["Streamline","Force Field"],"picked":"Steam","floor":1.0},{"not_picked":["Hologram","Steam"],"picked":"BootSequence","floor":3.0},{"not_picked":["Sweeping Beam","Tempest"],"picked":"Defragment","floor":4.0},{"not_picked":["Sunder","Compile Driver"],"picked":"Sweeping Beam","floor":6.0},{"not_picked":["Compile Driver","Barrage"],"picked":"Conserve Battery","floor":10}],"player_experience":204636,"relics_obtained":[{"floor":6.0,"key":"Vajra"},{"floor":9,"key":"Blue Candle"}],"event_choices":[{"damage_healed":0.0,"max_hp_gain":0.0,"max_hp_loss":0.0,"gold_gain":75.0,"event_name":"FaceTrader","player_choice":"Touch","floor":2.0,"gold_loss":0.0,"damage_taken":6.0},{"damage_healed":0.0,"max_hp_gain":0.0,"max_hp_loss":5.0,"gold_gain":0.0,"event_name":"Golden Idol","player_choice":"Lose Max HP","floor":5.0,"gold_loss":0.0,"damage_taken":0.0,"relics_obtained":["Golden Idol"]}],"is_beta":false,"boss_relics":[],"items_purged_floors":[],"is_endless":false,"potions_floor_spawned":[3,4],"killed_by":"Gremlin Nob","ascension_level":3}