{"gold_per_floor":[112,129,129,147,162,162,201,201,225,269,293,63,89,89,89,184,184,199,218,218,218],"floor_reached":21,"playtime":872,"items_purged":[],"score":378,"play_id":"cb53f011-f29e-4867-8e49-59662d5c00f2","local_time":"20190302194901","is_ascension_mode":true,"campfire_choices":[{"data":"Zap","floor":6.0,"key":"SMITH"},{"data":"Streamline","floor":8.0,"key":"SMITH"},{"data":"Hologram","floor":15.0,"key":"SMITH"}],"neow_cost":"TEN_PERCENT_HP_LOSS","seed_source_timestamp":127248914544714,"circlet_count":0,"master_deck":["AscendersBane","Defend_B","Defend_B","Defend_B","Zap+1","Dualcast","Barrage","Undo","Streamline+1","Chill","Ball Lightning","Compile Driver","Leap","Compile Driver","Hologram+1","Electrodynamics","Rainbow","Glacier+1","Fission+1","Skim+1","Barrage","Compile Driver","Necronomicurse"],"special_seed":0,"relics":["Cracked Core","Golden Idol","Centennial Puzzle","Boot","PreservedInsect","Chemical X","Odd Mushroom","Astrolabe","Necronomicon"],"potions_floor_usage":[16,19],"damage_taken":[{"damage":1.0,"enemies":"2 Louse","floor":1.0,"turns":3.0},{"damage":7.0,"enemies":"Jaw Worm","floor":2.0,"turns":3.0},{"damage":0.0,"enemies":"Small Slimes","floor":4.0,"turns":4.0},{"damage":1.0,"enemies":"2 Fungi Beasts","floor":5.0,"turns":3.0},{"damage":6.0,"enemies":"Gremlin Nob","floor":7.0,"turns":3.0},{"damage":1.0,"enemies":"3 Sentries","floor":10.0,"turns":5.0},{"damage":1.0,"enemies":"Looter","floor":11.0,"turns":3.0},{"damage":0.0,"enemies":"The Mushroom Lair","floor":13.0,"turns":4.0},{"damage":11,"enemies":"The Guardian","floor":16,"turns":8},{"damage":6,"enemies":"Spheric Guardian","floor":18,"turns":4},{"damage":9,"enemies":"Shell Parasite","floor":19,"turns":4},{"damage":17,"enemies":"Snake Plant","floor":21,"turns":2}],"seed_played":"4611952503542351486","potions_obtained":[{"floor":1.0,"key":"SkillPotion"},{"floor":5.0,"key":"LiquidBronze"},{"floor":11.0,"key":"Energy Potion"}],"is_trial":false,"path_per_floor":["M","M","?","M","M","R","E","R","T","E","M","$","?","?","R","B",null,"M","M","?","M"],"character_chosen":"DEFECT","items_purchased":["Chemical X"],"campfire_rested":0,"item_purchase_floors":[12],"current_hp_per_floor":[63,56,56,56,55,55,49,49,49,48,47,47,47,47,47,36,53,47,38,17,0],"gold":218,"neow_bonus":"TRANSFORM_TWO_CARDS","is_prod":false,"is_daily":false,"chose_seed":false,"campfire_upgraded":3,"win_rate":0,"timestamp":1551574141,"path_taken":["M","M","?","M","M","R","E","R","T","E","M","$","?","?","R","BOSS","M","M","?","M"],"build_version":"2019-01-23","purchased_purges":0,"victory":false,"max_hp_per_floor":[64,64,58,58,58,58,58,58,58,58,58,58,58,58,58,58,58,58,58,58,58],"card_choices":[{"not_picked":["Reprogram","Steam"],"picked":"Streamline","floor":1.0},{"not_picked":["Stack","Gash"],"picked":"Chill","floor":2.0},{"not_picked":["Turbo","Sweeping Beam"],"picked":"Ball Lightning","floor":4.0},{"not_picked":["Leap","Beam Cell"],"picked":"Compile Driver","floor":5.0},{"not_picked":["Compile Driver","Turbo"],"picked":"Leap","floor":7.0},{"not_picked":["Go for the Eyes","Barrage"],"picked":"Compile Driver","floor":10.0},{"not_picked":["Rebound","Redo"],"picked":"Hologram","floor":11.0},{"not_picked":["Loop","Beam Cell"],"picked":"Electrodynamics","floor":13.0},{"not_picked":["Amplify","Creative AI"],"picked":"Rainbow","floor":16},{"not_picked":["Scrape","Compile Driver"],"picked":"Barrage","floor":18},{"not_picked":["Gash","Sweeping Beam"],"picked":"Compile Driver","floor":19}],"player_experience":647498,"relics_obtained":[{"floor":7.0,"key":"Centennial Puzzle"},{"floor":9.0,"key":"Boot"},{"floor":10.0,"key":"PreservedInsect"},{"floor":13.0,"key":"Odd Mushroom"},{"floor":20,"key":"Necronomicon"}],"event_choices":[{"damage_healed":0.0,"max_hp_gain":0.0,"max_hp_loss":6.0,"gold_gain":0.0,"event_name":"Golden Idol","player_choice":"Lose Max HP","floor":3.0,"gold_loss":0.0,"damage_taken":0.0,"relics_obtained":["Golden Idol"]},{"damage_healed":0.0,"max_hp_gain":0.0,"max_hp_loss":0.0,"gold_gain":0.0,"event_name":"Mushrooms","player_choice":"Fought Mushrooms","floor":13.0,"gold_loss":0.0,"damage_taken":0.0},{"damage_healed":0.0,"max_hp_gain":0.0,"max_hp_loss":0.0,"gold_gain":0.0,"event_name":"Scrap Ooze","player_choice":"Fled","floor":14.0,"gold_loss":0.0,"damage_taken":0.0},{"damage_healed":0,"gold_gain":0,"player_choice":"Obtained Book","damage_taken":21,"max_hp_gain":0,"max_hp_loss":0,"event_name":"Cursed Tome","floor":20,"gold_loss":0}],"is_beta":false,"boss_relics":[{"not_picked":["Busted Crown","Tiny House"],"picked":"Astrolabe"}],"items_purged_floors":[],"is_endless":false,"potions_floor_spawned":[1,5,11],"killed_by":"Snake Plant","ascension_level":20}