{"path_per_floor":["M","T","M","?","M","E","M","E","T","M","R","E","M","M","R","B",null,"M","$","M","M"],"character_chosen":"THE_SILENT","items_purchased":["Ice Cream","Malaise"],"gold_per_floor":[118,197,207,207,221,254,268,299,299,317,317,342,360,374,374,446,446,458,117,135,151,151],"floor_reached":22,"campfire_rested":2,"playtime":1232,"item_purchase_floors":[19,19],"current_hp_per_floor":[58,58,58,58,58,41,40,7,7,4,23,4,4,4,23,21,55,55,55,41,11,0],"items_purged":[],"gold":151,"score":468,"play_id":"48d8530c-9a5c-4b37-bd84-5f0d3891cfe1","local_time":"20180622221534","daily_mods":["Hoarder"],"is_prod":false,"is_daily":false,"chose_seed":true,"is_ascension_mode":true,"campfire_upgraded":0,"win_rate":0,"timestamp":1529698534,"campfire_choices":[{"floor":11,"key":"REST"},{"floor":15,"key":"REST"}],"path_taken":["M","?","M","?","M","E","M","E","T","M","R","E","?","M","R","BOSS","M","$","?","M","M"],"build_version":"2018-06-21","seed_source_timestamp":434137865903382,"purchased_purges":0,"circlet_count":0,"victory":false,"master_deck":["Defend_G","Defend_G","Defend_G","Defend_G","Defend_G","Strike_G","Strike_G","Strike_G","Strike_G","Strike_G","Survivor","Neutralize+1","AscendersBane","Dagger Spray","Dagger Spray","Dagger Spray","Footwork","Footwork","Footwork","Cloak And Dagger","Cloak And Dagger","Cloak And Dagger","Dagger Throw","Dagger Throw","Dagger Throw","Caltrops","Caltrops","Caltrops","Noxious Fumes","Noxious Fumes","Noxious Fumes","Predator","Predator","Predator","PiercingWail","PiercingWail","PiercingWail","Footwork+1","Footwork+1","Footwork+1","Bullet Time","Bullet Time","Bullet Time","Noxious Fumes+1","Noxious Fumes+1","Noxious Fumes+1","Malaise","Malaise","Malaise","Outmaneuver","Outmaneuver","Outmaneuver"],"max_hp_per_floor":[66,66,66,66,66,66,66,66,66,66,66,66,66,66,66,66,66,66,66,66,66,66],"special_seed":49589807274832,"relics":["Ring of the Snake","Letter Opener","Bag of Preparation","Mercury Hourglass","Question Card","Frozen Egg 2","Cursed Key","Ice Cream"],"card_choices":[{"not_picked":["Catalyst","Dodge and Roll"],"picked":"Dagger Spray","floor":1},{"not_picked":["Blade Dance","Backflip"],"picked":"Footwork","floor":3},{"not_picked":["Bane","Footwork"],"picked":"Cloak And Dagger","floor":5},{"not_picked":["Quick Slash","Poisoned Stab"],"picked":"Dagger Throw","floor":6},{"not_picked":["Cloak And Dagger","Concentrate"],"picked":"Caltrops","floor":7},{"not_picked":["Venomology","Bane"],"picked":"Noxious Fumes","floor":8},{"not_picked":["Flying Knee","Deadly Poison","Poisoned Stab"],"picked":"Predator","floor":10},{"not_picked":["Heel Hook","Deflect","Unload"],"picked":"PiercingWail","floor":12},{"not_picked":["Deflect","Backflip","Bane"],"picked":"Footwork+1","floor":13},{"not_picked":["Outmaneuver","All Out Attack","Poisoned Stab","Sucker Punch"],"picked":"SKIP","floor":14},{"not_picked":["Night Terror","Wraith Form v2+1","Adrenaline"],"picked":"Bullet Time","floor":16},{"not_picked":["Concentrate","Deadly Poison","Deflect"],"picked":"Noxious Fumes+1","floor":18},{"not_picked":["Heel Hook","Sucker Punch","Prepared"],"picked":"Outmaneuver","floor":20},{"not_picked":["Dagger Spray+1","Flying Knee","Slice","Eviscerate"],"picked":"SKIP","floor":21}],"player_experience":650050,"potions_floor_usage":[6,16,20],"damage_taken":[{"damage":1,"enemies":"Cultist","floor":1,"turns":5},{"damage":0,"enemies":"Small Slimes","floor":3,"turns":2},{"damage":0,"enemies":"Jaw Worm","floor":5,"turns":4},{"damage":17,"enemies":"3 Sentries","floor":6,"turns":6},{"damage":1,"enemies":"Looter","floor":7,"turns":3},{"damage":33,"enemies":"Gremlin Nob","floor":8,"turns":5},{"damage":3,"enemies":"Blue Slaver","floor":10,"turns":4},{"damage":19,"enemies":"Lagavulin","floor":12,"turns":7},{"damage":0,"enemies":"Large Slime","floor":13,"turns":5},{"damage":0,"enemies":"3 Louse","floor":14,"turns":3},{"damage":2,"enemies":"Slime Boss","floor":16,"turns":10},{"damage":0,"enemies":"3 Byrds","floor":18,"turns":1},{"damage":14,"enemies":"Chosen","floor":20,"turns":6},{"damage":30,"enemies":"Slaver and Parasite","floor":21,"turns":8},{"damage":18,"enemies":"Centurion and Healer","floor":22,"turns":1}],"relics_obtained":[{"floor":2,"key":"Letter Opener"},{"floor":6,"key":"Bag of Preparation"},{"floor":8,"key":"Mercury Hourglass"},{"floor":9,"key":"Question Card"},{"floor":12,"key":"Frozen Egg 2"}],"event_choices":[{"event_name":"Upgrade Shrine","player_choice":"Upgraded","floor":4,"damage_taken":0}],"boss_relics":[{"not_picked":["Empty Cage","Ectoplasm"],"picked":"Cursed Key"}],"items_purged_floors":[],"is_endless":false,"potions_floor_spawned":[5,8,13,14,16,18,21],"seed_played":"881027400157253564","killed_by":"Centurion and Healer","ascension_level":15,"potions_obtained":[{"floor":5,"key":"AttackPotion"},{"floor":8,"key":"SkillPotion"},{"floor":13,"key":"EssenceOfSteel"},{"floor":16,"key":"SteroidPotion"},{"floor":18,"key":"Block Potion"},{"floor":21,"key":"AttackPotion"}],"is_trial":true}