{"path_per_floor":["M","M","?","M","$","M","?","R","T","?","M","M","M","M","R","B",null,"M","?","?","T","$","R","M","R","T","?","M","R","T","?","R"],"character_chosen":"THE_SILENT","items_purchased":["Catalyst","Calculated Gamble"],"gold_per_floor":[112,123,73,84,15,25,25,25,25,25,45,63,79,92,92,215,215,240,240,155,203,89,89,114,114,114,114,135,135,135,235,235],"floor_reached":33,"campfire_rested":2,"playtime":1281,"current_hp_per_floor":[70,65,65,64,64,56,56,56,56,56,47,40,37,37,58,33,70,61,61,61,61,61,61,55,55,55,55,42,42,42,42,63],"items_purged":["Injury"],"gold":235,"score":273,"play_id":"fa2c3012-d31d-40fc-8b79-7125694dda74","is_prod":false,"is_daily":false,"is_ascension_mode":true,"campfire_upgraded":4,"path_taken":["M","M","?","M","$","?","?","R","T","?","M","?","M","M","R","BOSS","M","?","?","?","$","R","M","R","T","?","M","R","?","?","R","BOSS"],"build_version":"2018-02-08-PROD1","purchased_purges":1,"victory":false,"master_deck":["Defend_G","Defend_G","Defend_G","Defend_G","Defend_G","Strike_G","Strike_G","Strike_G","Survivor","Neutralize+1","Poisoned Stab","Deadly Poison","Catalyst+1","Bane","Dagger Spray","PiercingWail","Bouncing Flask+1","Adrenaline+1","Escape Plan+1","Well Laid Plans","Calculated Gamble+1"],"max_hp_per_floor":[70,70,70,70,70,70,70,70,70,70,70,70,70,70,70,70,70,70,70,70,70,70,70,70,70,70,70,70,70,70,70,70],"relics":["Ring of the Snake","Du-Vu Doll","Golden Idol","The Specimen","Art of War","Gremlin Horn","Nloth\u0027s Gift","Torii"],"card_choices":[{"not_picked":["Prepared","Quick Slash"],"picked":"Poisoned Stab"},{"not_picked":["Flying Knee","Prepared"],"picked":"Deadly Poison"},{"not_picked":["Prepared","Outmaneuver"],"picked":"Bane"},{"not_picked":["Acrobatics","Blade Dance"],"picked":"Dagger Spray"},{"not_picked":["Setup","Finisher"],"picked":"PiercingWail"},{"not_picked":["Quick Slash","Poisoned Stab"],"picked":"Bouncing Flask"},{"not_picked":["Storm of Steel","Grand Finale"],"picked":"Adrenaline"},{"not_picked":["Quick Slash","PiercingWail"],"picked":"Escape Plan"}],"player_experience":162038,"potions_floor_usage":[33],"damage_taken":[{"damage":0.0,"enemies":"Small Slimes","floor":1.0,"turns":5.0},{"damage":5.0,"enemies":"2 Louse","floor":2.0,"turns":3.0},{"damage":1.0,"enemies":"Blue Slaver","floor":4.0,"turns":5.0},{"damage":8.0,"enemies":"Large Slime","floor":6.0,"turns":7.0},{"damage":9.0,"enemies":"2 Fungi Beasts","floor":11.0,"turns":3.0},{"damage":7.0,"enemies":"3 Louse","floor":12.0,"turns":3.0},{"damage":3.0,"enemies":"Looter","floor":13.0,"turns":2.0},{"damage":0.0,"enemies":"Large Slime","floor":14.0,"turns":2.0},{"damage":25.0,"enemies":"Slime Boss","floor":16.0,"turns":11.0},{"damage":9.0,"enemies":"Shell Parasite","floor":18.0,"turns":6.0},{"damage":6.0,"enemies":"Spheric Guardian","floor":24.0,"turns":3.0},{"damage":13.0,"enemies":"Snake Plant","floor":28.0,"turns":2.0},{"damage":51,"enemies":"Champ","floor":33,"turns":11}],"event_choices":[{"event_name":"The Cleric","player_choice":"Card Removal","floor":3.0,"damage_taken":0.0},{"event_name":"Living Wall","player_choice":"Grow","floor":7.0,"damage_taken":0.0},{"event_name":"Golden Idol","player_choice":"Take Wound","floor":10.0,"damage_taken":0.0},{"event_name":"The Library","player_choice":"Read","floor":19.0,"damage_taken":0.0},{"event_name":"Addict","player_choice":"Obtained Relic","floor":20.0,"damage_taken":0.0},{"event_name":"N\u0027loth","player_choice":"Traded a Pen Nib","floor":27.0,"damage_taken":0.0},{"event_name":"Golden Shrine","player_choice":"Pray","floor":31.0,"damage_taken":0.0}],"boss_relics":[],"potions_floor_spawned":[12,13,14,16],"seed_played":"-279533835232193723","killed_by":"Champ","ascension_level":3,"is_trial":false}