{"gold_per_floor":[112,387,14,24,35,67,67,67,91,52,78,78,156,181,181,253,253,263,274,36,36,49,49,59,89,161,189,200,213,213,264,264,343,343,353,403,129,140,140,165,165,194,221,221,249,249,264,280,280,280,280,280,280,9,35,35],"floor_reached":57,"playtime":2975,"items_purged":["Regret","Strike_R"],"score":2742,"play_id":"904a80c8-8371-4db9-a74f-dc79f003a2a3","local_time":"20190216115541","is_ascension_mode":true,"campfire_choices":[{"data":"Apotheosis","floor":8.0,"key":"SMITH"},{"data":"Uppercut","floor":12.0,"key":"SMITH"},{"floor":15.0,"key":"REST"},{"floor":23.0,"key":"REST"},{"floor":30.0,"key":"RECALL"},{"data":"Metallicize","floor":32.0,"key":"SMITH"},{"data":"Shockwave","floor":41.0,"key":"SMITH"},{"data":"Heavy Blade","floor":49,"key":"SMITH"},{"data":"Inflame","floor":53,"key":"SMITH"}],"neow_cost":"NONE","seed_source_timestamp":0,"circlet_count":0,"master_deck":["AscendersBane","Strike_R","Strike_R","Strike_R","Defend_R+1","Defend_R","Defend_R","Defend_R","Bash","Uppercut+1","Apotheosis+1","Metallicize+1","Shrug It Off","Shrug It Off","Inflame","Headbutt","Inflame+1","Double Tap+1","Shrug It Off","Whirlwind","Spot Weakness","Reaper","Pummel","Impervious","Reaper","Shockwave+1","Flame Barrier+1","Heavy Blade+1","Evolve"],"special_seed":0,"relics":["Burning Blood","NeowsBlessing","Centennial Puzzle","Bag of Preparation","Ornamental Fan","Kunai","Ice Cream","Sozu","Blood Vial","Torii","Boot","Smiling Mask","Snecko Eye","DollysMirror","Toxic Egg 2","Potion Belt","Mummified Hand","Strawberry","War Paint","Dodecahedron","Dead Branch"],"potions_floor_usage":[],"damage_taken":[{"damage":0.0,"enemies":"Small Slimes","floor":1.0,"turns":1.0},{"damage":0.0,"enemies":"Cultist","floor":4.0,"turns":1.0},{"damage":0.0,"enemies":"2 Louse","floor":5.0,"turns":1.0},{"damage":22.0,"enemies":"Gremlin Nob","floor":6.0,"turns":4.0},{"damage":5.0,"enemies":"Lagavulin","floor":11.0,"turns":6.0},{"damage":24.0,"enemies":"3 Sentries","floor":14.0,"turns":9.0},{"damage":15.0,"enemies":"The Guardian","floor":16.0,"turns":12.0},{"damage":3.0,"enemies":"2 Thieves","floor":18.0,"turns":5.0},{"damage":6.0,"enemies":"Spheric Guardian","floor":19.0,"turns":4.0},{"damage":10.0,"enemies":"3 Cultists","floor":22.0,"turns":4.0},{"damage":24.0,"enemies":"Snake Plant","floor":24.0,"turns":5.0},{"damage":22.0,"enemies":"Gremlin Leader","floor":25.0,"turns":7.0},{"damage":58.0,"enemies":"Slavers","floor":27.0,"turns":5.0},{"damage":23.0,"enemies":"Shelled Parasite and Fungi","floor":28.0,"turns":4.0},{"damage":10.0,"enemies":"Centurion and Healer","floor":29.0,"turns":4.0},{"damage":57.0,"enemies":"Collector","floor":33.0,"turns":10.0},{"damage":21.0,"enemies":"3 Darklings","floor":35.0,"turns":4.0},{"damage":8.0,"enemies":"Orb Walker","floor":38.0,"turns":3.0},{"damage":59.0,"enemies":"Reptomancer","floor":40.0,"turns":5.0},{"damage":33.0,"enemies":"Nemesis","floor":42.0,"turns":9.0},{"damage":13.0,"enemies":"Giant Head","floor":45.0,"turns":6.0},{"damage":10.0,"enemies":"Maw","floor":47.0,"turns":6.0},{"damage":53,"enemies":"4 Shapes","floor":48,"turns":5},{"damage":75,"enemies":"Donu and Deca","floor":50,"turns":9},{"damage":29,"enemies":"Time Eater","floor":51,"turns":7},{"damage":82,"enemies":"Shield and Spear","floor":55,"turns":7},{"damage":49,"enemies":"The Heart","floor":56,"turns":8}],"seed_played":"-242149216667443214","potions_obtained":[{"floor":1.0,"key":"GamblersBrew"},{"floor":6.0,"key":"Strength Potion"},{"floor":11.0,"key":"Dexterity Potion"},{"floor":16.0,"key":"Explosive Potion"}],"is_trial":false,"path_per_floor":["M","?","$","M","M","E","?","R","T","$","E","R","T","E","R","B",null,"M","M","$","?","M","R","M","E","T","E","M","M","R","T","R","B",null,"M","?","$","M","T","E","R","E","T","?","E","?","M","M","R","B","B",null,"R","$","E","B",null],"character_chosen":"IRONCLAD","items_purchased":["Apotheosis","Metallicize","Shrug It Off","Inflame","Whirlwind","Blood Vial","DollysMirror","Dodecahedron"],"campfire_rested":2,"item_purchase_floors":[3,3,3,10,20,20,37,54],"current_hp_per_floor":[74,74,74,75,75,59,59,59,59,59,60,60,60,42,64,55,70,73,73,73,52,50,74,58,80,80,56,41,80,80,80,80,41,70,80,72,72,80,80,80,80,53,60,60,73,73,78,61,61,28,73,81,81,81,37,31],"gold":35,"neow_bonus":"THREE_ENEMY_KILL","is_prod":false,"is_daily":false,"chose_seed":false,"campfire_upgraded":6,"win_rate":0,"timestamp":1550346941,"path_taken":["M","?","$","M","?","E","?","R","T","?","E","R","?","E","R","BOSS","M","M","$","?","M","R","M","E","T","E","M","M","R","?","R","BOSS","M","?","$","?","?","E","R","E","T","?","E","?","?","M","R","BOSS","BOSS","R","$","E","BOSS"],"build_version":"2019-01-23","purchased_purges":2,"victory":true,"max_hp_per_floor":[75,75,75,75,75,75,75,75,75,75,75,75,75,75,75,75,75,75,75,75,80,80,80,80,80,80,80,80,80,80,80,80,80,80,80,80,80,80,80,80,80,80,87,87,87,83,83,83,83,83,83,83,83,83,83,83],"card_choices":[{"not_picked":["Feel No Pain","Dropkick"],"picked":"Uppercut","floor":1.0},{"not_picked":["Cleave","Wild Strike","Fire Breathing"],"picked":"SKIP","floor":4.0},{"not_picked":["Dual Wield","Searing Blow","Clash"],"picked":"SKIP","floor":5.0},{"not_picked":["Clothesline","Hemokinesis"],"picked":"Shrug It Off","floor":6.0},{"not_picked":["Searing Blow","Fire Breathing"],"picked":"Headbutt","floor":11.0},{"not_picked":["Rupture","Clothesline"],"picked":"Inflame","floor":14.0},{"not_picked":["Fiend Fire","Dark Embrace"],"picked":"Double Tap","floor":16.0},{"not_picked":["Heavy Blade","Warcry"],"picked":"Shrug It Off","floor":18.0},{"not_picked":["Flex","Armaments","Sever Soul"],"picked":"SKIP","floor":19.0},{"not_picked":["Sentinel+1","Sword Boomerang"],"picked":"Spot Weakness","floor":22.0},{"not_picked":["Heavy Blade","Twin Strike"],"picked":"Reaper","floor":24.0},{"not_picked":["Power Through","Second Wind","Perfected Strike"],"picked":"SKIP","floor":25.0},{"not_picked":["Twin Strike","Perfected Strike","Flex"],"picked":"SKIP","floor":27.0},{"not_picked":["Pommel Strike+1","Blood for Blood"],"picked":"Pummel","floor":28.0},{"not_picked":["Reckless Charge+1","Feel No Pain","Flex"],"picked":"SKIP","floor":29.0},{"not_picked":["Exhume","Immolate"],"picked":"Impervious","floor":33.0},{"not_picked":["Twin Strike","Headbutt","Sentinel"],"picked":"SKIP","floor":35.0},{"not_picked":["Corruption+1","Reckless Charge"],"picked":"Shockwave","floor":38.0},{"not_picked":["Warcry+1","Entrench+1","Seeing Red+1"],"picked":"SKIP","floor":40.0},{"not_picked":["Cleave","Infernal Blade+1","Clash+1"],"picked":"SKIP","floor":42.0},{"not_picked":["Rupture","Sword Boomerang"],"picked":"Flame Barrier+1","floor":45.0},{"not_picked":["Pummel","Cleave","Flex+1"],"picked":"SKIP","floor":47.0},{"not_picked":["Bloodletting+1","Body Slam"],"picked":"Heavy Blade","floor":48},{"not_picked":["Sword Boomerang","Disarm+1"],"picked":"Evolve","floor":55}],"player_experience":723580,"relics_obtained":[{"floor":6.0,"key":"Centennial Puzzle"},{"floor":9.0,"key":"Bag of Preparation"},{"floor":11.0,"key":"Ornamental Fan"},{"floor":13.0,"key":"Kunai"},{"floor":14.0,"key":"Ice Cream"},{"floor":25.0,"key":"Torii"},{"floor":27.0,"key":"Boot"},{"floor":31.0,"key":"Smiling Mask"},{"floor":39.0,"key":"Toxic Egg 2"},{"floor":40.0,"key":"Potion Belt"},{"floor":42.0,"key":"Mummified Hand"},{"floor":43.0,"key":"Strawberry"},{"floor":45.0,"key":"War Paint"},{"floor":55,"key":"Dead Branch"}],"event_choices":[{"damage_healed":0.0,"max_hp_gain":0.0,"max_hp_loss":0.0,"gold_gain":275.0,"event_name":"Golden Shrine","player_choice":"Desecrate","floor":2.0,"gold_loss":0.0,"damage_taken":0.0,"cards_obtained":["Regret"]},{"cards_removed":["Strike_R"],"damage_healed":0.0,"max_hp_gain":0.0,"max_hp_loss":0.0,"gold_gain":0.0,"event_name":"Bonfire Elementals","player_choice":"Offered Basic","floor":7.0,"gold_loss":0.0,"damage_taken":0.0},{"damage_healed":0.0,"max_hp_gain":5.0,"max_hp_loss":0.0,"gold_gain":0.0,"event_name":"Forgotten Altar","player_choice":"Shed Blood","floor":21.0,"gold_loss":0.0,"damage_taken":26.0},{"damage_healed":0.0,"max_hp_gain":0.0,"max_hp_loss":0.0,"gold_gain":50.0,"event_name":"FaceTrader","player_choice":"Touch","floor":36.0,"gold_loss":0.0,"damage_taken":8.0},{"damage_healed":0.0,"max_hp_gain":0.0,"max_hp_loss":0.0,"gold_gain":0.0,"event_name":"Tomb of Lord Red Mask","player_choice":"Ignored","floor":44.0,"gold_loss":0.0,"damage_taken":0.0},{"damage_healed":0.0,"max_hp_gain":0.0,"max_hp_loss":4.0,"gold_gain":0.0,"event_name":"Winding Halls","player_choice":"Max HP","floor":46.0,"gold_loss":0.0,"damage_taken":0.0}],"is_beta":false,"boss_relics":[{"not_picked":["Ectoplasm","Runic Dome"],"picked":"Sozu"},{"not_picked":["Mark of Pain","Orrery"],"picked":"Snecko Eye"}],"items_purged_floors":[3,37],"is_endless":false,"potions_floor_spawned":[1,6,11,16,18,22,25,27,28,38,45,55],"ascension_level":20}