{"gold_per_floor":[109,109,109,122,142,172,182,209,509,538,551,578,578,592,592,694,694,711,711,711,711,722,754,774,806,831,856,856,51,65,82,82,179,179,198,198,4,59,78,78,92,92,92,129,141,53,53,82,82,82,82,82,12,41,41],"floor_reached":55,"playtime":3170,"items_purged":["Strike_G","Strike_G"],"score":1232,"play_id":"8e1beffb-26cc-4eb9-918d-187cb6eacdbe","local_time":"20190307003605","is_ascension_mode":true,"campfire_choices":[{"floor":13.0,"key":"REST"},{"data":"Dodge and Roll","floor":15.0,"key":"SMITH"},{"data":"Malaise","floor":32.0,"key":"SMITH"},{"data":"1","floor":40.0,"key":"LIFT"},{"data":"2","floor":42.0,"key":"LIFT"},{"floor":45.0,"key":"REST"},{"floor":49.0,"key":"RECALL"},{"data":"3","floor":52.0,"key":"LIFT"}],"neow_cost":"TEN_PERCENT_HP_LOSS","seed_source_timestamp":0,"circlet_count":0,"master_deck":["AscendersBane","Defend_G","Defend_G","Defend_G","Defend_G","Strike_G+1","Strike_G+1","Survivor","Neutralize","Masterful Stab+1","Dodge and Roll+1","Sucker Punch+1","Blur","Prepared","PiercingWail","Infinite Blades","Glass Knife+1","Heel Hook+1","Malaise","Backflip","Deflect+1","Heel Hook+1","Crippling Poison+1","Blade Dance+1","Malaise+1","Apotheosis","PiercingWail","Footwork+1","Crippling Poison","Envenom+1","Catalyst+1","Sadistic Nature+1","Deadly Poison+1","Footwork+1","Poisoned Stab+1","Die Die Die+1","Writhe","Deadly Poison+1","Accuracy+1","Cloak And Dagger+1"],"special_seed":0,"relics":["Ring of the Snake","Molten Egg 2","StoneCalendar","Old Coin","Du-Vu Doll","Regal Pillow","Sozu","Meat on the Bone","Darkstone Periapt","Oddly Smooth Stone","Happy Flower","Vajra","Matryoshka","Enchiridion","Bottled Lightning","Frozen Egg 2","Philosopher\u0027s Stone","Girya","MawBank","FossilizedHelix","Shuriken","Bronze Scales"],"potions_floor_usage":[],"damage_taken":[{"damage":0.0,"enemies":"2 Louse","floor":1.0,"turns":4.0},{"damage":0.0,"enemies":"Jaw Worm","floor":4.0,"turns":3.0},{"damage":0.0,"enemies":"Cultist","floor":5.0,"turns":3.0},{"damage":20.0,"enemies":"Lagavulin","floor":6.0,"turns":5.0},{"damage":1.0,"enemies":"Exordium Thugs","floor":7.0,"turns":5.0},{"damage":10.0,"enemies":"3 Sentries","floor":8.0,"turns":9.0},{"damage":1.0,"enemies":"Lagavulin","floor":10.0,"turns":8.0},{"damage":0.0,"enemies":"2 Fungi Beasts","floor":11.0,"turns":4.0},{"damage":11.0,"enemies":"Gremlin Nob","floor":12.0,"turns":4.0},{"damage":0.0,"enemies":"Gremlin Gang","floor":14.0,"turns":3.0},{"damage":24.0,"enemies":"The Guardian","floor":16.0,"turns":9.0},{"damage":9.0,"enemies":"Spheric Guardian","floor":18.0,"turns":4.0},{"damage":0.0,"enemies":"Shell Parasite","floor":22.0,"turns":4.0},{"damage":14.0,"enemies":"Book of Stabbing","floor":23.0,"turns":7.0},{"damage":7.0,"enemies":"3 Cultists","floor":24.0,"turns":7.0},{"damage":0.0,"enemies":"Gremlin Leader","floor":25.0,"turns":7.0},{"damage":7.0,"enemies":"Slavers","floor":27.0,"turns":5.0},{"damage":0.0,"enemies":"Sentry and Sphere","floor":30.0,"turns":6.0},{"damage":3.0,"enemies":"Snake Plant","floor":31.0,"turns":4.0},{"damage":16.0,"enemies":"Champ","floor":33.0,"turns":13.0},{"damage":6.0,"enemies":"Orb Walker","floor":35.0,"turns":4.0},{"damage":38.0,"enemies":"2 Orb Walkers","floor":38.0,"turns":6.0},{"damage":7.0,"enemies":"3 Shapes","floor":39.0,"turns":3.0},{"damage":14.0,"enemies":"Jaw Worm Horde","floor":41.0,"turns":5.0},{"damage":25.0,"enemies":"Reptomancer","floor":44.0,"turns":7.0},{"damage":5.0,"enemies":"Giant Head","floor":48.0,"turns":6.0},{"damage":43.0,"enemies":"Time Eater","floor":50.0,"turns":10.0},{"damage":46.0,"enemies":"Shield and Spear","floor":54.0,"turns":7.0},{"damage":31,"enemies":"The Heart","floor":55,"turns":5}],"seed_played":"3477840667196449101","potions_obtained":[{"floor":1.0,"key":"Strength Potion"},{"floor":10.0,"key":"Explosive Potion"},{"floor":11.0,"key":"SpeedPotion"},{"floor":12.0,"key":"Fruit Juice"},{"floor":16.0,"key":"GamblersBrew"}],"is_trial":false,"path_per_floor":["M","?","?","M","M","E","M","E","T","E","M","E","R","M","R","B",null,"M","?","T","?","M","E","M","E","T","E","?","$","M","M","R","B",null,"M","?","$","?","M","R","M","R","T","E","R","$","?","E","R","B",null,"R","$","E","B"],"character_chosen":"THE_SILENT","items_purchased":["Bottled Lightning","Frozen Egg 2","Apotheosis","PiercingWail","Sadistic Nature+1","Accuracy+1"],"campfire_rested":2,"item_purchase_floors":[29,29,29,29,37,53],"current_hp_per_floor":[63,50,50,50,50,30,29,19,19,18,18,7,40,40,40,21,56,47,47,47,47,47,45,38,38,38,43,27,27,39,36,36,32,59,53,53,53,27,32,32,30,30,30,17,52,52,74,69,69,38,65,65,65,31,0],"gold":41,"neow_bonus":"REMOVE_TWO","is_prod":false,"is_daily":false,"chose_seed":false,"campfire_upgraded":2,"win_rate":0,"timestamp":1551908165,"path_taken":["M","?","?","M","M","E","M","E","T","E","M","E","R","M","R","BOSS","M","?","?","?","?","E","M","E","T","E","?","$","M","M","R","BOSS","M","?","$","?","?","R","M","R","T","E","R","$","?","E","R","BOSS","R","$","E","BOSS"],"build_version":"2019-01-23","purchased_purges":2,"victory":false,"max_hp_per_floor":[63,63,63,63,63,63,63,63,63,63,63,63,63,63,63,68,68,68,68,68,68,68,68,68,68,68,68,68,68,68,68,68,68,68,68,68,68,68,68,68,68,68,68,68,68,68,74,74,74,74,74,74,74,74,74],"card_choices":[{"not_picked":["Finisher","Flying Knee"],"picked":"Masterful Stab","floor":1.0},{"not_picked":["Prepared","Noxious Fumes"],"picked":"Dodge and Roll","floor":4.0},{"not_picked":["Sucker Punch","Deadly Poison","Outmaneuver"],"picked":"SKIP","floor":5.0},{"not_picked":["PiercingWail","Blade Dance"],"picked":"Sucker Punch","floor":6.0},{"not_picked":["Setup","Deadly Poison"],"picked":"Blur","floor":7.0},{"not_picked":["Choke+1","Poisoned Stab+1"],"picked":"Prepared","floor":8.0},{"not_picked":["Poisoned Stab+1","Skewer+1"],"picked":"PiercingWail","floor":10.0},{"not_picked":["Crippling Poison","PiercingWail"],"picked":"Infinite Blades","floor":11.0},{"not_picked":["Outmaneuver","Prepared"],"picked":"Glass Knife+1","floor":12.0},{"not_picked":["Riddle With Holes+1","Backflip"],"picked":"Heel Hook+1","floor":14.0},{"not_picked":["Wraith Form v2","Tools of the Trade"],"picked":"Malaise","floor":16.0},{"not_picked":["Underhanded Strike+1","Predator+1"],"picked":"Backflip","floor":18.0},{"not_picked":["Finisher+1","Flying Knee+1"],"picked":"Deflect+1","floor":22.0},{"not_picked":["Deflect","Quick Slash+1"],"picked":"Heel Hook+1","floor":23.0},{"not_picked":["Infinite Blades","Bane+1"],"picked":"Crippling Poison+1","floor":24.0},{"not_picked":["Underhanded Strike+1","Dodge and Roll+1"],"picked":"Blade Dance+1","floor":25.0},{"not_picked":["Dodge and Roll","Catalyst+1"],"picked":"Malaise","floor":27.0},{"not_picked":["Concentrate","Acrobatics"],"picked":"Footwork+1","floor":30.0},{"not_picked":["Deflect","Poisoned Stab+1"],"picked":"Crippling Poison","floor":31.0},{"not_picked":["Grand Finale+1","Corpse Explosion"],"picked":"Envenom+1","floor":33.0},{"not_picked":["Poisoned Stab+1","Underhanded Strike+1"],"picked":"Catalyst+1","floor":35.0},{"not_picked":["Prepared","Sucker Punch+1"],"picked":"Deadly Poison+1","floor":38.0},{"not_picked":["Slice+1","Well Laid Plans+1"],"picked":"Footwork+1","floor":39.0},{"not_picked":["Outmaneuver","Distraction+1"],"picked":"Poisoned Stab+1","floor":41.0},{"not_picked":["Backflip","Dagger Spray+1"],"picked":"Die Die Die+1","floor":44.0},{"not_picked":["Outmaneuver","Prepared"],"picked":"Deadly Poison+1","floor":48.0},{"not_picked":["Quick Slash+1","Storm of Steel"],"picked":"Cloak And Dagger+1","floor":54.0}],"player_experience":380602,"relics_obtained":[{"floor":6.0,"key":"Molten Egg 2"},{"floor":8.0,"key":"StoneCalendar"},{"floor":9.0,"key":"Old Coin"},{"floor":10.0,"key":"Du-Vu Doll"},{"floor":12.0,"key":"Regal Pillow"},{"floor":20.0,"key":"Darkstone Periapt"},{"floor":23.0,"key":"Oddly Smooth Stone"},{"floor":25.0,"key":"Happy Flower"},{"floor":26.0,"key":"Vajra"},{"floor":27.0,"key":"Matryoshka"},{"floor":28.0,"key":"Enchiridion"},{"floor":38.0,"key":"Girya"},{"floor":43.0,"key":"MawBank"},{"floor":44.0,"key":"FossilizedHelix"},{"floor":48.0,"key":"Shuriken"},{"floor":54.0,"key":"Bronze Scales"}],"event_choices":[{"damage_healed":0.0,"max_hp_gain":0.0,"max_hp_loss":0.0,"gold_gain":0.0,"event_name":"Shining Light","player_choice":"Entered Light","floor":2.0,"gold_loss":0.0,"damage_taken":13.0,"cards_upgraded":["Strike_G","Strike_G"]},{"damage_healed":0.0,"max_hp_gain":0.0,"max_hp_loss":0.0,"gold_gain":0.0,"event_name":"Accursed Blacksmith","player_choice":"Forge","floor":3.0,"gold_loss":0.0,"damage_taken":0.0,"cards_upgraded":["Masterful Stab"]},{"damage_healed":0.0,"max_hp_gain":0.0,"max_hp_loss":0.0,"gold_gain":0.0,"event_name":"The Mausoleum","player_choice":"Opened","floor":19.0,"gold_loss":0.0,"damage_taken":0.0,"relics_obtained":["Meat on the Bone"]},{"damage_healed":0.0,"max_hp_gain":0.0,"max_hp_loss":0.0,"gold_gain":0.0,"event_name":"The Woman in Blue","player_choice":"Bought 0 Potions","floor":21.0,"gold_loss":0.0,"damage_taken":0.0},{"damage_healed":0.0,"max_hp_gain":0.0,"max_hp_loss":0.0,"gold_gain":0.0,"event_name":"Cursed Tome","player_choice":"Obtained Book","floor":28.0,"gold_loss":0.0,"damage_taken":16.0},{"damage_healed":0.0,"max_hp_gain":0.0,"max_hp_loss":0.0,"gold_gain":0.0,"event_name":"Tomb of Lord Red Mask","player_choice":"Ignored","floor":36.0,"gold_loss":0.0,"damage_taken":0.0},{"damage_healed":0.0,"max_hp_gain":0.0,"max_hp_loss":0.0,"gold_gain":0.0,"event_name":"Mysterious Sphere","player_choice":"Fight","floor":38.0,"gold_loss":0.0,"damage_taken":0.0},{"damage_healed":17.0,"max_hp_gain":0.0,"max_hp_loss":0.0,"gold_gain":0.0,"event_name":"Winding Halls","player_choice":"Writhe","floor":47.0,"gold_loss":0.0,"damage_taken":0.0,"cards_obtained":["Writhe"]}],"is_beta":false,"boss_relics":[{"not_picked":["Ring of the Serpent","Velvet Choker"],"picked":"Sozu"},{"not_picked":["Fusion Hammer","Black Star"],"picked":"Philosopher\u0027s Stone"}],"items_purged_floors":[29,46],"is_endless":false,"potions_floor_spawned":[1,10,11,12,16,24,25,27,30,35,54],"killed_by":"The Heart","ascension_level":10}