{"gold_per_floor":[116,33,50,50,50,90,90,109,109,145,145,145,170,209,209,209],"floor_reached":16,"playtime":478,"items_purged":[],"score":257,"play_id":"8f449745-dc93-4438-92cd-8375758c3204","local_time":"20190110204023","is_ascension_mode":true,"campfire_choices":[{"data":"True Grit","floor":7,"key":"SMITH"},{"data":"Wild Strike","floor":11,"key":"SMITH"},{"data":"Rampage","floor":15,"key":"SMITH"}],"neow_cost":"NONE","seed_source_timestamp":148871717687857,"circlet_count":0,"master_deck":["AscendersBane","Strike_R","Strike_R","Strike_R","Strike_R","Strike_R","Defend_R","Defend_R","Defend_R","Defend_R","Bash","True Grit+1","Feel No Pain","Feel No Pain","Pommel Strike","Wild Strike+1","Double Tap","Rampage+1","Headbutt"],"relics":["Burning Blood","NeowsBlessing","Golden Idol","Question Card","FossilizedHelix","Mummified Hand","Blue Candle"],"potions_floor_usage":[16],"damage_taken":[{"damage":0,"enemies":"2 Louse","floor":1,"turns":1},{"damage":0,"enemies":"Jaw Worm","floor":3,"turns":1},{"damage":0,"enemies":"Lagavulin","floor":6,"turns":1},{"damage":4,"enemies":"Small Slimes","floor":8,"turns":5},{"damage":21,"enemies":"Gremlin Nob","floor":10,"turns":5},{"damage":0,"enemies":"2 Fungi Beasts","floor":13,"turns":3},{"damage":21,"enemies":"Lagavulin","floor":14,"turns":6},{"damage":35,"enemies":"Hexaghost","floor":16,"turns":9}],"seed_played":"7078357306164737046","potions_obtained":[{"floor":3,"key":"GamblersBrew"},{"floor":8,"key":"FearPotion"}],"is_trial":false,"path_per_floor":["M","$","M","?","?","E","R","M","T","E","R","?","M","E","R","B"],"character_chosen":"IRONCLAD","items_purchased":["Feel No Pain"],"campfire_rested":0,"item_purchase_floors":[2],"current_hp_per_floor":[74,74,75,49,49,55,55,57,57,42,42,42,48,33,33,0],"gold":209,"neow_bonus":"THREE_ENEMY_KILL","is_prod":false,"is_daily":false,"chose_seed":false,"campfire_upgraded":3,"win_rate":0,"timestamp":1547170823,"path_taken":["M","$","M","?","?","E","R","M","T","E","R","?","M","E","R","BOSS"],"build_version":"2019-01-09","purchased_purges":0,"victory":false,"max_hp_per_floor":[75,75,75,75,75,75,75,75,75,75,75,75,75,75,75,75],"card_choices":[{"not_picked":["Corruption","Perfected Strike"],"picked":"True Grit","floor":1},{"not_picked":["Wild Strike","Rupture"],"picked":"Feel No Pain","floor":3},{"not_picked":["Second Wind","Shrug It Off"],"picked":"Pommel Strike","floor":6},{"not_picked":["Searing Blow","Body Slam","Thunderclap"],"picked":"Wild Strike","floor":8},{"not_picked":["Infernal Blade","Combust","Shrug It Off"],"picked":"Double Tap","floor":10},{"not_picked":["Warcry","Entrench","Heavy Blade"],"picked":"Rampage","floor":13},{"not_picked":["Rampage","Havoc","Thunderclap"],"picked":"Headbutt","floor":14}],"player_experience":452448,"relics_obtained":[{"floor":6,"key":"Question Card"},{"floor":9,"key":"FossilizedHelix"},{"floor":10,"key":"Mummified Hand"},{"floor":14,"key":"Blue Candle"}],"event_choices":[{"damage_healed":0,"gold_gain":0,"player_choice":"Take Damage","damage_taken":26,"relics_obtained":["Golden Idol"],"max_hp_gain":0,"max_hp_loss":0,"event_name":"Golden Idol","floor":4,"gold_loss":0},{"damage_healed":0,"gold_gain":0,"player_choice":"Leave","damage_taken":0,"max_hp_gain":0,"max_hp_loss":0,"event_name":"The Cleric","floor":5,"gold_loss":0},{"damage_healed":0,"gold_gain":0,"player_choice":"Ignored","damage_taken":0,"max_hp_gain":0,"max_hp_loss":0,"event_name":"Liars Game","floor":12,"gold_loss":0}],"is_beta":true,"boss_relics":[],"items_purged_floors":[],"is_endless":false,"potions_floor_spawned":[3,8,14],"killed_by":"Hexaghost","ascension_level":16}