{"gold_per_floor":[219,199,217,217,2,2,14,14,14,32,32,32,93,123,123,199,199,215,88,108,83,133,163,163,228,305,305,316,379,393,443,443,518,518,534,584,634,644,694,722,722,722],"floor_reached":42,"playtime":1716,"items_purged":["Strike_G"],"score":1017,"play_id":"3a26470c-431a-4504-a90b-b012e626d13f","local_time":"20181116010848","is_ascension_mode":true,"campfire_choices":[{"data":"Bouncing Flask","floor":6.0,"key":"SMITH"},{"data":"Neutralize","floor":8.0,"key":"SMITH"},{"data":"Survivor","floor":11.0,"key":"SMITH"},{"floor":15.0,"key":"REST"},{"data":"Noxious Fumes","floor":24.0,"key":"SMITH"},{"data":"Catalyst","floor":27.0,"key":"SMITH"},{"floor":32.0,"key":"REST"},{"floor":41.0,"key":"REST"}],"neow_cost":"NONE","seed_source_timestamp":148697519899024,"circlet_count":0,"master_deck":["AscendersBane","Defend_G+1","Defend_G+1","Defend_G+1","Defend_G+1","Defend_G+1","Survivor+1","Neutralize+1","Bouncing Flask+1","PiercingWail","Backflip","Adrenaline","Noxious Fumes+1","Backflip","Catalyst+1","Leg Sweep","Malaise","Crippling Poison","Malaise","Blur+1","Adrenaline+1","Madness","Madness"],"special_seed":0,"relics":["Ring of the Snake","Snake Skull","Mercury Hourglass","SsserpentHead","Bottled Lightning","Velvet Choker","Meat on the Bone","Bottled Flame","Astrolabe","Blue Candle"],"potions_floor_usage":[42],"damage_taken":[{"damage":6.0,"enemies":"Small Slimes","floor":1.0,"turns":5.0},{"damage":4.0,"enemies":"Cultist","floor":3.0,"turns":6.0},{"damage":4.0,"enemies":"2 Louse","floor":7.0,"turns":3.0},{"damage":0.0,"enemies":"2 Fungi Beasts","floor":10.0,"turns":3.0},{"damage":0.0,"enemies":"Lots of Slimes","floor":13.0,"turns":4.0},{"damage":18.0,"enemies":"Gremlin Nob","floor":14.0,"turns":4.0},{"damage":6.0,"enemies":"Hexaghost","floor":16.0,"turns":9.0},{"damage":4.0,"enemies":"Shell Parasite","floor":18.0,"turns":4.0},{"damage":5.0,"enemies":"3 Byrds","floor":20.0,"turns":4.0},{"damage":8.0,"enemies":"Gremlin Leader","floor":23.0,"turns":7.0},{"damage":5.0,"enemies":"Centurion and Healer","floor":25.0,"turns":5.0},{"damage":4.0,"enemies":"Cultist and Chosen","floor":28.0,"turns":6.0},{"damage":0.0,"enemies":"Chosen and Byrds","floor":29.0,"turns":7.0},{"damage":15.0,"enemies":"Centurion and Healer","floor":30.0,"turns":6.0},{"damage":45.0,"enemies":"Automaton","floor":33.0,"turns":7.0},{"damage":0.0,"enemies":"Orb Walker","floor":35.0,"turns":3.0},{"damage":15.0,"enemies":"3 Darklings","floor":38.0,"turns":9.0},{"damage":0.0,"enemies":"Nemesis","floor":40.0,"turns":7.0},{"damage":71,"enemies":"Reptomancer","floor":42,"turns":4}],"seed_played":"-8883465002359099758","potions_obtained":[{"floor":1.0,"key":"Energy Potion"},{"floor":2.0,"key":"FairyPotion"},{"floor":10.0,"key":"Regen Potion"},{"floor":13.0,"key":"Fruit Juice"},{"floor":18.0,"key":"Fruit Juice"},{"floor":20.0,"key":"Poison Potion"},{"floor":22.0,"key":"Regen Potion"},{"floor":22.0,"key":"Fire Potion"},{"floor":23.0,"key":"Dexterity Potion"},{"floor":38.0,"key":"EntropicBrew"},{"floor":40.0,"key":"Dexterity Potion"}],"is_trial":false,"path_per_floor":["M","?","M","?","$","R","M","R","T","M","R","?","M","E","R","B",null,"M","$","M","?","?","E","R","M","T","R","M","M","M","?","R","B",null,"M","?","?","M","?","E","R","E"],"character_chosen":"THE_SILENT","items_purchased":["Snake Skull","Bouncing Flask","Backflip"],"campfire_rested":3,"item_purchase_floors":[5,5,19],"current_hp_per_floor":[53,53,49,49,49,49,45,45,45,45,45,45,50,32,53,62,69,65,70,65,65,65,71,71,66,66,66,62,62,47,47,69,36,66,66,66,66,51,37,49,71,0],"gold":722,"neow_bonus":"HUNDRED_GOLD","is_prod":false,"is_daily":false,"chose_seed":false,"campfire_upgraded":5,"win_rate":0,"timestamp":1542359328,"path_taken":["M","?","?","?","$","R","M","R","T","M","R","?","?","E","R","BOSS","M","$","M","?","?","E","R","?","T","R","M","?","M","?","R","BOSS","M","?","?","M","?","E","R","E"],"build_version":"2018-11-15","purchased_purges":1,"victory":false,"max_hp_per_floor":[66,66,66,66,66,66,66,66,66,66,66,66,71,71,71,71,71,71,76,76,76,76,76,76,76,76,76,76,76,76,76,76,76,76,76,76,76,76,76,76,76,76],"card_choices":[{"not_picked":["Setup","Dodge and Roll","Prepared"],"picked":"SKIP","floor":1.0},{"not_picked":["Masterful Stab","Sucker Punch","Calculated Gamble"],"picked":"SKIP","floor":3.0},{"not_picked":["Outmaneuver","Expertise","Flying Knee"],"picked":"SKIP","floor":7.0},{"not_picked":["Dagger Throw","Acrobatics"],"picked":"PiercingWail","floor":10.0},{"not_picked":["Dagger Throw","Flechettes","Calculated Gamble"],"picked":"SKIP","floor":13.0},{"not_picked":["Expertise","Cloak And Dagger"],"picked":"Backflip","floor":14.0},{"not_picked":["Corpse Explosion","Night Terror"],"picked":"Adrenaline","floor":16.0},{"not_picked":["Escape Plan","Quick Slash"],"picked":"Noxious Fumes","floor":18.0},{"not_picked":["Outmaneuver+1","Slice"],"picked":"Catalyst","floor":20.0},{"not_picked":["Poisoned Stab","Outmaneuver"],"picked":"Leg Sweep","floor":23.0},{"not_picked":["Accuracy","Dash","Setup+1"],"picked":"SKIP","floor":25.0},{"not_picked":["Dash","Bouncing Flask"],"picked":"Malaise","floor":28.0},{"not_picked":["Backflip","Slice+1"],"picked":"Crippling Poison","floor":29.0},{"not_picked":["Quick Slash","All Out Attack","Terror"],"picked":"SKIP","floor":30.0},{"not_picked":["Grand Finale","Envenom"],"picked":"Malaise","floor":33.0},{"not_picked":["Finisher","Poisoned Stab","All Out Attack"],"picked":"SKIP","floor":35.0},{"not_picked":["Reflex","Quick Slash","Setup"],"picked":"SKIP","floor":38.0},{"not_picked":["Dodge and Roll","Dagger Throw","Poisoned Stab+1"],"picked":"SKIP","floor":40.0}],"player_experience":649737,"relics_obtained":[{"floor":9.0,"key":"Mercury Hourglass"},{"floor":14.0,"key":"Bottled Lightning"},{"floor":23.0,"key":"Meat on the Bone"},{"floor":26.0,"key":"Bottled Flame"},{"floor":40.0,"key":"Blue Candle"}],"event_choices":[{"damage_healed":0.0,"max_hp_gain":0.0,"max_hp_loss":0.0,"gold_gain":0.0,"event_name":"The Woman in Blue","player_choice":"Bought 1 Potion","floor":2.0,"gold_loss":0.0,"damage_taken":0.0},{"damage_healed":0.0,"max_hp_gain":0.0,"max_hp_loss":0.0,"gold_gain":0.0,"event_name":"The Cleric","player_choice":"Leave","floor":4.0,"gold_loss":0.0,"damage_taken":0.0},{"damage_healed":0.0,"max_hp_gain":0.0,"max_hp_loss":0.0,"gold_gain":0.0,"event_name":"FaceTrader","player_choice":"Trade","floor":12.0,"gold_loss":0.0,"damage_taken":0.0,"relics_obtained":["SsserpentHead"]},{"cards_removed":["Strike_G"],"damage_healed":0.0,"max_hp_gain":0.0,"max_hp_loss":0.0,"gold_gain":0.0,"event_name":"Beggar","player_choice":"Gave Gold","floor":21.0,"gold_loss":75.0,"damage_taken":0.0},{"damage_healed":0.0,"max_hp_gain":0.0,"max_hp_loss":0.0,"gold_gain":0.0,"event_name":"Lab","player_choice":"Got Potions","floor":22.0,"gold_loss":0.0,"damage_taken":0.0},{"damage_healed":0.0,"max_hp_gain":0.0,"max_hp_loss":0.0,"gold_gain":0.0,"event_name":"Back to Basics","player_choice":"Simplicity","floor":31.0,"gold_loss":0.0,"damage_taken":0.0,"cards_upgraded":["Defend_G","Defend_G","Defend_G","Defend_G","Defend_G","Strike_G","Strike_G","Strike_G"]},{"damage_healed":0.0,"max_hp_gain":0.0,"max_hp_loss":0.0,"gold_gain":0.0,"event_name":"SensoryStone","player_choice":"Memory 1","floor":36.0,"gold_loss":0.0,"damage_taken":0.0},{"cards_removed":["Finisher"],"damage_healed":0.0,"max_hp_gain":0.0,"max_hp_loss":0.0,"gold_gain":0.0,"event_name":"Falling","player_choice":"Removed Attack","floor":37.0,"gold_loss":0.0,"damage_taken":0.0},{"damage_healed":0.0,"max_hp_gain":0.0,"max_hp_loss":0.0,"gold_gain":0.0,"event_name":"Winding Halls","player_choice":"Embrace Madness","floor":39.0,"gold_loss":0.0,"damage_taken":14.0,"cards_obtained":["Madness","Madness"]}],"is_beta":false,"boss_relics":[{"not_picked":["Philosopher\u0027s Stone","Calling Bell"],"picked":"Velvet Choker"},{"not_picked":["White Beast Statue","Black Star"],"picked":"Astrolabe"}],"items_purged_floors":[19],"is_endless":false,"potions_floor_spawned":[1,10,13,18,20,23,38,40],"killed_by":"Reptomancer","ascension_level":20}