{"path_per_floor":["M","?","M","M","?","R","M","R","T","M","M","M","M","?","R","B",null,"M","$","?","M","?","R","T","R","T","M","?","M","R","M","R","B",null,"M","?","?","$","M","R","M","R","T","M","$","M","M","M","R","B"],"character_chosen":"IRONCLAD","items_purchased":["Bronze Scales","Bag of Marbles","Apotheosis","Blood Vial","Singing Bowl","Fire Breathing"],"gold_per_floor":[112,187,203,223,173,173,193,193,193,205,223,239,256,318,318,415,415,435,135,235,255,286,286,286,286,286,302,302,322,322,336,336,437,437,450,672,672,99,109,109,123,123,199,209,209,226,240,259,259,259],"floor_reached":51,"campfire_rested":2,"playtime":1439,"current_hp_per_floor":[80,69,75,80,80,80,79,79,79,80,80,80,80,80,80,80,80,64,64,64,63,64,64,64,64,64,55,55,48,72,78,78,22,83,83,83,83,83,60,60,66,66,76,86,86,49,57,65,97,25],"items_purged":[],"gold":259,"score":770,"play_id":"5daee9ed-ef6d-456c-963b-5f239084dbbe","local_time":"20180511122513","is_prod":false,"is_daily":false,"chose_seed":false,"is_ascension_mode":false,"campfire_upgraded":8,"timestamp":1526005513,"path_taken":["M","?","M","M","?","R","M","R","T","?","M","M","M","?","R","BOSS","M","$","?","?","?","R","?","R","T","M","?","M","R","M","R","BOSS","M","?","?","$","M","R","M","R","T","?","$","?","M","M","R","BOSS"],"build_version":"2018-05-10","seed_source_timestamp":3813829742430,"purchased_purges":0,"victory":true,"master_deck":["Strike_R+1","Strike_R","Strike_R","Strike_R","Strike_R","Defend_R","Defend_R","Defend_R+1","Bash+1","Clash+1","Cleave+1","Cleave","Clash+1","Clash","Clash","Clash","Feed+1","Clash","Anger","Pommel Strike","Cleave","Iron Wave","Clash+1","Fire Breathing+1","Clash","Demon Form","Pommel Strike","Fire Breathing+1","Apotheosis+1","Fire Breathing+1","Iron Wave"],"max_hp_per_floor":[80,80,80,80,80,80,80,80,80,80,80,80,80,80,80,80,80,80,80,80,83,83,83,83,83,83,83,83,83,83,83,83,83,83,83,83,83,83,85,85,85,85,95,97,97,99,101,107,107,107],"relics":["Burning Blood","Mercury Hourglass","Mummified Hand","Orrery","Bronze Scales","Bag of Marbles","Red Mask","Bottled Lightning","Meat on the Bone","Lizard Tail","Blood Vial","Singing Bowl","Pear"],"card_choices":[{"not_picked":["Flex","Cleave"],"picked":"Clash","floor":1},{"not_picked":["Disarm","Armaments"],"picked":"Cleave","floor":3},{"not_picked":["Havoc","Searing Blow"],"picked":"Cleave","floor":4},{"not_picked":["Berserk","Clothesline"],"picked":"Clash","floor":7},{"not_picked":["Intimidate","Sword Boomerang"],"picked":"Clash","floor":10},{"not_picked":["Warcry","Anger"],"picked":"Clash","floor":13},{"not_picked":["Wild Strike","Bludgeon"],"picked":"Clash","floor":14},{"not_picked":["Juggernaut","Immolate"],"picked":"Feed","floor":16},{"not_picked":["Twin Strike","Heavy Blade"],"picked":"Clash","floor":17},{"not_picked":["Twin Strike","Wild Strike"],"picked":"Anger","floor":17},{"not_picked":["Headbutt","Second Wind"],"picked":"Pommel Strike","floor":17},{"not_picked":["Heavy Blade","Headbutt"],"picked":"Cleave","floor":17},{"not_picked":["Blood for Blood","True Grit"],"picked":"Iron Wave","floor":17},{"not_picked":["Wild Strike","Corruption"],"picked":"Clash","floor":22},{"not_picked":["Wild Strike","Seeing Red"],"picked":"Fire Breathing","floor":27},{"not_picked":["Sentinel","Pommel Strike"],"picked":"Clash","floor":29},{"not_picked":["Berserk","Exhume"],"picked":"Demon Form","floor":33},{"not_picked":["Disarm","Heavy Blade"],"picked":"Pommel Strike","floor":35},{"not_picked":["Perfected Strike","Warcry"],"picked":"Iron Wave","floor":41}],"player_experience":208475,"potions_floor_usage":[14,18,18,22,33,39,41,44],"damage_taken":[{"damage":1,"enemies":"Jaw Worm","floor":1,"turns":4},{"damage":0,"enemies":"Small Slimes","floor":3,"turns":3},{"damage":1,"enemies":"Cultist","floor":4,"turns":3},{"damage":7,"enemies":"3 Louse","floor":7,"turns":3},{"damage":1,"enemies":"2 Fungi Beasts","floor":10,"turns":2},{"damage":3,"enemies":"Red Slaver","floor":11,"turns":2},{"damage":0,"enemies":"3 Louse","floor":12,"turns":1},{"damage":4,"enemies":"2 Fungi Beasts","floor":13,"turns":2},{"damage":0,"enemies":"Gremlin Nob","floor":14,"turns":2},{"damage":0,"enemies":"Slime Boss","floor":16,"turns":3},{"damage":22,"enemies":"3 Byrds","floor":18,"turns":3},{"damage":10,"enemies":"2 Thieves","floor":21,"turns":3},{"damage":5,"enemies":"Masked Bandits","floor":22,"turns":2},{"damage":15,"enemies":"Snecko","floor":27,"turns":3},{"damage":25,"enemies":"Sentry and Sphere","floor":29,"turns":3},{"damage":0,"enemies":"Snake Plant","floor":31,"turns":2},{"damage":74,"enemies":"Automaton","floor":33,"turns":7},{"damage":0,"enemies":"Orb Walker","floor":35,"turns":2},{"damage":31,"enemies":"3 Darklings","floor":39,"turns":4},{"damage":2,"enemies":"Sphere and 2 Shapes","floor":41,"turns":3},{"damage":0,"enemies":"Flame Bruiser 2 Orb","floor":44,"turns":3},{"damage":59,"enemies":"Maw","floor":46,"turns":7},{"damage":14,"enemies":"3 Darklings","floor":47,"turns":4},{"damage":18,"enemies":"Spire Growth","floor":48,"turns":3},{"damage":92,"enemies":"Donu and Deca","floor":50,"turns":7}],"event_choices":[{"event_name":"World of Goop","player_choice":"Gather Gold","floor":2,"damage_taken":0},{"event_name":"The Cleric","player_choice":"Card Removal","floor":5,"damage_taken":0},{"event_name":"Dead Adventurer","player_choice":"Searched \u00273\u0027 times","floor":14,"damage_taken":0},{"event_name":"Golden Shrine","player_choice":"Pray","floor":20,"damage_taken":0},{"event_name":"Masked Bandits","player_choice":"Fought over 255 gold","floor":22,"damage_taken":0},{"event_name":"Ghosts","player_choice":"Ignored","floor":28,"damage_taken":0},{"event_name":"Tomb of Lord Red Mask","player_choice":"Wore Mask","floor":36,"damage_taken":0},{"event_name":"Duplicator","player_choice":"One dupe","floor":37,"damage_taken":0}],"boss_relics":[{"not_picked":["Runic Cube","Mark of Pain"],"picked":"Orrery"},{"not_picked":["Eternal Feather","Runic Pyramid"],"picked":"Lizard Tail"}],"potions_floor_spawned":[3,10,12,14,16,18,21,33,39,41],"seed_played":"-1784696267910611032","ascension_level":0,"is_trial":false}