{"gold_per_floor":[109,109,109,119,139,139,159,172,172,128,138,7,7,33,33,33],"floor_reached":16,"playtime":485,"items_purged":["Strike_B"],"score":204,"play_id":"d5486283-0c29-4b8c-8d54-206b1ec87532","local_time":"20190220205151","is_ascension_mode":true,"campfire_choices":[{"data":"Consume","floor":6,"key":"SMITH"},{"data":"Dualcast","floor":13,"key":"SMITH"},{"floor":15,"key":"REST"}],"neow_cost":"NONE","seed_source_timestamp":1248994865486500,"circlet_count":0,"master_deck":["AscendersBane","Strike_B","Strike_B","Defend_B","Defend_B+1","Defend_B","Defend_B","Zap+1","Dualcast+1","Ball Lightning","Hologram","Consume+1","Cold Snap","FTL","Static Discharge","Coolheaded","Stack"],"relics":["Cracked Core","Question Card","Ginger"],"potions_floor_usage":[14,14],"damage_taken":[{"damage":7,"enemies":"Jaw Worm","floor":1,"turns":3},{"damage":4,"enemies":"Small Slimes","floor":4,"turns":3},{"damage":0,"enemies":"2 Louse","floor":5,"turns":4},{"damage":0,"enemies":"Blue Slaver","floor":7,"turns":4},{"damage":12,"enemies":"Red Slaver","floor":8,"turns":3},{"damage":2,"enemies":"2 Fungi Beasts","floor":11,"turns":4},{"damage":13,"enemies":"3 Sentries","floor":14,"turns":6},{"damage":26,"enemies":"Hexaghost","floor":16,"turns":9}],"seed_played":"5582480284416331013","potions_obtained":[{"floor":1,"key":"SmokeBomb"},{"floor":4,"key":"SpeedPotion"},{"floor":8,"key":"PowerPotion"},{"floor":14,"key":"FearPotion"}],"is_trial":false,"path_per_floor":["M","?","?","M","M","R","M","M","T","?","M","$","R","E","R","B"],"character_chosen":"DEFECT","items_purchased":["Coolheaded"],"campfire_rested":1,"item_purchase_floors":[12],"current_hp_per_floor":[64,41,34,30,30,30,30,18,18,18,16,16,16,3,26,0],"gold":33,"neow_bonus":"TEN_PERCENT_HP_BONUS","is_prod":false,"is_daily":false,"chose_seed":false,"campfire_upgraded":2,"win_rate":0,"timestamp":1550724711,"path_taken":["M","?","?","M","M","R","M","M","T","?","?","?","R","E","R","BOSS"],"build_version":"2019-01-23","purchased_purges":1,"victory":false,"max_hp_per_floor":[78,78,78,78,78,78,78,78,78,78,78,78,78,78,78,78],"card_choices":[{"not_picked":["Self Repair","Doom and Gloom"],"picked":"Ball Lightning","floor":1},{"not_picked":["Sweeping Beam","Fusion"],"picked":"Hologram","floor":4},{"not_picked":["Force Field","Tempest"],"picked":"Consume","floor":5},{"not_picked":["Skim","Gash"],"picked":"Cold Snap","floor":7},{"not_picked":["Hello World","Redo"],"picked":"FTL","floor":8},{"not_picked":["Double Energy","Leap","Fusion"],"picked":"Static Discharge","floor":11},{"not_picked":["Steam Power","Gash","Sweeping Beam"],"picked":"Stack","floor":14}],"player_experience":748171,"relics_obtained":[{"floor":9,"key":"Question Card"},{"floor":14,"key":"Ginger"}],"event_choices":[{"damage_healed":0,"gold_gain":0,"player_choice":"Entered Light","damage_taken":23,"max_hp_gain":0,"max_hp_loss":0,"event_name":"Shining Light","floor":2,"gold_loss":0,"cards_upgraded":["Defend_B","Zap"]},{"cards_removed":["Strike_B"],"damage_healed":0,"gold_gain":0,"player_choice":"Card Removal","damage_taken":7,"max_hp_gain":0,"max_hp_loss":0,"event_name":"Golden Wing","floor":3,"gold_loss":0},{"damage_healed":0,"gold_gain":0,"player_choice":"Left Gold","damage_taken":0,"max_hp_gain":0,"max_hp_loss":0,"event_name":"World of Goop","floor":10,"gold_loss":44}],"is_beta":false,"boss_relics":[],"items_purged_floors":[12],"is_endless":false,"potions_floor_spawned":[1,4,8,14],"killed_by":"Hexaghost","ascension_level":20}