{"path_per_floor":["M","?","?","M","M","?","M","$","T","R","M","?","M","M","R"],"character_chosen":"THE_SILENT","items_purchased":["Ninja Scroll","Backstab"],"gold_per_floor":[117,292,292,304,314,314,328,28,96,96,114,114,128,149,149,149],"floor_reached":16,"campfire_rested":1,"playtime":1063,"current_hp_per_floor":[70,70,70,70,70,65,62,62,62,62,61,48,45,45,64,0],"items_purged":[],"gold":149,"score":94,"play_id":"8d13fd85-64f4-4d0a-9bb8-6ba919406b2d","local_time":"20180404192810","is_prod":false,"is_daily":false,"is_ascension_mode":false,"campfire_upgraded":1,"timestamp":1522834090,"path_taken":["M","?","?","M","M","?","?","$","T","R","M","?","M","M","R","BOSS"],"build_version":"2018-03-29v2","purchased_purges":0,"victory":false,"master_deck":["Defend_G","Defend_G","Defend_G","Defend_G","Defend_G","Strike_G+1","Strike_G","Strike_G+1","Strike_G","Strike_G","Survivor","Neutralize","Bane+1","Doubt","Bane+1","Dodge and Roll","Dagger Spray+1","Backstab","Backflip","Accuracy","Dagger Throw"],"max_hp_per_floor":[70,70,70,70,70,65,65,65,65,65,65,65,65,65,65,65],"relics":["Ring of the Snake","Golden Idol","Ninja Scroll","Bottled Flame"],"card_choices":[{"not_picked":["Acrobatics","Prepared"],"picked":"Bane","floor":1},{"not_picked":["Prepared","After Image"],"picked":"Bane","floor":4},{"not_picked":["Expertise","Outmaneuver"],"picked":"Dodge and Roll","floor":5},{"not_picked":["Slice","Bane"],"picked":"Dagger Spray","floor":7},{"not_picked":["Malaise","Acrobatics"],"picked":"Backflip","floor":11},{"not_picked":["Bane","Dodge and Roll"],"picked":"Accuracy","floor":13},{"not_picked":["Footwork","Acrobatics"],"picked":"Dagger Throw","floor":14}],"player_experience":79696,"potions_floor_usage":[16,16],"damage_taken":[{"damage":0,"enemies":"Small Slimes","floor":1,"turns":4},{"damage":0,"enemies":"2 Louse","floor":4,"turns":2},{"damage":0,"enemies":"Cultist","floor":5,"turns":5},{"damage":3,"enemies":"2 Fungi Beasts","floor":7,"turns":5},{"damage":1,"enemies":"Large Slime","floor":11,"turns":4},{"damage":3,"enemies":"Red Slaver","floor":13,"turns":2},{"damage":0,"enemies":"3 Louse","floor":14,"turns":1},{"damage":64,"enemies":"Hexaghost","floor":16,"turns":11}],"event_choices":[{"event_name":"Liars Game","player_choice":"agreed","floor":2,"damage_taken":0},{"event_name":"Living Wall","player_choice":"Grow","floor":3,"damage_taken":0},{"event_name":"Golden Idol","player_choice":"Lose Max HP","floor":6,"damage_taken":0},{"event_name":"Shining Light","player_choice":"Entered Light","floor":12,"damage_taken":0}],"boss_relics":[],"potions_floor_spawned":[4,11,13,14],"seed_played":"3216189560791157059","killed_by":"Hexaghost","ascension_level":0,"is_trial":false}