{"gold_per_floor":[119,119,135,153,172,198,198,228,274,296,296,296,296,324,324,429,429,439,24,49,49,4],"floor_reached":22,"playtime":1759,"items_purged":["Defend_B"],"score":320,"play_id":"65df85b8-2ef2-4d6b-8688-1cffa676b894","local_time":"20190212173654","is_ascension_mode":true,"campfire_choices":[{"data":"Defragment","floor":7.0,"key":"SMITH"},{"data":"Zap","floor":11.0,"key":"SMITH"},{"data":"Conserve Battery","floor":13.0,"key":"SMITH"},{"data":"Amplify","floor":15.0,"key":"SMITH"}],"neow_cost":"TEN_PERCENT_HP_LOSS","seed_source_timestamp":0,"circlet_count":0,"master_deck":["AscendersBane","Strike_B","Strike_B","Strike_B+1","Defend_B","Defend_B","Defend_B","Zap+1","Dualcast+1","Ball Lightning","Genetic Algorithm","FTL+1","Conserve Battery+1","Leap","Defragment+1","Amplify+1","Steam","Ball Lightning","Buffer","Heatsinks","Storm","Steam"],"special_seed":0,"relics":["Cracked Core","Bird Faced Urn","Dream Catcher","Bottled Tornado","Regal Pillow","Odd Mushroom","Whetstone","Philosopher\u0027s Stone","Mummified Hand"],"potions_floor_usage":[22],"damage_taken":[{"damage":1.0,"enemies":"Cultist","floor":1.0,"turns":4.0},{"damage":2.0,"enemies":"Jaw Worm","floor":3.0,"turns":3.0},{"damage":1.0,"enemies":"2 Louse","floor":4.0,"turns":2.0},{"damage":1.0,"enemies":"Lots of Slimes","floor":5.0,"turns":4.0},{"damage":15.0,"enemies":"3 Sentries","floor":6.0,"turns":8.0},{"damage":12.0,"enemies":"Gremlin Nob","floor":8.0,"turns":4.0},{"damage":0.0,"enemies":"The Mushroom Lair","floor":10.0,"turns":2.0},{"damage":4.0,"enemies":"Lagavulin","floor":14.0,"turns":5.0},{"damage":14.0,"enemies":"Hexaghost","floor":16.0,"turns":9.0},{"damage":55.0,"enemies":"3 Byrds","floor":18.0,"turns":5.0},{"damage":24,"enemies":"2 Thieves","floor":22,"turns":2}],"seed_played":"6185751219940350254","potions_obtained":[{"floor":1.0,"key":"SpeedPotion"},{"floor":4.0,"key":"Weak Potion"},{"floor":6.0,"key":"Weak Potion"},{"floor":8.0,"key":"PowerPotion"},{"floor":10.0,"key":"Ancient Potion"},{"floor":18.0,"key":"LiquidBronze"}],"is_trial":false,"path_per_floor":["M","?","M","M","M","E","R","E","T","?","R","?","R","E","R","B",null,"M","$","T","$","M"],"character_chosen":"DEFECT","items_purchased":["Mummified Hand","Storm","Steam"],"campfire_rested":0,"item_purchase_floors":[19,19,19],"current_hp_per_floor":[67,67,65,64,63,48,48,38,38,42,42,42,42,40,40,28,58,9,9,9,9,0],"gold":4,"neow_bonus":"ONE_RARE_RELIC","is_prod":false,"is_daily":false,"chose_seed":false,"campfire_upgraded":4,"win_rate":0,"timestamp":1550011014,"path_taken":["M","?","M","M","M","E","R","E","T","?","R","?","R","E","R","BOSS","M","?","?","?","M"],"build_version":"2019-01-23","purchased_purges":1,"victory":false,"max_hp_per_floor":[68,68,68,68,68,68,68,68,68,68,68,68,68,68,68,68,68,68,68,68,68,68],"card_choices":[{"not_picked":["Force Field","Cold Snap"],"picked":"Ball Lightning","floor":1.0},{"not_picked":["Coolheaded","Reprogram"],"picked":"FTL","floor":3.0},{"not_picked":["Gash","Hologram"],"picked":"Conserve Battery","floor":4.0},{"not_picked":["Beam Cell","Barrage"],"picked":"Leap","floor":5.0},{"not_picked":["White Noise","Barrage"],"picked":"Defragment","floor":6.0},{"not_picked":["Go for the Eyes","Steam"],"picked":"Amplify","floor":8.0},{"not_picked":["Compile Driver","Ball Lightning"],"picked":"Steam","floor":10.0},{"not_picked":["Multi-Cast","Tempest"],"picked":"Ball Lightning","floor":14.0},{"not_picked":["Multi-Cast","Thunder Strike"],"picked":"Buffer","floor":16.0},{"not_picked":["Beam Cell+1","Turbo+1"],"picked":"Heatsinks","floor":18.0}],"player_experience":406498,"relics_obtained":[{"floor":6.0,"key":"Dream Catcher"},{"floor":8.0,"key":"Bottled Tornado"},{"floor":9.0,"key":"Regal Pillow"},{"floor":10.0,"key":"Odd Mushroom"},{"floor":14.0,"key":"Whetstone"}],"event_choices":[{"damage_healed":0.0,"max_hp_gain":0.0,"max_hp_loss":0.0,"gold_gain":0.0,"cards_transformed":["Strike_B"],"event_name":"Living Wall","player_choice":"Change","floor":2.0,"gold_loss":0.0,"damage_taken":0.0,"cards_obtained":["Genetic Algorithm"]},{"damage_healed":0.0,"max_hp_gain":0.0,"max_hp_loss":0.0,"gold_gain":0.0,"event_name":"Mushrooms","player_choice":"Fought Mushrooms","floor":10.0,"gold_loss":0.0,"damage_taken":0.0},{"damage_healed":0.0,"max_hp_gain":0.0,"max_hp_loss":0.0,"gold_gain":0.0,"event_name":"Accursed Blacksmith","player_choice":"Forge","floor":12.0,"gold_loss":0.0,"damage_taken":0.0,"cards_upgraded":["Dualcast"]}],"is_beta":false,"boss_relics":[{"not_picked":["Orrery","FrozenCore"],"picked":"Philosopher\u0027s Stone"}],"items_purged_floors":[19],"is_endless":false,"potions_floor_spawned":[1,4,6,8,10,18],"killed_by":"2 Thieves","ascension_level":12}