{"gold_per_floor":[114,114,133,151,162,195,217,217,217,217,65,65,65,84,84,214,214,230,246,246,2,28,71,89,108,108,108,139,71,71,90,90,218,281,302,302,358,373,373,373,416,437,437,437,437,511,536,586,586,586],"floor_reached":50,"playtime":1806,"items_purged":[],"score":614,"play_id":"ed71ec4f-bc4e-4085-884c-cdce1815b621","local_time":"20190127181423","is_ascension_mode":true,"campfire_choices":[{"floor":8,"key":"RECALL"},{"floor":10,"key":"REST"},{"floor":12,"key":"REST"},{"data":"Double Tap","floor":15,"key":"SMITH"},{"floor":30,"key":"REST"},{"data":"Inflame","floor":32,"key":"SMITH"},{"data":"Demon Form","floor":40,"key":"SMITH"},{"floor":45,"key":"REST"},{"floor":49,"key":"REST"}],"neow_cost":"NONE","seed_source_timestamp":1621937079699026,"circlet_count":0,"master_deck":["Strike_R","Strike_R","Strike_R","Strike_R","Strike_R","Defend_R+1","Defend_R","Defend_R+1","Defend_R","Bash","Armaments+1","Inflame+1","Heavy Blade","Headbutt","Headbutt+1","Double Tap+1","Mind Blast+1","Whirlwind+1","Clothesline+1","Fiend Fire+1","Rampage+1","Iron Wave+1","Double Tap+1","Inflame+1","Cleave+1","Twin Strike+1","Demon Form+1","Bloodletting","Dropkick+1","Clothesline+1","Limit Break+1","Pommel Strike+1","Cleave+1","Madness","Madness","Battle Trance+1","Twin Strike+1","Carnage+1","Havoc+1","Flex","Perfected Strike+1"],"relics":["Burning Blood","Bag of Marbles","Molten Egg 2","Odd Mushroom","Golden Idol","Mark of Pain","Bottled Tornado","Vajra","Du-Vu Doll","Mercury Hourglass","Gambling Chip","Tiny House","Magic Flower","War Paint","Red Skull","Pantograph","SsserpentHead"],"potions_floor_usage":[23,41,50],"damage_taken":[{"damage":2,"enemies":"Jaw Worm","floor":1,"turns":3},{"damage":6,"enemies":"Cultist","floor":3,"turns":3},{"damage":2,"enemies":"2 Louse","floor":4,"turns":3},{"damage":5,"enemies":"Large Slime","floor":5,"turns":5},{"damage":27,"enemies":"3 Sentries","floor":6,"turns":8},{"damage":32,"enemies":"The Mushroom Lair","floor":7,"turns":4},{"damage":0,"enemies":"Exordium Wildlife","floor":14,"turns":1},{"damage":12,"enemies":"Slime Boss","floor":16,"turns":7},{"damage":14,"enemies":"Chosen","floor":18,"turns":4},{"damage":6,"enemies":"Spheric Guardian","floor":19,"turns":3},{"damage":8,"enemies":"Gremlin Leader","floor":23,"turns":6},{"damage":10,"enemies":"Snecko","floor":24,"turns":3},{"damage":6,"enemies":"Shelled Parasite and Fungi","floor":25,"turns":2},{"damage":22,"enemies":"Book of Stabbing","floor":28,"turns":4},{"damage":0,"enemies":"3 Cultists","floor":31,"turns":2},{"damage":72,"enemies":"Champ","floor":33,"turns":6},{"damage":9,"enemies":"3 Darklings","floor":35,"turns":3},{"damage":23,"enemies":"2 Orb Walkers","floor":37,"turns":3},{"damage":3,"enemies":"3 Shapes","floor":38,"turns":1},{"damage":48,"enemies":"Giant Head","floor":41,"turns":7},{"damage":0,"enemies":"Spire Growth","floor":42,"turns":1},{"damage":25,"enemies":"Sphere and 2 Shapes","floor":46,"turns":3},{"damage":0,"enemies":"Jaw Worm Horde","floor":47,"turns":1},{"damage":123,"enemies":"Awakened One","floor":50,"turns":6}],"seed_played":"854821551206597990","potions_obtained":[{"floor":1,"key":"Ancient Potion"},{"floor":3,"key":"Energy Potion"},{"floor":4,"key":"LiquidBronze"},{"floor":6,"key":"Block Potion"},{"floor":25,"key":"EssenceOfSteel"},{"floor":38,"key":"SkillPotion"},{"floor":42,"key":"SkillPotion"}],"is_trial":false,"path_per_floor":["M","?","M","M","M","E","?","R","T","R","$","R","?","M","R","B",null,"M","M","?","$","T","E","M","M","T","?","E","$","R","M","R","B",null,"M","?","?","M","T","R","E","M","T","?","R","M","M","?","R","B"],"character_chosen":"IRONCLAD","items_purchased":["Mind Blast+1","Whirlwind+1","Bottled Tornado","Dropkick+1"],"campfire_rested":5,"item_purchase_floors":[11,11,21,29],"current_hp_per_floor":[80,80,80,80,80,59,33,33,33,57,57,80,60,66,66,60,80,72,72,72,72,72,70,66,66,66,66,50,50,74,80,80,14,85,82,71,54,60,60,60,21,30,30,30,55,39,48,48,73,0],"gold":586,"neow_bonus":"RANDOM_COMMON_RELIC","is_prod":false,"is_daily":false,"chose_seed":false,"campfire_upgraded":3,"win_rate":0,"timestamp":1548630863,"path_taken":["M","?","M","M","?","E","?","R","T","R","$","R","?","M","R","BOSS","M","M","?","$","?","E","M","M","T","?","E","$","R","M","R","BOSS","M","?","?","M","?","R","E","M","T","?","R","?","M","?","R","BOSS"],"build_version":"2019-01-23","purchased_purges":0,"victory":false,"max_hp_per_floor":[80,80,80,80,80,80,80,80,80,80,80,80,80,80,80,80,80,80,80,80,80,80,80,80,80,80,80,80,80,80,80,80,80,85,85,85,85,85,85,85,85,85,85,85,85,85,85,85,85,85],"card_choices":[{"not_picked":["Disarm","Second Wind"],"picked":"Armaments","floor":1},{"not_picked":["Sword Boomerang","Shockwave"],"picked":"Inflame","floor":3},{"not_picked":["Dual Wield","Armaments"],"picked":"Heavy Blade","floor":4},{"not_picked":["Fire Breathing","Havoc"],"picked":"Headbutt","floor":5},{"not_picked":["Flame Barrier","Battle Trance"],"picked":"Headbutt","floor":6},{"not_picked":["Disarm","Heavy Blade+1"],"picked":"Double Tap","floor":7},{"not_picked":["Pommel Strike+1","Shrug It Off"],"picked":"Clothesline+1","floor":14},{"not_picked":["Brutality","Reaper+1"],"picked":"Fiend Fire+1","floor":16},{"not_picked":["Flame Barrier","Havoc"],"picked":"Rampage+1","floor":18},{"not_picked":["Blood for Blood+1","Havoc+1"],"picked":"Iron Wave+1","floor":19},{"not_picked":["Wild Strike+1","Pummel+1"],"picked":"Inflame+1","floor":23},{"not_picked":["Iron Wave+1","Armaments"],"picked":"Cleave+1","floor":24},{"not_picked":["Wild Strike+1","Havoc"],"picked":"Twin Strike+1","floor":25},{"not_picked":["Dual Wield","Exhume"],"picked":"Bloodletting","floor":28},{"not_picked":["Havoc","Sever Soul+1"],"picked":"Clothesline+1","floor":31},{"not_picked":["Offering","Feed+1"],"picked":"Limit Break","floor":33},{"not_picked":["Anger+1","Sever Soul+1"],"picked":"Pommel Strike+1","floor":34},{"not_picked":["Sentinel","Havoc+1"],"picked":"Cleave+1","floor":35},{"not_picked":["Searing Blow+1","Bloodletting"],"picked":"Battle Trance+1","floor":37},{"not_picked":["Havoc+1","Shockwave+1"],"picked":"Twin Strike+1","floor":38},{"not_picked":["Anger+1","Corruption"],"picked":"Carnage+1","floor":41},{"not_picked":["Armaments+1","Berserk"],"picked":"Havoc+1","floor":42},{"not_picked":["Rupture+1","Corruption"],"picked":"Flex","floor":46},{"not_picked":["Battle Trance+1","Twin Strike+1"],"picked":"Perfected Strike+1","floor":47}],"player_experience":108451,"relics_obtained":[{"floor":6,"key":"Molten Egg 2"},{"floor":7,"key":"Odd Mushroom"},{"floor":22,"key":"Vajra"},{"floor":23,"key":"Du-Vu Doll"},{"floor":26,"key":"Mercury Hourglass"},{"floor":28,"key":"Gambling Chip"},{"floor":37,"key":"Magic Flower"},{"floor":39,"key":"War Paint"},{"floor":41,"key":"Red Skull"},{"floor":43,"key":"Pantograph"}],"event_choices":[{"damage_healed":0,"gold_gain":0,"player_choice":"Upgraded","damage_taken":0,"max_hp_gain":0,"max_hp_loss":0,"event_name":"Upgrade Shrine","floor":2,"gold_loss":0,"cards_upgraded":["Armaments"]},{"damage_healed":0,"gold_gain":0,"player_choice":"Fought Mushrooms","damage_taken":0,"max_hp_gain":0,"max_hp_loss":0,"event_name":"Mushrooms","floor":7,"gold_loss":0},{"damage_healed":0,"gold_gain":0,"player_choice":"Take Damage","damage_taken":20,"relics_obtained":["Golden Idol"],"max_hp_gain":0,"max_hp_loss":0,"event_name":"Golden Idol","floor":13,"gold_loss":0},{"damage_healed":0,"gold_gain":0,"player_choice":"Copied","damage_taken":0,"max_hp_gain":0,"max_hp_loss":0,"event_name":"Duplicator","floor":20,"gold_loss":0,"cards_obtained":["Double Tap"]},{"damage_healed":0,"gold_gain":0,"player_choice":"Read","damage_taken":0,"max_hp_gain":0,"max_hp_loss":0,"event_name":"The Library","floor":27,"gold_loss":0,"cards_obtained":["Demon Form"]},{"damage_healed":0,"gold_gain":0,"player_choice":"Embrace Madness","damage_taken":11,"max_hp_gain":0,"max_hp_loss":0,"event_name":"Winding Halls","floor":36,"gold_loss":0,"cards_obtained":["Madness","Madness"]},{"damage_healed":0,"gold_gain":0,"player_choice":"Fight","damage_taken":0,"max_hp_gain":0,"max_hp_loss":0,"event_name":"Mysterious Sphere","floor":37,"gold_loss":0},{"damage_healed":0,"gold_gain":0,"player_choice":"Trade","damage_taken":0,"relics_obtained":["SsserpentHead"],"max_hp_gain":0,"max_hp_loss":0,"event_name":"FaceTrader","floor":44,"gold_loss":0},{"damage_healed":0,"gold_gain":0,"player_choice":"Ignored","damage_taken":0,"max_hp_gain":0,"max_hp_loss":0,"event_name":"Tomb of Lord Red Mask","floor":48,"gold_loss":0}],"is_beta":false,"boss_relics":[{"not_picked":["Runic Dome","Orrery"],"picked":"Mark of Pain"},{"not_picked":["Fusion Hammer","Sozu"],"picked":"Tiny House"}],"items_purged_floors":[],"is_endless":false,"potions_floor_spawned":[1,3,4,6,19,25,31,38,42,46],"killed_by":"Awakened One","ascension_level":2}