{"gold_per_floor":[116,133,151,163,163,163,194,119,119,136,154,186,186,198,198,301,301,315,315,330,347,362,362,377,179,179,192,47,47,65,85,85,85],"floor_reached":33,"playtime":1421,"items_purged":["Defend_R","Bash"],"score":315,"play_id":"282c5bae-368d-4175-9431-29b3052839c4","local_time":"20181209013241","is_ascension_mode":false,"campfire_choices":[{"floor":6,"key":"REST"},{"floor":15,"key":"REST"},{"floor":23,"key":"REST"},{"floor":29,"key":"REST"},{"floor":32,"key":"REST"}],"neow_cost":"NONE","seed_source_timestamp":788142316403223,"circlet_count":0,"master_deck":["Strike_R","Strike_R","Strike_R","Strike_R","Strike_R","Defend_R","Defend_R","Twin Strike","Twin Strike","Double Tap","Pommel Strike","Pommel Strike","Pommel Strike","Twin Strike","Twin Strike","Wild Strike","Clash","Twin Strike","Perfected Strike","Pommel Strike"],"relics":["Burning Blood","NeowsBlessing","Dodecahedron","Dream Catcher","Self Forming Clay","Bag of Marbles","Orrery","Sundial","Ancient Tea Set"],"potions_floor_usage":[4,7,14,16,18,20,21,27,30,33],"damage_taken":[{"damage":0,"enemies":"Small Slimes","floor":1,"turns":1},{"damage":0,"enemies":"2 Louse","floor":2,"turns":1},{"damage":0,"enemies":"Cultist","floor":3,"turns":1},{"damage":0,"enemies":"3 Louse","floor":4,"turns":5},{"damage":6,"enemies":"Gremlin Nob","floor":7,"turns":3},{"damage":5,"enemies":"Looter","floor":10,"turns":3},{"damage":8,"enemies":"Gremlin Gang","floor":11,"turns":4},{"damage":30,"enemies":"3 Sentries","floor":12,"turns":8},{"damage":3,"enemies":"Lots of Slimes","floor":14,"turns":3},{"damage":46,"enemies":"The Guardian","floor":16,"turns":6},{"damage":0,"enemies":"3 Byrds","floor":18,"turns":4},{"damage":12,"enemies":"2 Thieves","floor":20,"turns":3},{"damage":26,"enemies":"Cultist and Chosen","floor":21,"turns":5},{"damage":43,"enemies":"Sentry and Sphere","floor":22,"turns":6},{"damage":21,"enemies":"Snake Plant","floor":24,"turns":2},{"damage":1,"enemies":"Shelled Parasite and Fungi","floor":27,"turns":2},{"damage":0,"enemies":"Cultist and Chosen","floor":30,"turns":3},{"damage":5,"enemies":"Chosen and Byrds","floor":31,"turns":3},{"damage":92,"enemies":"Champ","floor":33,"turns":9}],"seed_played":"-2384821458221288062","potions_obtained":[{"floor":2,"key":"EssenceOfSteel"},{"floor":4,"key":"Fire Potion"},{"floor":12,"key":"Block Potion"},{"floor":14,"key":"Poison Potion"},{"floor":16,"key":"PowerPotion"},{"floor":18,"key":"AttackPotion"},{"floor":20,"key":"FearPotion"},{"floor":31,"key":"Poison Potion"}],"is_trial":false,"path_per_floor":["M","M","M","M","?","R","E","$","T","M","M","E","?","M","R","B",null,"M","?","M","M","M","R","M","$","T","M","$","R","M","M","R","B"],"character_chosen":"IRONCLAD","items_purchased":["Block Potion","AttackPotion","Ancient Tea Set"],"campfire_rested":5,"item_purchase_floors":[25,25,28],"current_hp_per_floor":[80,80,80,80,68,80,80,80,80,80,78,54,54,57,80,40,80,80,80,74,54,17,41,26,26,26,31,31,55,61,62,80,0],"gold":85,"neow_bonus":"THREE_ENEMY_KILL","is_prod":false,"is_daily":false,"chose_seed":false,"campfire_upgraded":0,"win_rate":0,"timestamp":1544337161,"path_taken":["M","M","M","M","?","R","E","$","T","M","M","E","?","M","R","BOSS","M","?","M","M","M","R","M","$","T","M","$","R","M","M","R","BOSS"],"build_version":"2018-12-06","purchased_purges":2,"victory":false,"max_hp_per_floor":[80,80,80,80,80,80,80,80,80,80,80,80,80,80,80,80,80,80,80,80,80,80,80,80,80,80,80,80,80,80,80,80,80],"card_choices":[{"not_picked":["Flex","Heavy Blade"],"picked":"Twin Strike","floor":1},{"not_picked":["Sword Boomerang","Clash"],"picked":"Twin Strike","floor":2},{"not_picked":["Heavy Blade","Havoc","Dual Wield"],"picked":"SKIP","floor":3},{"not_picked":["Rage","Intimidate","Burning Pact"],"picked":"SKIP","floor":4},{"not_picked":["Pummel","Rampage"],"picked":"Double Tap","floor":7},{"not_picked":["Rampage","Dual Wield"],"picked":"Pommel Strike","floor":10},{"not_picked":["Body Slam","Disarm","Pummel"],"picked":"SKIP","floor":11},{"not_picked":["Combust","Dropkick"],"picked":"Pommel Strike","floor":12},{"not_picked":["Clothesline","Flex"],"picked":"Pommel Strike","floor":14},{"not_picked":["Clash","Seeing Red"],"picked":"Twin Strike","floor":15},{"not_picked":["Shockwave","Combust"],"picked":"Twin Strike","floor":17},{"not_picked":["Warcry","Havoc"],"picked":"Wild Strike","floor":17},{"not_picked":["Combust","Sword Boomerang"],"picked":"Clash","floor":17},{"not_picked":["Thunderclap","Shockwave","Searing Blow"],"picked":"SKIP","floor":18},{"not_picked":["Warcry+1","Anger"],"picked":"Twin Strike","floor":20},{"not_picked":["Infernal Blade","Cleave+1","True Grit+1"],"picked":"SKIP","floor":21},{"not_picked":["Pommel Strike+1","Fire Breathing"],"picked":"Perfected Strike","floor":22},{"not_picked":["Blood for Blood","Limit Break"],"picked":"Pommel Strike","floor":24},{"not_picked":["Intimidate","Sword Boomerang+1","Dual Wield"],"picked":"SKIP","floor":27},{"not_picked":["Sword Boomerang","Bloodletting","Evolve+1"],"picked":"SKIP","floor":30},{"not_picked":["Ghostly Armor","Body Slam+1","Infernal Blade"],"picked":"SKIP","floor":31}],"player_experience":206168,"relics_obtained":[{"floor":7,"key":"Dream Catcher"},{"floor":9,"key":"Self Forming Clay"},{"floor":12,"key":"Bag of Marbles"},{"floor":26,"key":"Sundial"}],"event_choices":[{"damage_healed":0,"gold_gain":0,"player_choice":"Success","damage_taken":12,"relics_obtained":["Dodecahedron"],"max_hp_gain":0,"max_hp_loss":0,"event_name":"Scrap Ooze","floor":5,"gold_loss":0},{"cards_removed":["Defend_R"],"damage_healed":0,"gold_gain":0,"player_choice":"Forget","damage_taken":0,"max_hp_gain":0,"max_hp_loss":0,"event_name":"Living Wall","floor":13,"gold_loss":0},{"damage_healed":0,"gold_gain":0,"player_choice":"Ignored","damage_taken":0,"max_hp_gain":0,"max_hp_loss":0,"event_name":"Ghosts","floor":19,"gold_loss":0}],"is_beta":false,"boss_relics":[{"not_picked":["Empty Cage","Eternal Feather"],"picked":"Orrery"}],"items_purged_floors":[8,25],"is_endless":false,"potions_floor_spawned":[2,4,12,14,16,18,20,31],"killed_by":"Champ","ascension_level":0}