{"gold_per_floor":[109,109,121,152,111,123,148,200,280,15,35,55,70,70,70,166,166,190,213,213,233,9,9],"floor_reached":23,"playtime":914,"items_purged":[],"score":347,"play_id":"90ea56c0-d23e-4f0d-b17b-29d3c6f9caae","local_time":"20190216111126","is_ascension_mode":true,"campfire_choices":[{"floor":6,"key":"REST"},{"data":"Heavy Blade","floor":15,"key":"SMITH"}],"neow_cost":"PERCENT_DAMAGE","seed_source_timestamp":1092093525008915,"circlet_count":0,"master_deck":["AscendersBane","Strike_R","Strike_R","Strike_R","Defend_R","Defend_R","Defend_R","Defend_R","Bash","Demon Form","Heavy Blade+1","Clothesline","Reaper","Shrug It Off","Battle Trance","Heavy Blade","Thunderclap","Mayhem","True Grit"],"relics":["Burning Blood","MawBank","Golden Idol","Ice Cream","Blue Candle","Lantern","Empty Cage"],"potions_floor_usage":[11,12,23],"damage_taken":[{"damage":1,"enemies":"Cultist","floor":1,"turns":4},{"damage":12,"enemies":"2 Louse","floor":4,"turns":4},{"damage":9,"enemies":"Small Slimes","floor":7,"turns":4},{"damage":20,"enemies":"Lagavulin","floor":8,"turns":6},{"damage":3,"enemies":"Exordium Wildlife","floor":11,"turns":5},{"damage":17,"enemies":"3 Louse","floor":12,"turns":4},{"damage":9,"enemies":"2 Fungi Beasts","floor":13,"turns":4},{"damage":22,"enemies":"Hexaghost","floor":16,"turns":9},{"damage":16,"enemies":"Chosen","floor":18,"turns":5},{"damage":65,"enemies":"3 Byrds","floor":19,"turns":6},{"damage":28,"enemies":"Snecko","floor":21,"turns":5},{"damage":78,"enemies":"Slavers","floor":23,"turns":4}],"seed_played":"-227303315356760191","potions_obtained":[{"floor":4,"key":"EssenceOfSteel"},{"floor":8,"key":"BloodPotion"},{"floor":12,"key":"Strength Potion"},{"floor":13,"key":"Ancient Potion"},{"floor":21,"key":"Ancient Potion"}],"is_trial":false,"path_per_floor":["M","?","?","M","?","R","M","E","T","$","M","M","M","?","R","B",null,"M","M","?","M","$","E"],"character_chosen":"IRONCLAD","items_purchased":["Shrug It Off","Lantern","Battle Trance","Mayhem","True Grit"],"campfire_rested":1,"item_purchase_floors":[10,10,10,22,22],"current_hp_per_floor":[55,44,18,12,12,34,31,17,17,17,31,36,37,42,42,26,67,57,12,80,58,58,0],"gold":9,"neow_bonus":"THREE_RARE_CARDS","is_prod":false,"is_daily":false,"chose_seed":false,"campfire_upgraded":1,"win_rate":0,"timestamp":1550275886,"path_taken":["M","?","?","M","?","R","M","E","T","$","?","M","M","?","R","BOSS","M","M","?","?","$","E"],"build_version":"2019-01-23","purchased_purges":0,"victory":false,"max_hp_per_floor":[75,75,75,75,75,75,75,75,75,75,75,75,75,80,80,80,80,80,80,80,80,80,80],"card_choices":[{"not_picked":["Dark Embrace","Feed"],"picked":"Demon Form","floor":0},{"not_picked":["Havoc","Wild Strike"],"picked":"Heavy Blade","floor":1},{"not_picked":["Rampage","Immolate","Cleave"],"picked":"SKIP","floor":4},{"not_picked":["Reckless Charge","Anger"],"picked":"Clothesline","floor":7},{"not_picked":["Dark Embrace","Reaper","Perfected Strike"],"picked":"SKIP","floor":8},{"not_picked":["Dark Embrace","Perfected Strike"],"picked":"Reaper","floor":8},{"not_picked":["Combust","Pommel Strike"],"picked":"Heavy Blade","floor":11},{"not_picked":["Flex","Corruption","Cleave"],"picked":"SKIP","floor":12},{"not_picked":["Feel No Pain","Pommel Strike","Clash"],"picked":"SKIP","floor":13},{"not_picked":["Heavy Blade","Wild Strike"],"picked":"Thunderclap","floor":18},{"not_picked":["Headbutt","Blood for Blood+1"],"picked":"Infernal Blade+1","floor":19},{"not_picked":["Body Slam","Iron Wave","Pommel Strike+1"],"picked":"SKIP","floor":21},{"not_picked":["Body Slam","Iron Wave","Pommel Strike+1"],"picked":"SKIP","floor":21}],"player_experience":717335,"relics_obtained":[{"floor":8,"key":"Ice Cream"},{"floor":9,"key":"Blue Candle"}],"event_choices":[{"damage_healed":0,"gold_gain":0,"player_choice":"Success","damage_taken":11,"relics_obtained":["MawBank"],"max_hp_gain":0,"max_hp_loss":0,"event_name":"Scrap Ooze","floor":2,"gold_loss":0},{"damage_healed":0,"gold_gain":0,"player_choice":"Take Damage","damage_taken":26,"relics_obtained":["Golden Idol"],"max_hp_gain":0,"max_hp_loss":0,"event_name":"Golden Idol","floor":3,"gold_loss":0},{"damage_healed":0,"gold_gain":0,"player_choice":"Left Gold","damage_taken":0,"max_hp_gain":0,"max_hp_loss":0,"event_name":"World of Goop","floor":5,"gold_loss":53},{"damage_healed":0,"gold_gain":0,"player_choice":"Donut","damage_taken":0,"max_hp_gain":5,"max_hp_loss":0,"event_name":"Big Fish","floor":14,"gold_loss":0},{"cards_removed":["Infernal Blade"],"damage_healed":68,"gold_gain":0,"player_choice":"Offered Uncommon","damage_taken":0,"max_hp_gain":0,"max_hp_loss":0,"event_name":"Bonfire Elementals","floor":20,"gold_loss":0}],"is_beta":false,"boss_relics":[{"not_picked":["Orrery","Philosopher\u0027s Stone"],"picked":"Empty Cage"}],"items_purged_floors":[],"is_endless":false,"potions_floor_spawned":[4,8,12,13,18,21],"killed_by":"Slavers","ascension_level":16}