{"path_per_floor":["M","M","M","$","M","R","M","E","T","R","?","M","E","M","R","B",null,"M","M"],"character_chosen":"IRONCLAD","items_purchased":["Orichalcum"],"gold_per_floor":[117,136,146,0,12,12,26,57,105,105,105,117,146,165,165,270,270,290,310,310],"floor_reached":20,"campfire_rested":0,"playtime":1330,"current_hp_per_floor":[80,80,79,79,70,70,68,60,60,60,60,57,43,39,39,30,80,74,61,31],"items_purged":[],"gold":310,"score":226,"play_id":"51b93622-76d3-448f-8d7a-37cf91e7484c","local_time":"20180411180536","is_prod":false,"is_daily":false,"is_ascension_mode":true,"campfire_upgraded":3,"timestamp":1523462736,"path_taken":["M","M","M","$","M","R","M","E","T","R","?","?","E","M","R","BOSS","M","M","M"],"build_version":"2018-04-05v2","purchased_purges":0,"victory":false,"master_deck":["Strike_R","Strike_R","Strike_R","Strike_R","Defend_R","Defend_R","Defend_R","Defend_R","Bash+1","Shockwave+1","Feel No Pain","Clothesline+1","Pommel Strike","Headbutt","Limit Break+1","Inflame","Warcry","Reaper","Shockwave+1","Shrug It Off"],"max_hp_per_floor":[80,80,80,80,80,80,80,80,80,80,80,80,80,80,80,80,80,80,80,80],"relics":["Burning Blood","Orichalcum","Pen Nib","Oddly Smooth Stone","Champion Belt","Black Star"],"card_choices":[{"not_picked":["Armaments","Cleave"],"picked":"Shockwave","floor":1.0},{"not_picked":["Flame Barrier","True Grit"],"picked":"Feel No Pain","floor":2.0},{"not_picked":["Combust","Havoc"],"picked":"Clothesline","floor":3.0},{"not_picked":["Sword Boomerang","Carnage"],"picked":"Pommel Strike","floor":5.0},{"not_picked":["Searing Blow","Sword Boomerang"],"picked":"Headbutt","floor":8.0},{"not_picked":["Anger","Body Slam"],"picked":"Limit Break","floor":12.0},{"not_picked":["Perfected Strike","Battle Trance"],"picked":"Inflame","floor":13.0},{"not_picked":["Whirlwind","Havoc"],"picked":"Warcry","floor":14.0},{"not_picked":["Demon Form","Double Tap"],"picked":"Reaper","floor":16.0},{"not_picked":["Pommel Strike","Body Slam"],"picked":"Shockwave","floor":18},{"not_picked":["Wild Strike","Carnage"],"picked":"Shrug It Off","floor":19}],"player_experience":191145,"potions_floor_usage":[],"damage_taken":[{"damage":6.0,"enemies":"Jaw Worm","floor":1.0,"turns":4.0},{"damage":4.0,"enemies":"2 Louse","floor":2.0,"turns":3.0},{"damage":7.0,"enemies":"Small Slimes","floor":3.0,"turns":5.0},{"damage":15.0,"enemies":"Red Slaver","floor":5.0,"turns":4.0},{"damage":8.0,"enemies":"Gremlin Gang","floor":7.0,"turns":6.0},{"damage":14.0,"enemies":"3 Sentries","floor":8.0,"turns":9.0},{"damage":9.0,"enemies":"Lots of Slimes","floor":12.0,"turns":3.0},{"damage":20.0,"enemies":"Lagavulin","floor":13.0,"turns":5.0},{"damage":10.0,"enemies":"Blue Slaver","floor":14.0,"turns":3.0},{"damage":30.0,"enemies":"Slime Boss","floor":16.0,"turns":8.0},{"damage":24,"enemies":"Shell Parasite","floor":18,"turns":6},{"damage":19,"enemies":"2 Thieves","floor":19,"turns":5},{"damage":36,"enemies":"Snake Plant","floor":20,"turns":5}],"event_choices":[{"event_name":"Living Wall","player_choice":"Forget","floor":11.0,"damage_taken":0.0}],"boss_relics":[{"not_picked":["Velvet Choker","Tiny House"],"picked":"Black Star"}],"potions_floor_spawned":[2,3,7,13,19],"seed_played":"6200981864375987024","killed_by":"Snake Plant","ascension_level":4,"is_trial":false}