{"gold_per_floor":[113,127,202,202,52,52,110,123,123,151,99,116,151,167,167,267,267,281,298,150,150,167,167,167,167,167,167],"floor_reached":27,"playtime":2560,"items_purged":[],"score":257,"play_id":"aa597d86-1b2a-4531-98f1-9b6c474ecf95","local_time":"20190120215910","is_ascension_mode":true,"campfire_choices":[{"floor":6,"key":"RECALL"},{"floor":15,"key":"REST"},{"data":"Demon Form","floor":23,"key":"SMITH"}],"neow_cost":"NONE","seed_source_timestamp":1029870616085030,"circlet_count":0,"master_deck":["Defend_R","Defend_R","Defend_R","Defend_R","Bash","Offering","Headbutt","Heavy Blade","Iron Wave","Second Wind","Twin Strike","Shrug It Off","Havoc","Demon Form+1","Wild Strike","Fiend Fire","Pummel","Clash+1","RitualDagger","Flex+1","Necronomicurse","Bite","Bite","Bite","Bite","Bite"],"relics":["Burning Blood","PreservedInsect","Pantograph","Bronze Scales","Mark of Pain","Potion Belt","Necronomicon","Dodecahedron"],"potions_floor_usage":[],"damage_taken":[{"damage":6,"enemies":"Small Slimes","floor":1,"turns":3},{"damage":4,"enemies":"2 Louse","floor":2,"turns":3},{"damage":32,"enemies":"3 Sentries","floor":7,"turns":6},{"damage":1,"enemies":"Jaw Worm","floor":8,"turns":3},{"damage":14,"enemies":"Gremlin Nob","floor":10,"turns":3},{"damage":6,"enemies":"Large Slime","floor":12,"turns":3},{"damage":19,"enemies":"3 Sentries","floor":13,"turns":5},{"damage":5,"enemies":"3 Louse","floor":14,"turns":4},{"damage":45,"enemies":"Hexaghost","floor":16,"turns":6},{"damage":16,"enemies":"Spheric Guardian","floor":18,"turns":4},{"damage":5,"enemies":"Chosen","floor":19,"turns":4},{"damage":13,"enemies":"Snecko","floor":22,"turns":5},{"damage":59,"enemies":"Gremlin Leader","floor":27,"turns":4}],"seed_played":"-9023649144168682133","potions_obtained":[{"floor":10,"key":"SteroidPotion"},{"floor":12,"key":"Fire Potion"},{"floor":14,"key":"Poison Potion"},{"floor":18,"key":"EssenceOfSteel"},{"floor":22,"key":"Swift Potion"}],"is_trial":false,"path_per_floor":["M","M","?","?","$","R","?","M","T","E","$","M","E","M","R","B",null,"M","M","$","?","M","R","?","?","T","E"],"character_chosen":"IRONCLAD","items_purchased":["PreservedInsect","Shrug It Off","Potion Belt"],"campfire_rested":1,"item_purchase_floors":[5,11,20],"current_hp_per_floor":[80,80,69,69,69,69,43,48,48,40,40,40,27,30,54,41,80,70,73,73,67,62,62,46,46,46,0],"gold":167,"neow_bonus":"ONE_RANDOM_RARE_CARD","is_prod":false,"is_daily":false,"chose_seed":false,"campfire_upgraded":1,"win_rate":0,"timestamp":1548039550,"path_taken":["M","M","?","?","$","R","?","M","T","E","$","M","E","M","R","BOSS","M","M","$","?","M","R","?","?","T","E"],"build_version":"2019-01-17v2","purchased_purges":0,"victory":false,"max_hp_per_floor":[80,80,80,80,80,80,80,80,80,80,80,80,80,80,80,80,80,80,80,80,80,80,80,80,80,80,80],"card_choices":[{"not_picked":["Thunderclap","Armaments"],"picked":"Headbutt","floor":1},{"not_picked":["Disarm","Anger"],"picked":"Heavy Blade","floor":2},{"not_picked":["Thunderclap","Headbutt"],"picked":"Iron Wave","floor":7},{"not_picked":["Corruption","Thunderclap"],"picked":"Second Wind","floor":8},{"not_picked":["Heavy Blade","Rage"],"picked":"Twin Strike","floor":10},{"not_picked":["Entrench","Body Slam"],"picked":"Havoc","floor":12},{"not_picked":["Flame Barrier","Anger"],"picked":"Demon Form","floor":13},{"not_picked":["Shockwave","Blood for Blood"],"picked":"Wild Strike","floor":14},{"not_picked":["Impervious","Brutality"],"picked":"Fiend Fire","floor":16},{"not_picked":["Combust","Rage+1"],"picked":"Pummel","floor":18},{"not_picked":["Rage","Thunderclap+1"],"picked":"Clash+1","floor":19},{"not_picked":["Disarm","Shrug It Off"],"picked":"Flex+1","floor":22}],"player_experience":86718,"relics_obtained":[{"floor":7,"key":"Pantograph"},{"floor":10,"key":"Bronze Scales"},{"floor":13,"key":"Blood Vial"},{"floor":24,"key":"Necronomicon"},{"floor":26,"key":"Dodecahedron"}],"event_choices":[{"damage_healed":0,"gold_gain":75,"player_choice":"Gather Gold","damage_taken":11,"max_hp_gain":0,"max_hp_loss":0,"event_name":"World of Goop","floor":3,"gold_loss":0},{"damage_healed":0,"gold_gain":0,"player_choice":"Leave","damage_taken":0,"max_hp_gain":0,"max_hp_loss":0,"event_name":"The Cleric","floor":4,"gold_loss":0},{"damage_healed":0,"gold_gain":0,"player_choice":"Searched \u00272\u0027 times","damage_taken":0,"max_hp_gain":0,"max_hp_loss":0,"event_name":"Dead Adventurer","floor":7,"gold_loss":0},{"damage_healed":0,"gold_gain":0,"player_choice":"Joined the Cult","damage_taken":6,"max_hp_gain":0,"max_hp_loss":0,"event_name":"Nest","floor":21,"gold_loss":0,"cards_obtained":["RitualDagger"]},{"damage_healed":0,"gold_gain":0,"player_choice":"Obtained Book","damage_taken":16,"max_hp_gain":0,"max_hp_loss":0,"event_name":"Cursed Tome","floor":24,"gold_loss":0},{"damage_healed":0,"gold_gain":0,"player_choice":"Became a vampire (Vial)","damage_taken":0,"max_hp_gain":0,"max_hp_loss":0,"event_name":"Vampires","floor":25,"relics_lost":["Blood Vial"],"gold_loss":0,"cards_obtained":["Bite","Bite","Bite","Bite","Bite"]}],"is_beta":false,"boss_relics":[{"not_picked":["Runic Cube","Snecko Eye"],"picked":"Mark of Pain"}],"items_purged_floors":[],"is_endless":false,"potions_floor_spawned":[10,12,14,18,22],"killed_by":"Gremlin Leader","ascension_level":1}