{"gold_per_floor":[119,119,139,155,174,174,199,199,199,219,246,274,306,321,321,425,425,436,449,286,305,127,127,147,163,163,181,181,215,215,235,235,335,335,349,449,463,463,476,508,23,73,123,150,150,179,179,194,194,194,194,194,36,70,70],"floor_reached":56,"playtime":4800,"items_purged":["Strike_B","Strike_B","Strike_B"],"score":1732,"play_id":"19ac3557-16a6-47ef-b523-f70b518eaae2","local_time":"20190131222758","is_ascension_mode":true,"campfire_choices":[{"data":"Dualcast","floor":6.0,"key":"SMITH"},{"floor":8.0,"key":"REST"},{"floor":15.0,"key":"REST"},{"data":"Hologram","floor":23.0,"key":"SMITH"},{"floor":28.0,"key":"REST"},{"data":"Rainbow","floor":32.0,"key":"SMITH"},{"floor":47.0,"key":"RECALL"},{"floor":49.0,"key":"DIG"},{"floor":52.0,"key":"DIG"}],"neow_cost":"NONE","seed_source_timestamp":665929000019671,"circlet_count":0,"master_deck":["Defend_B","Defend_B","Defend_B","Defend_B","Zap+1","Dualcast+1","Ball Lightning+1","Beam Cell","Biased Cognition","FTL+1","Machine Learning+1","Reinforced Body","Hologram+1","Steam","Conserve Battery","Loop+1","Biased Cognition+1","Go for the Eyes+1","Chill","Hello World+1","Cold Snap","Compile Driver+1","Loop+1","Capacitor+1","Compile Driver","Self Repair+1","Rainbow+1","Creative AI+1","Steam+1","Machine Learning+1","Glacier","Amplify","Glacier","Storm+1","Loop+1","Coolheaded+1","Echo Form+1","FTL","Hologram+1"],"special_seed":0,"relics":["Cracked Core","Frozen Egg 2","Matryoshka","Mummified Hand","Odd Mushroom","Du-Vu Doll","Nuclear Battery","The Courier","Nloth\u0027s Gift","Coffee Dripper","Bird Faced Urn","Bag of Preparation","Art of War","Centennial Puzzle","Shovel","Blood Vial","Whetstone","Dream Catcher","Pantograph","Calipers","Symbiotic Virus","OrangePellets","Anchor"],"potions_floor_usage":[55],"damage_taken":[{"damage":2.0,"enemies":"2 Louse","floor":1.0,"turns":2.0},{"damage":1.0,"enemies":"Cultist","floor":3.0,"turns":3.0},{"damage":7.0,"enemies":"Jaw Worm","floor":4.0,"turns":3.0},{"damage":6.0,"enemies":"Lots of Slimes","floor":5.0,"turns":2.0},{"damage":15.0,"enemies":"3 Sentries","floor":7.0,"turns":4.0},{"damage":12.0,"enemies":"Exordium Wildlife","floor":10.0,"turns":3.0},{"damage":8.0,"enemies":"Gremlin Nob","floor":11.0,"turns":3.0},{"damage":8.0,"enemies":"The Mushroom Lair","floor":12.0,"turns":3.0},{"damage":14.0,"enemies":"3 Sentries","floor":13.0,"turns":6.0},{"damage":0.0,"enemies":"Blue Slaver","floor":14.0,"turns":3.0},{"damage":11.0,"enemies":"Hexaghost","floor":16.0,"turns":7.0},{"damage":2.0,"enemies":"Chosen","floor":18.0,"turns":3.0},{"damage":6.0,"enemies":"Spheric Guardian","floor":19.0,"turns":3.0},{"damage":12.0,"enemies":"Centurion and Healer","floor":21.0,"turns":6.0},{"damage":12.0,"enemies":"Snake Plant","floor":24.0,"turns":3.0},{"damage":15.0,"enemies":"Shelled Parasite and Fungi","floor":25.0,"turns":5.0},{"damage":13.0,"enemies":"Chosen and Byrds","floor":27.0,"turns":4.0},{"damage":18.0,"enemies":"Slavers","floor":29.0,"turns":5.0},{"damage":0.0,"enemies":"Snecko","floor":31.0,"turns":4.0},{"damage":0.0,"enemies":"Automaton","floor":33.0,"turns":5.0},{"damage":0.0,"enemies":"3 Shapes","floor":35.0,"turns":4.0},{"damage":17.0,"enemies":"Mind Bloom Boss Battle","floor":36.0,"turns":6.0},{"damage":11.0,"enemies":"Orb Walker","floor":37.0,"turns":4.0},{"damage":0.0,"enemies":"Maw","floor":39.0,"turns":6.0},{"damage":5.0,"enemies":"Giant Head","floor":40.0,"turns":7.0},{"damage":2.0,"enemies":"2 Orb Walkers","floor":42.0,"turns":4.0},{"damage":38.0,"enemies":"Reptomancer","floor":44.0,"turns":5.0},{"damage":28.0,"enemies":"Nemesis","floor":46.0,"turns":5.0},{"damage":0.0,"enemies":"Spire Growth","floor":48.0,"turns":4.0},{"damage":21.0,"enemies":"Time Eater","floor":50.0,"turns":5.0},{"damage":30.0,"enemies":"Shield and Spear","floor":54.0,"turns":5.0},{"damage":0,"enemies":"The Heart","floor":55,"turns":6}],"seed_played":"8468156156837522947","potions_obtained":[{"floor":1.0,"key":"Swift Potion"},{"floor":4.0,"key":"PowerPotion"},{"floor":11.0,"key":"Block Potion"},{"floor":16.0,"key":"Ancient Potion"},{"floor":19.0,"key":"FearPotion"},{"floor":24.0,"key":"SpeedPotion"},{"floor":27.0,"key":"PowerPotion"},{"floor":29.0,"key":"PowerPotion"},{"floor":33.0,"key":"SpeedPotion"},{"floor":35.0,"key":"Regen Potion"}],"is_trial":false,"path_per_floor":["M","?","M","M","M","R","E","R","T","M","E","?","E","M","R","B",null,"M","M","$","M","$","R","M","M","T","M","R","E","?","M","R","B",null,"M","?","M","?","M","E","$","?","T","E","?","E","R","M","R","B",null,"R","$","E","B",null],"character_chosen":"DEFECT","items_purchased":["Hello World+1","Cold Snap","Loop+1","Glacier","Art of War","Storm+1","Loop+1","Centennial Puzzle","OrangePellets"],"campfire_rested":3,"item_purchase_floors":[20,20,22,41,41,41,41,41,53],"current_hp_per_floor":[66,66,65,58,52,52,37,59,59,47,39,31,17,17,39,28,63,61,55,55,43,43,43,31,16,16,3,25,7,7,17,17,27,63,73,66,69,69,75,75,75,75,75,67,67,61,61,75,75,72,74,74,74,63,75],"gold":70,"neow_bonus":"UPGRADE_CARD","is_prod":false,"is_daily":false,"chose_seed":false,"campfire_upgraded":3,"win_rate":0,"timestamp":1548991678,"path_taken":["M","?","M","?","M","R","E","R","T","?","E","?","E","M","R","BOSS","M","M","$","M","$","R","M","M","T","M","R","E","?","?","R","BOSS","M","?","M","?","M","E","$","?","T","E","?","E","R","M","R","BOSS","R","$","E","BOSS"],"build_version":"2019-01-23","purchased_purges":3,"victory":true,"max_hp_per_floor":[75,75,75,75,75,75,75,75,75,75,75,75,75,75,75,75,75,75,75,75,75,75,75,75,75,75,75,75,75,75,75,75,75,75,75,75,75,75,75,75,75,75,75,75,75,75,75,75,75,75,75,75,75,75,75],"card_choices":[{"not_picked":["Darkness","Hologram"],"picked":"Ball Lightning","floor":1.0},{"not_picked":["Hello World","Turbo"],"picked":"Beam Cell","floor":3.0},{"not_picked":["Recycle","White Noise"],"picked":"Biased Cognition","floor":4.0},{"not_picked":["Static Discharge","Tempest"],"picked":"FTL","floor":5.0},{"not_picked":["Gash","Heatsinks"],"picked":"Machine Learning","floor":7.0},{"not_picked":["Stack","Compile Driver"],"picked":"Reinforced Body","floor":10.0},{"not_picked":["Beam Cell","Meteor Strike"],"picked":"Hologram","floor":11.0},{"not_picked":["Melter","Leap"],"picked":"Steam","floor":12.0},{"not_picked":["Stack","Redo"],"picked":"Conserve Battery","floor":13.0},{"not_picked":["Go for the Eyes","Streamline"],"picked":"Loop+1","floor":14.0},{"not_picked":["Seek","Fission"],"picked":"Biased Cognition+1","floor":16.0},{"not_picked":["Gash","Lockon"],"picked":"Go for the Eyes+1","floor":18.0},{"not_picked":["Beam Cell","Steam"],"picked":"Chill","floor":19.0},{"not_picked":["Gash","Multi-Cast"],"picked":"Compile Driver+1","floor":21.0},{"not_picked":["Force Field","Go for the Eyes"],"picked":"Capacitor+1","floor":24.0},{"not_picked":["Redo","Gash+1","Cold Snap"],"picked":"SKIP","floor":25.0},{"not_picked":["Rebound","Barrage+1"],"picked":"Compile Driver","floor":27.0},{"not_picked":["Sweeping Beam+1","Redo"],"picked":"Self Repair+1","floor":29.0},{"not_picked":["Steam","Lockon"],"picked":"Rainbow","floor":31.0},{"not_picked":["Seek","Electrodynamics+1"],"picked":"Creative AI+1","floor":33.0},{"not_picked":["Doom and Gloom+1","Sweeping Beam+1","Go for the Eyes"],"picked":"SKIP","floor":35.0},{"not_picked":["Reinforced Body","Blizzard"],"picked":"Steam+1","floor":36.0},{"not_picked":["Sweeping Beam+1","Redo"],"picked":"Machine Learning+1","floor":37.0},{"not_picked":["Conserve Battery","Turbo"],"picked":"Glacier","floor":39.0},{"not_picked":["Stack","Blizzard+1"],"picked":"Amplify","floor":40.0},{"not_picked":["Turbo+1","Amplify"],"picked":"Coolheaded","floor":42.0},{"not_picked":["Turbo+1","Thunder Strike"],"picked":"Echo Form+1","floor":44.0},{"not_picked":["Barrage","Conserve Battery+1"],"picked":"FTL","floor":46.0},{"not_picked":["Sweeping Beam","Barrage+1"],"picked":"Hologram+1","floor":48.0},{"not_picked":["Hyperbeam","Beam Cell+1","Hologram"],"picked":"SKIP","floor":54.0}],"player_experience":289960,"relics_obtained":[{"floor":7.0,"key":"Frozen Egg 2"},{"floor":9.0,"key":"Matryoshka"},{"floor":11.0,"key":"Mummified Hand"},{"floor":12.0,"key":"Odd Mushroom"},{"floor":13.0,"key":"Du-Vu Doll"},{"floor":26.0,"key":"Sundial"},{"floor":29.0,"key":"The Courier"},{"floor":36.0,"key":"Bird Faced Urn"},{"floor":40.0,"key":"Bag of Preparation"},{"floor":42.0,"key":"Shovel"},{"floor":43.0,"key":"Blood Vial"},{"floor":43.0,"key":"Whetstone"},{"floor":44.0,"key":"Dream Catcher"},{"floor":46.0,"key":"Pantograph"},{"floor":49.0,"key":"Calipers"},{"floor":52.0,"key":"Symbiotic Virus"},{"floor":54.0,"key":"Anchor"}],"event_choices":[{"damage_healed":0.0,"max_hp_gain":0.0,"max_hp_loss":0.0,"gold_gain":0.0,"event_name":"The Woman in Blue","player_choice":"Bought 0 Potions","floor":2.0,"gold_loss":0.0,"damage_taken":0.0},{"damage_healed":0.0,"max_hp_gain":0.0,"max_hp_loss":0.0,"gold_gain":0.0,"event_name":"Mushrooms","player_choice":"Fought Mushrooms","floor":12.0,"gold_loss":0.0,"damage_taken":0.0},{"damage_healed":0.0,"max_hp_gain":0.0,"max_hp_loss":0.0,"gold_gain":0.0,"event_name":"N\u0027loth","player_choice":"Traded Relic","floor":30.0,"relics_lost":["Sundial"],"gold_loss":0.0,"damage_taken":0.0,"relics_obtained":["Nloth\u0027s Gift"]},{"damage_healed":0.0,"max_hp_gain":0.0,"max_hp_loss":0.0,"gold_gain":0.0,"event_name":"MindBloom","player_choice":"Fight","floor":36.0,"gold_loss":0.0,"damage_taken":0.0},{"cards_removed":["Strike_B"],"damage_healed":0.0,"max_hp_gain":0.0,"max_hp_loss":0.0,"gold_gain":0.0,"event_name":"Falling","player_choice":"Removed Attack","floor":38.0,"gold_loss":0.0,"damage_taken":0.0},{"damage_healed":0.0,"max_hp_gain":0.0,"max_hp_loss":0.0,"gold_gain":0.0,"event_name":"Mysterious Sphere","player_choice":"Fight","floor":42.0,"gold_loss":0.0,"damage_taken":0.0},{"damage_healed":0.0,"max_hp_gain":0.0,"max_hp_loss":0.0,"gold_gain":0.0,"event_name":"Accursed Blacksmith","player_choice":"Forge","floor":45.0,"gold_loss":0.0,"damage_taken":0.0,"cards_upgraded":["Coolheaded"]}],"is_beta":false,"boss_relics":[{"not_picked":["Inserter","Velvet Choker"],"picked":"Nuclear Battery"},{"not_picked":["Runic Pyramid","Astrolabe"],"picked":"Coffee Dripper"}],"items_purged_floors":[20,22,41],"is_endless":false,"potions_floor_spawned":[1,4,11,16,19,24,27,29,33,35,40,42,44,46,48],"ascension_level":7}