{"gold_per_floor":[118,118,49,49,49,49,87,87,87,111,130,165,165,186,186,315,315,330,353,24,47,65,65,96,96,96,140,239,164,164],"floor_reached":30,"playtime":1728,"items_purged":["Strike_R"],"score":384,"play_id":"b0a5e1ac-433c-4ab8-947b-18d5dd117c93","local_time":"20190303140735","is_ascension_mode":true,"campfire_choices":[{"data":"Bash","floor":6,"key":"SMITH"},{"floor":8,"key":"RECALL"},{"data":"Body Slam","floor":13,"key":"SMITH"},{"data":"Body Slam","floor":15,"key":"SMITH"},{"floor":23,"key":"REST"},{"floor":25,"key":"REST"}],"neow_cost":"NONE","seed_source_timestamp":169000397296585,"circlet_count":0,"master_deck":["Strike_R","Strike_R+1","Defend_R","Defend_R","Defend_R","Defend_R","Bash+1","Warcry","Bludgeon","Impervious+1","Cleave","Thunderclap","Body Slam+1","Flex","Body Slam+1","Feed","Iron Wave","Armaments","Shrug It Off+1","Iron Wave"],"relics":["Burning Blood","NeowsBlessing","Golden Idol","Strawberry","Potion Belt","Lizard Tail","Lee\u0027s Waffle","Champion Belt","Pantograph","Blood Vial"],"potions_floor_usage":[16,16,18,19,21,21,22,24,30],"damage_taken":[{"damage":0,"enemies":"Cultist","floor":1,"turns":1},{"damage":0,"enemies":"Lagavulin","floor":7,"turns":1},{"damage":0,"enemies":"Small Slimes","floor":10,"turns":1},{"damage":2,"enemies":"Jaw Worm","floor":11,"turns":3},{"damage":0,"enemies":"Gremlin Nob","floor":12,"turns":3},{"damage":0,"enemies":"Exordium Wildlife","floor":14,"turns":2},{"damage":52,"enemies":"Hexaghost","floor":16,"turns":8},{"damage":47,"enemies":"2 Thieves","floor":18,"turns":4},{"damage":0,"enemies":"Spheric Guardian","floor":19,"turns":3},{"damage":71,"enemies":"Shelled Parasite and Fungi","floor":21,"turns":10},{"damage":39,"enemies":"Chosen and Byrds","floor":22,"turns":8},{"damage":50,"enemies":"Book of Stabbing","floor":24,"turns":6},{"damage":51,"enemies":"Gremlin Leader","floor":27,"turns":7},{"damage":0,"enemies":"Colosseum Slavers","floor":30,"turns":3},{"damage":61,"enemies":"Colosseum Nobs","floor":30,"turns":6}],"seed_played":"2331234995691677089","potions_obtained":[{"floor":7,"key":"Energy Potion"},{"floor":10,"key":"SkillPotion"},{"floor":16,"key":"EntropicBrew"},{"floor":27,"key":"Block Potion"}],"is_trial":false,"path_per_floor":["M","?","$","?","?","R","E","R","T","M","M","E","R","M","R","B",null,"M","M","$","M","M","R","E","R","T","E","?","?","?"],"character_chosen":"IRONCLAD","items_purchased":["Bludgeon","Lee\u0027s Waffle","Armaments"],"campfire_rested":2,"item_purchase_floors":[3,20,20],"current_hp_per_floor":[80,60,60,60,44,44,57,57,57,63,67,73,73,79,79,33,87,49,55,97,36,56,86,42,72,72,27,27,27,0],"gold":164,"neow_bonus":"THREE_ENEMY_KILL","is_prod":false,"is_daily":false,"chose_seed":false,"campfire_upgraded":3,"win_rate":0,"timestamp":1551632855,"path_taken":["M","?","$","?","?","R","E","R","T","M","M","E","R","?","R","BOSS","M","M","$","M","M","R","E","R","T","E","?","?","?"],"build_version":"2019-01-23","purchased_purges":1,"victory":false,"max_hp_per_floor":[80,80,80,80,80,80,87,87,87,87,87,87,87,87,87,87,87,90,90,97,101,101,101,101,101,101,101,101,101,101],"card_choices":[{"not_picked":["Armaments","Iron Wave"],"picked":"Warcry","floor":1},{"not_picked":["Perfected Strike","Heavy Blade"],"picked":"Cleave","floor":7},{"not_picked":["Second Wind","Perfected Strike"],"picked":"Thunderclap","floor":10},{"not_picked":["Clash","Entrench"],"picked":"Body Slam","floor":11},{"not_picked":["Reaper","Anger"],"picked":"Flex","floor":12},{"not_picked":["Havoc","True Grit"],"picked":"Body Slam","floor":14},{"not_picked":["Offering","Fiend Fire"],"picked":"Feed","floor":16},{"not_picked":["Dropkick+1","Shockwave","Perfected Strike"],"picked":"SKIP","floor":18},{"not_picked":["Perfected Strike","Spot Weakness"],"picked":"Iron Wave","floor":19},{"not_picked":["Anger","Warcry","Heavy Blade"],"picked":"SKIP","floor":21},{"not_picked":["Reckless Charge","Sword Boomerang"],"picked":"Shrug It Off+1","floor":22},{"not_picked":["Hemokinesis+1","Headbutt+1"],"picked":"Iron Wave","floor":24},{"not_picked":["Second Wind+1","Entrench","Carnage"],"picked":"SKIP","floor":27}],"player_experience":157309,"relics_obtained":[{"floor":7,"key":"Strawberry"},{"floor":12,"key":"Potion Belt"},{"floor":24,"key":"Champion Belt"},{"floor":26,"key":"Pantograph"},{"floor":27,"key":"Blood Vial"}],"event_choices":[{"damage_healed":0,"gold_gain":0,"player_choice":"Take Damage","damage_taken":20,"relics_obtained":["Golden Idol"],"max_hp_gain":0,"max_hp_loss":0,"event_name":"Golden Idol","floor":2,"gold_loss":0},{"damage_healed":0,"gold_gain":0,"cards_transformed":["Strike_R"],"player_choice":"Change","damage_taken":0,"max_hp_gain":0,"max_hp_loss":0,"event_name":"Living Wall","floor":4,"gold_loss":0,"cards_obtained":["Impervious"]},{"damage_healed":0,"gold_gain":0,"player_choice":"Entered Light","damage_taken":16,"max_hp_gain":0,"max_hp_loss":0,"event_name":"Shining Light","floor":5,"gold_loss":0,"cards_upgraded":["Impervious","Strike_R"]},{"damage_healed":0,"gold_gain":99,"player_choice":"Stole From Cult","damage_taken":0,"max_hp_gain":0,"max_hp_loss":0,"event_name":"Nest","floor":28,"gold_loss":0},{"cards_removed":["Strike_R"],"damage_healed":0,"gold_gain":0,"player_choice":"Gave Gold","damage_taken":0,"max_hp_gain":0,"max_hp_loss":0,"event_name":"Beggar","floor":29,"gold_loss":75},{"damage_healed":0,"gold_gain":0,"player_choice":"Fight","damage_taken":0,"max_hp_gain":0,"max_hp_loss":0,"event_name":"Colosseum","floor":30,"gold_loss":0},{"damage_healed":0,"gold_gain":0,"player_choice":"Fought Nobs","damage_taken":0,"max_hp_gain":0,"max_hp_loss":0,"event_name":"Colosseum","floor":30,"gold_loss":0}],"is_beta":false,"boss_relics":[{"not_picked":["Fusion Hammer","Empty Cage"],"picked":"Lizard Tail"}],"items_purged_floors":[20],"is_endless":false,"potions_floor_spawned":[7,10,16,27,30],"killed_by":"Colosseum Nobs","ascension_level":2}