{"gold_per_floor":[114,114,126,51,51,51,86,86,112,130,154,197,218,254,254,382,382,405,423,157,157,157,157,157,157,180,180,204,204,227,243,243,243],"floor_reached":33,"playtime":972,"items_purged":["Strike_R","Defend_R"],"score":305,"play_id":"870c3907-d762-43fe-a499-f1af53be4448","local_time":"20190125181018","is_ascension_mode":true,"campfire_choices":[{"data":"Bash","floor":6,"key":"SMITH"},{"floor":8,"key":"REST"},{"data":"Flex","floor":15,"key":"SMITH"},{"data":"Offering","floor":23,"key":"SMITH"},{"data":"Master of Strategy","floor":25,"key":"SMITH"},{"data":"Flex","floor":27,"key":"SMITH"},{"data":"Dropkick","floor":29,"key":"SMITH"},{"floor":32,"key":"REST"}],"neow_cost":"NONE","seed_source_timestamp":1435455013001041,"circlet_count":0,"master_deck":["Strike_R","Strike_R","Strike_R","Defend_R","Defend_R","Defend_R","Bash+1","Flex+1","Dropkick+1","Offering+1","Flex+1","Master of Strategy+1","Dual Wield+1","Thunderclap+1","Clothesline"],"relics":["Burning Blood","NeowsBlessing","Golden Idol","Question Card","Centennial Puzzle","Nunchaku","Frozen Egg 2","Runic Dome","Red Skull"],"potions_floor_usage":[12,16,33,33,33],"damage_taken":[{"damage":0,"enemies":"Jaw Worm","floor":1,"turns":1},{"damage":0,"enemies":"Small Slimes","floor":3,"turns":1},{"damage":0,"enemies":"Lagavulin","floor":7,"turns":1},{"damage":2,"enemies":"2 Louse","floor":10,"turns":5},{"damage":22,"enemies":"Exordium Thugs","floor":11,"turns":6},{"damage":16,"enemies":"Gremlin Nob","floor":12,"turns":3},{"damage":0,"enemies":"3 Louse","floor":13,"turns":4},{"damage":26,"enemies":"Lagavulin","floor":14,"turns":5},{"damage":39,"enemies":"Hexaghost","floor":16,"turns":9},{"damage":23,"enemies":"Spheric Guardian","floor":18,"turns":4},{"damage":6,"enemies":"Shell Parasite","floor":19,"turns":2},{"damage":9,"enemies":"Snecko","floor":28,"turns":3},{"damage":6,"enemies":"Snake Plant","floor":30,"turns":1},{"damage":16,"enemies":"Chosen and Byrds","floor":31,"turns":2},{"damage":6,"enemies":"Automaton","floor":33,"turns":1}],"seed_played":"3663082202269359808","potions_obtained":[{"floor":1,"key":"FearPotion"},{"floor":10,"key":"Fire Potion"},{"floor":11,"key":"SkillPotion"},{"floor":19,"key":"GamblersBrew"},{"floor":28,"key":"Poison Potion"}],"is_trial":false,"path_per_floor":["M","?","M","$","?","R","E","R","T","M","M","E","M","E","R","B",null,"M","M","$","?","?","R","?","R","T","R","M","R","M","M","R","B"],"character_chosen":"IRONCLAD","items_purchased":["Master of Strategy"],"campfire_rested":2,"item_purchase_floors":[20],"current_hp_per_floor":[80,73,79,79,59,59,65,80,80,80,64,54,60,40,40,7,80,63,63,63,63,63,63,63,63,63,63,60,60,60,50,74,68],"gold":243,"neow_bonus":"THREE_ENEMY_KILL","is_prod":false,"is_daily":false,"chose_seed":false,"campfire_upgraded":6,"win_rate":0,"timestamp":1548457818,"path_taken":["M","?","M","$","?","R","E","R","T","M","?","E","M","E","R","BOSS","M","M","$","?","?","R","?","R","T","R","?","R","M","M","R","BOSS"],"build_version":"2019-01-23","purchased_purges":2,"victory":false,"max_hp_per_floor":[80,80,80,80,80,80,80,80,80,80,80,80,80,80,80,80,80,80,80,80,80,80,80,80,80,80,80,80,80,80,80,80,80],"card_choices":[{"not_picked":["Infernal Blade","True Grit","Pommel Strike"],"picked":"SKIP","floor":1},{"not_picked":["Shrug It Off","Heavy Blade","Pommel Strike"],"picked":"SKIP","floor":3},{"not_picked":["Metallicize","Warcry","Cleave"],"picked":"SKIP","floor":7},{"not_picked":["Havoc","Power Through","Rupture","Spot Weakness"],"picked":"SKIP","floor":10},{"not_picked":["Inflame","Exhume","Cleave"],"picked":"Flex","floor":11},{"not_picked":["Inflame","Ghostly Armor","Heavy Blade"],"picked":"Dropkick","floor":12},{"not_picked":["True Grit","Clothesline","Iron Wave","Perfected Strike"],"picked":"SKIP","floor":13},{"not_picked":["Second Wind","Flex","Juggernaut"],"picked":"Offering","floor":14},{"not_picked":["Shrug It Off+1","Sword Boomerang","Clash","Anger"],"picked":"SKIP","floor":18},{"not_picked":["Headbutt+1","Clash+1","Perfected Strike"],"picked":"Flex","floor":19},{"not_picked":["Twin Strike","Shrug It Off","Wild Strike"],"picked":"Thunderclap+1","floor":28},{"not_picked":["Cleave","Dual Wield","Headbutt+1"],"picked":"Clothesline","floor":30},{"not_picked":["Hemokinesis+1","Sword Boomerang","Inflame+1","Havoc"],"picked":"SKIP","floor":31}],"player_experience":510773,"relics_obtained":[{"floor":7,"key":"Question Card"},{"floor":9,"key":"Centennial Puzzle"},{"floor":12,"key":"Nunchaku"},{"floor":14,"key":"Frozen Egg 2"},{"floor":26,"key":"Red Skull"}],"event_choices":[{"cards_removed":["Strike_R"],"damage_healed":0,"gold_gain":0,"player_choice":"Card Removal","damage_taken":7,"max_hp_gain":0,"max_hp_loss":0,"event_name":"Golden Wing","floor":2,"gold_loss":0},{"damage_healed":0,"gold_gain":0,"player_choice":"Take Damage","damage_taken":20,"relics_obtained":["Golden Idol"],"max_hp_gain":0,"max_hp_loss":0,"event_name":"Golden Idol","floor":5,"gold_loss":0},{"damage_healed":0,"gold_gain":0,"player_choice":"Read","damage_taken":0,"max_hp_gain":0,"max_hp_loss":0,"event_name":"The Library","floor":21,"gold_loss":0,"cards_obtained":["Dual Wield"]},{"damage_healed":0,"gold_gain":0,"player_choice":"Ignored","damage_taken":0,"max_hp_gain":0,"max_hp_loss":0,"event_name":"The Mausoleum","floor":22,"gold_loss":0},{"damage_healed":0,"gold_gain":0,"player_choice":"Upgraded","damage_taken":0,"max_hp_gain":0,"max_hp_loss":0,"event_name":"Upgrade Shrine","floor":24,"gold_loss":0,"cards_upgraded":["Dual Wield"]}],"is_beta":true,"boss_relics":[{"not_picked":["Busted Crown","Lizard Tail"],"picked":"Runic Dome"}],"items_purged_floors":[4,20],"is_endless":false,"potions_floor_spawned":[1,10,11,19,28,30],"killed_by":"Automaton","ascension_level":1}