{"gold_per_floor":[117,129,149,161,161,189,189,27,27,27,56,66,126,51,51,128,128,138,150,200,200,200,227,241,241,241,254,266,266,337,372,372,449,449,469,484,497,147,147,172,172,200,250,250,285,308,2,81,81,81],"floor_reached":50,"playtime":3106,"items_purged":["Strike_B","Defend_B","Strike_B"],"score":1226,"play_id":"e5110243-3499-426d-8f49-16f78619b386","local_time":"20190304181426","is_ascension_mode":true,"campfire_choices":[{"data":"Dualcast","floor":7.0,"key":"SMITH"},{"data":"Defragment","floor":10.0,"key":"SMITH"},{"data":"Rip and Tear","floor":15.0,"key":"SMITH"},{"data":"Lockon","floor":25.0,"key":"SMITH"},{"data":"Self Repair","floor":29.0,"key":"SMITH"},{"data":"Electrodynamics","floor":32.0,"key":"SMITH"},{"floor":49.0,"key":"RECALL"}],"neow_cost":"TEN_PERCENT_HP_LOSS","seed_source_timestamp":53688181826745,"circlet_count":0,"master_deck":["AscendersBane","Defend_B+1","Defend_B","Defend_B","Zap+1","Ball Lightning","Auto Shields","Conserve Battery","Cold Snap","Undo","Defragment+1","Glacier","Rip and Tear+1","Electrodynamics+1","Compile Driver","Go for the Eyes+1","Lockon+1","Self Repair+1","Go for the Eyes+1","Compile Driver+1","Doom and Gloom+1","Rainbow","Sweeping Beam+1","Creative AI","Rebound+1","Seek","Hologram+1","Recycle"],"special_seed":0,"relics":["Cracked Core","Torii","Strawberry","Anchor","Pantograph","Tiny Chest","Philosopher\u0027s Stone","Oddly Smooth Stone","Molten Egg 2","Shuriken","Bag of Marbles","Black Star","Membership Card","Mango","Mercury Hourglass","Incense Burner","Smiling Mask","MawBank","Du-Vu Doll","Gambling Chip","Vajra","The Courier"],"potions_floor_usage":[],"damage_taken":[{"damage":2.0,"enemies":"Jaw Worm","floor":1.0,"turns":4.0},{"damage":7.0,"enemies":"Small Slimes","floor":2.0,"turns":2.0},{"damage":1.0,"enemies":"2 Louse","floor":3.0,"turns":2.0},{"damage":2.0,"enemies":"Large Slime","floor":4.0,"turns":7.0},{"damage":1.0,"enemies":"Lagavulin","floor":6.0,"turns":7.0},{"damage":10.0,"enemies":"Gremlin Nob","floor":11.0,"turns":4.0},{"damage":0.0,"enemies":"Blue Slaver","floor":12.0,"turns":3.0},{"damage":1.0,"enemies":"Lagavulin","floor":13.0,"turns":7.0},{"damage":43.0,"enemies":"Hexaghost","floor":16.0,"turns":16.0},{"damage":11.0,"enemies":"Shell Parasite","floor":18.0,"turns":5.0},{"damage":10.0,"enemies":"Spheric Guardian","floor":19.0,"turns":4.0},{"damage":25.0,"enemies":"Gremlin Leader","floor":23.0,"turns":6.0},{"damage":2.0,"enemies":"Snecko","floor":24.0,"turns":5.0},{"damage":7.0,"enemies":"Shelled Parasite and Fungi","floor":27.0,"turns":4.0},{"damage":34.0,"enemies":"Chosen and Byrds","floor":28.0,"turns":4.0},{"damage":0.0,"enemies":"Book of Stabbing","floor":31.0,"turns":4.0},{"damage":46.0,"enemies":"Collector","floor":33.0,"turns":11.0},{"damage":0.0,"enemies":"Orb Walker","floor":35.0,"turns":2.0},{"damage":38.0,"enemies":"3 Darklings","floor":36.0,"turns":3.0},{"damage":0.0,"enemies":"Jaw Worm Horde","floor":37.0,"turns":4.0},{"damage":42.0,"enemies":"Giant Head","floor":40.0,"turns":11.0},{"damage":26.0,"enemies":"Nemesis","floor":42.0,"turns":9.0},{"damage":11.0,"enemies":"Giant Head","floor":45.0,"turns":10.0},{"damage":1.0,"enemies":"Writhing Mass","floor":46.0,"turns":9.0},{"damage":38,"enemies":"Time Eater","floor":50,"turns":7}],"seed_played":"2250579414956727334","potions_obtained":[{"floor":1.0,"key":"SneckoOil"},{"floor":2.0,"key":"Dexterity Potion"},{"floor":11.0,"key":"FairyPotion"},{"floor":13.0,"key":"SkillPotion"},{"floor":24.0,"key":"Block Potion"},{"floor":27.0,"key":"EssenceOfSteel"},{"floor":31.0,"key":"EntropicBrew"},{"floor":33.0,"key":"PowerPotion"},{"floor":42.0,"key":"FocusPotion"},{"floor":45.0,"key":"Block Potion"},{"floor":46.0,"key":"Explosive Potion"}],"is_trial":false,"path_per_floor":["M","M","M","M","?","E","R","$","T","R","E","M","E","?","R","B",null,"M","M","?","?","?","E","M","R","T","M","M","R","T","E","R","B",null,"M","M","M","$","?","E","?","E","T","?","E","M","$","T","R","B"],"character_chosen":"DEFECT","items_purchased":["Defragment","Membership Card","AttackPotion","Swift Potion","Rebound+1","Gambling Chip","Vajra","SteroidPotion"],"campfire_rested":0,"item_purchase_floors":[8,38,38,38,38,47,47,47],"current_hp_per_floor":[62,55,54,52,33,39,39,39,39,39,29,29,28,28,28,10,56,45,35,35,35,35,10,8,8,8,8,14,14,14,24,24,13,57,57,29,49,49,49,31,31,15,15,15,14,23,23,23,23,10],"gold":81,"neow_bonus":"ONE_RARE_RELIC","is_prod":false,"is_daily":false,"chose_seed":false,"campfire_upgraded":6,"win_rate":0,"timestamp":1551741266,"path_taken":["M","M","M","M","?","E","R","$","T","R","E","M","E","?","R","BOSS","M","M","?","?","?","E","M","R","T","M","M","R","?","E","R","BOSS","M","M","M","$","?","E","?","E","T","?","E","M","?","?","R","BOSS"],"build_version":"2019-01-23","purchased_purges":3,"victory":false,"max_hp_per_floor":[64,64,64,64,64,71,71,71,71,71,71,71,71,71,71,71,71,71,71,71,71,71,71,71,71,71,71,71,71,71,71,71,71,71,71,71,71,71,71,85,85,85,85,81,81,81,81,81,81,81],"card_choices":[{"not_picked":["Auto Shields","Turbo"],"picked":"Ball Lightning","floor":1.0},{"not_picked":["Rebound","Redo"],"picked":"Auto Shields","floor":2.0},{"not_picked":["Turbo","Aggregate"],"picked":"Conserve Battery","floor":3.0},{"not_picked":["Steam","Darkness"],"picked":"Cold Snap","floor":4.0},{"not_picked":["Beam Cell","Tempest"],"picked":"Undo","floor":6.0},{"not_picked":["Redo","Gash","Hyperbeam"],"picked":"SKIP","floor":11.0},{"not_picked":["Leap","Coolheaded"],"picked":"Glacier","floor":12.0},{"not_picked":["Melter","Double Energy"],"picked":"Rip and Tear","floor":13.0},{"not_picked":["Thunder Strike","Reboot"],"picked":"Electrodynamics","floor":16.0},{"not_picked":["Hologram","Beam Cell"],"picked":"Compile Driver","floor":18.0},{"not_picked":["Sweeping Beam","Cold Snap"],"picked":"Go for the Eyes+1","floor":19.0},{"not_picked":["Barrage","Turbo"],"picked":"Lockon","floor":23.0},{"not_picked":["Leap+1","Turbo"],"picked":"Self Repair","floor":24.0},{"not_picked":["Hologram","Genetic Algorithm"],"picked":"Go for the Eyes+1","floor":27.0},{"not_picked":["Scrape+1","Rebound+1"],"picked":"Compile Driver+1","floor":28.0},{"not_picked":["Undo+1","Stack"],"picked":"Doom and Gloom+1","floor":31.0},{"not_picked":["Multi-Cast","Meteor Strike+1"],"picked":"Rainbow","floor":33.0},{"not_picked":["Beam Cell+1","Streamline+1","Gash+1"],"picked":"SKIP","floor":35.0},{"not_picked":["Force Field","Hologram"],"picked":"Sweeping Beam+1","floor":36.0},{"not_picked":["FTL+1","Sweeping Beam+1"],"picked":"Creative AI","floor":37.0},{"not_picked":["Capacitor","Auto Shields"],"picked":"Seek","floor":40.0},{"not_picked":["Chill","Storm+1"],"picked":"Hologram+1","floor":42.0},{"not_picked":["Sweeping Beam+1","Auto Shields"],"picked":"Recycle","floor":45.0},{"not_picked":["Undo","Force Field","Sweeping Beam+1"],"picked":"SKIP","floor":46.0}],"player_experience":675483,"relics_obtained":[{"floor":6.0,"key":"Strawberry"},{"floor":9.0,"key":"Anchor"},{"floor":11.0,"key":"Pantograph"},{"floor":13.0,"key":"Tiny Chest"},{"floor":23.0,"key":"Oddly Smooth Stone"},{"floor":26.0,"key":"Molten Egg 2"},{"floor":30.0,"key":"Shuriken"},{"floor":31.0,"key":"Bag of Marbles"},{"floor":40.0,"key":"Mango"},{"floor":40.0,"key":"Mercury Hourglass"},{"floor":42.0,"key":"Incense Burner"},{"floor":42.0,"key":"Smiling Mask"},{"floor":45.0,"key":"MawBank"},{"floor":45.0,"key":"Du-Vu Doll"},{"floor":48.0,"key":"The Courier"}],"event_choices":[{"damage_healed":0.0,"max_hp_gain":0.0,"max_hp_loss":0.0,"gold_gain":0.0,"event_name":"Shining Light","player_choice":"Entered Light","floor":5.0,"gold_loss":0.0,"damage_taken":19.0,"cards_upgraded":["Zap","Defend_B"]},{"cards_removed":["Strike_B"],"damage_healed":0.0,"max_hp_gain":0.0,"max_hp_loss":0.0,"gold_gain":0.0,"event_name":"The Cleric","player_choice":"Card Removal","floor":14.0,"gold_loss":75.0,"damage_taken":0.0},{"damage_healed":0.0,"max_hp_gain":0.0,"max_hp_loss":0.0,"gold_gain":50.0,"event_name":"Nest","player_choice":"Stole From Cult","floor":20.0,"gold_loss":0.0,"damage_taken":0.0},{"damage_healed":0.0,"max_hp_gain":0.0,"max_hp_loss":0.0,"gold_gain":0.0,"event_name":"The Mausoleum","player_choice":"Ignored","floor":21.0,"gold_loss":0.0,"damage_taken":0.0},{"cards_removed":["Strike_B"],"damage_healed":0.0,"max_hp_gain":0.0,"max_hp_loss":0.0,"gold_gain":0.0,"event_name":"Back to Basics","player_choice":"Elegance","floor":22.0,"gold_loss":0.0,"damage_taken":0.0},{"cards_removed":["Dualcast"],"damage_healed":0.0,"max_hp_gain":0.0,"max_hp_loss":0.0,"gold_gain":0.0,"event_name":"Falling","player_choice":"Removed Skill","floor":39.0,"gold_loss":0.0,"damage_taken":0.0},{"damage_healed":0.0,"max_hp_gain":0.0,"max_hp_loss":0.0,"gold_gain":0.0,"event_name":"Tomb of Lord Red Mask","player_choice":"Ignored","floor":41.0,"gold_loss":0.0,"damage_taken":0.0},{"damage_healed":0.0,"max_hp_gain":0.0,"max_hp_loss":4.0,"gold_gain":0.0,"event_name":"Winding Halls","player_choice":"Max HP","floor":44.0,"gold_loss":0.0,"damage_taken":0.0}],"is_beta":false,"boss_relics":[{"not_picked":["White Beast Statue","FrozenCore"],"picked":"Philosopher\u0027s Stone"},{"not_picked":["Empty Cage","Sozu"],"picked":"Black Star"}],"items_purged_floors":[8,38,47],"is_endless":false,"potions_floor_spawned":[1,2,11,13,24,27,31,33,42,45,46],"killed_by":"Time Eater","ascension_level":20}