{"gold_per_floor":[117,117,129,145,164,164,175,175,175,125,300,311,311,331,331,426,426,440,440,186,186,186,186,186,186,211,229,247,168,168,186,186,284,284,303,303,303,313,327,327,337,337,360,374,374,200,213,213],"floor_reached":48,"playtime":2081,"items_purged":["Doubt","Doubt"],"score":424,"play_id":"9b95726e-09d5-448b-80d2-422b717426fb","local_time":"20190216152003","is_ascension_mode":false,"campfire_choices":[{"floor":6,"key":"RECALL"},{"floor":8,"key":"REST"},{"floor":15,"key":"REST"},{"floor":23,"key":"REST"},{"floor":30,"key":"REST"},{"floor":32,"key":"REST"},{"floor":40,"key":"REST"},{"floor":45,"key":"REST"}],"neow_cost":"NONE","seed_source_timestamp":158130491977675,"circlet_count":0,"master_deck":["Strike_R+1","Strike_R+1","Strike_R+1","Strike_R+1","Defend_R+1","Defend_R+1","Defend_R+1","Bash","Shrug It Off","Cleave","Iron Wave","Armaments+1","Spot Weakness","Feed","Power Through","Double Tap","Magnetism","RitualDagger","J.A.X.","Thunderclap+1","Flame Barrier","Battle Trance+1","Warcry","Shrug It Off","Seeing Red+1"],"relics":["Fusion Hammer"],"potions_floor_usage":[35,39,47],"damage_taken":[{"damage":1,"enemies":"2 Louse","floor":1,"turns":2},{"damage":1,"enemies":"Cultist","floor":3,"turns":3},{"damage":0,"enemies":"Jaw Worm","floor":4,"turns":2},{"damage":0,"enemies":"2 Fungi Beasts","floor":5,"turns":2},{"damage":13,"enemies":"3 Louse","floor":7,"turns":2},{"damage":0,"enemies":"Large Slime","floor":12,"turns":5},{"damage":0,"enemies":"Looter","floor":14,"turns":3},{"damage":39,"enemies":"Slime Boss","floor":16,"turns":11},{"damage":22,"enemies":"Chosen","floor":18,"turns":8},{"damage":17,"enemies":"2 Thieves","floor":27,"turns":5},{"damage":15,"enemies":"Centurion and Healer","floor":28,"turns":5},{"damage":18,"enemies":"Shelled Parasite and Fungi","floor":31,"turns":5},{"damage":44,"enemies":"Champ","floor":33,"turns":10},{"damage":12,"enemies":"3 Darklings","floor":35,"turns":5},{"damage":3,"enemies":"3 Shapes","floor":38,"turns":7},{"damage":26,"enemies":"Jaw Worm Horde","floor":39,"turns":5},{"damage":27,"enemies":"3 Darklings","floor":41,"turns":3},{"damage":92,"enemies":"Maw","floor":44,"turns":12},{"damage":41,"enemies":"Transient","floor":47,"turns":5},{"damage":32,"enemies":"Writhing Mass","floor":48,"turns":2}],"seed_played":"-5478672622611667215","potions_obtained":[{"floor":1,"key":"Energy Potion"},{"floor":12,"key":"SpeedPotion"},{"floor":14,"key":"Ancient Potion"},{"floor":16,"key":"LiquidBronze"},{"floor":31,"key":"FairyPotion"},{"floor":38,"key":"Regen Potion"},{"floor":39,"key":"SteroidPotion"}],"is_trial":false,"path_per_floor":["M","?","M","M","M","R","M","R","T","?","?","M","?","M","R","B",null,"M","?","$","?","?","R","?","T","T","M","M","$","R","M","R","B",null,"M","?","?","M","M","R","M","?","T","M","R","$","M","M"],"character_chosen":"IRONCLAD","items_purchased":["Magnetism","Flame Barrier","Regen Potion"],"campfire_rested":7,"item_purchase_floors":[20,29,46],"current_hp_per_floor":[79,79,78,78,78,78,65,80,80,80,80,80,80,83,83,44,83,61,61,61,55,55,79,79,79,79,65,50,50,75,57,82,38,86,74,74,74,74,63,88,61,88,88,8,34,34,7,0],"gold":213,"neow_bonus":"BOSS_RELIC","is_prod":false,"is_daily":false,"chose_seed":false,"campfire_upgraded":0,"win_rate":0,"timestamp":1550348403,"path_taken":["M","?","M","M","M","R","?","R","T","?","?","M","?","M","R","BOSS","M","?","$","?","?","R","?","?","T","?","M","$","R","M","R","BOSS","M","?","?","M","M","R","M","?","T","M","R","$","M","M"],"build_version":"2019-01-23","purchased_purges":2,"victory":false,"max_hp_per_floor":[80,80,80,80,80,80,80,80,80,80,80,80,80,83,83,83,83,83,83,83,83,83,83,83,83,83,86,86,86,86,86,86,86,86,86,82,82,85,88,88,88,88,88,88,88,88,88,88],"card_choices":[{"not_picked":["Disarm","Headbutt"],"picked":"Shrug It Off","floor":1},{"not_picked":["Clash","Sentinel"],"picked":"Cleave","floor":3},{"not_picked":["Anger","Intimidate"],"picked":"Iron Wave","floor":4},{"not_picked":["Metallicize","Inflame"],"picked":"Armaments","floor":5},{"not_picked":["Pommel Strike","Armaments"],"picked":"Spot Weakness","floor":7},{"not_picked":["Sentinel","True Grit"],"picked":"Feed","floor":12},{"not_picked":["Spot Weakness","True Grit"],"picked":"Power Through","floor":14},{"not_picked":["Dark Embrace","Barricade"],"picked":"Double Tap","floor":16},{"not_picked":["Armaments","Clash"],"picked":"Metallicize+1","floor":18},{"not_picked":["Twin Strike","Headbutt","Perfected Strike"],"picked":"SKIP","floor":27},{"not_picked":["Heavy Blade","Perfected Strike"],"picked":"Thunderclap+1","floor":28},{"not_picked":["Havoc","Headbutt"],"picked":"Battle Trance+1","floor":31},{"not_picked":["Twin Strike","Armaments"],"picked":"Warcry","floor":35},{"not_picked":["Havoc","Sentinel+1","Clothesline"],"picked":"SKIP","floor":38},{"not_picked":["Clash","Headbutt","Corruption"],"picked":"SKIP","floor":39},{"not_picked":["Havoc","Cleave+1"],"picked":"Shrug It Off","floor":41},{"not_picked":["Reckless Charge+1","Fiend Fire"],"picked":"Seeing Red+1","floor":44},{"not_picked":["Clothesline+1","Wild Strike","Burning Pact+1"],"picked":"SKIP","floor":47}],"player_experience":193384,"relics_obtained":[],"event_choices":[{"cards_removed":["Defend_R"],"damage_healed":0,"gold_gain":0,"player_choice":"Purged","damage_taken":0,"max_hp_gain":0,"max_hp_loss":0,"event_name":"Purifier","floor":2,"gold_loss":0},{"cards_removed":["Strike_R"],"damage_healed":0,"gold_gain":0,"player_choice":"Card Removal","damage_taken":0,"max_hp_gain":0,"max_hp_loss":0,"event_name":"The Cleric","floor":10,"gold_loss":50},{"damage_healed":0,"gold_gain":175,"player_choice":"AGREE","damage_taken":0,"max_hp_gain":0,"max_hp_loss":0,"event_name":"Liars Game","floor":11,"gold_loss":0,"cards_obtained":["Doubt"]},{"damage_healed":0,"gold_gain":0,"player_choice":"Grow","damage_taken":0,"max_hp_gain":0,"max_hp_loss":0,"event_name":"Living Wall","floor":13,"gold_loss":0,"cards_upgraded":["Armaments"]},{"damage_healed":0,"gold_gain":0,"player_choice":"Simplicity","damage_taken":0,"max_hp_gain":0,"max_hp_loss":0,"event_name":"Back to Basics","floor":19,"gold_loss":0,"cards_upgraded":["Strike_R","Strike_R","Strike_R","Strike_R","Defend_R","Defend_R","Defend_R"]},{"damage_healed":0,"gold_gain":0,"player_choice":"Joined the Cult","damage_taken":6,"max_hp_gain":0,"max_hp_loss":0,"event_name":"Nest","floor":21,"gold_loss":0,"cards_obtained":["RitualDagger"]},{"damage_healed":0,"gold_gain":0,"player_choice":"Obtain J.A.X.","damage_taken":0,"max_hp_gain":0,"max_hp_loss":0,"event_name":"Drug Dealer","floor":22,"gold_loss":0,"cards_obtained":["J.A.X."]},{"damage_healed":0,"gold_gain":0,"player_choice":"Ignored","damage_taken":0,"max_hp_gain":0,"max_hp_loss":0,"event_name":"Beggar","floor":24,"gold_loss":0},{"damage_healed":0,"gold_gain":0,"player_choice":"Max HP","damage_taken":0,"max_hp_gain":0,"max_hp_loss":4,"event_name":"Winding Halls","floor":36,"gold_loss":0},{"cards_removed":["Metallicize"],"damage_healed":0,"gold_gain":0,"player_choice":"Removed Power","damage_taken":0,"max_hp_gain":0,"max_hp_loss":0,"event_name":"Falling","floor":37,"gold_loss":0},{"damage_healed":27,"gold_gain":0,"player_choice":"Heal","damage_taken":0,"max_hp_gain":0,"max_hp_loss":0,"event_name":"MindBloom","floor":42,"gold_loss":0,"cards_obtained":["Doubt"]}],"is_beta":false,"boss_relics":[{"not_picked":["Sozu","White Beast Statue","Mark of Pain"]},{"not_picked":["Sozu","White Beast Statue","Mark of Pain"]}],"items_purged_floors":[20,46],"is_endless":false,"potions_floor_spawned":[1,12,14,16,31,33,38,39],"killed_by":"Writhing Mass","ascension_level":0}