{"path_per_floor":["M","M","M","?","$","E","R","M","T","E","R","E","M","M","R","B",null,"M","?","$","M","?","R","E","M","T","?","R","?","M","E","R","B",null,"M"],"character_chosen":"IRONCLAD","items_purchased":["Flash of Steel","Swift Strike"],"gold_per_floor":[115,132,142,142,45,70,70,88,111,138,138,169,187,201,201,297,297,311,311,138,152,152,152,183,198,266,189,189,189,199,231,231,331,331,345,345],"floor_reached":36,"campfire_rested":0,"playtime":2930,"item_purchase_floors":[5,20],"current_hp_per_floor":[80,80,79,63,63,25,25,20,20,26,26,21,27,24,24,14,77,57,57,57,51,51,51,32,17,17,17,17,17,29,22,22,20,77,22,0],"items_purged":["Pain"],"gold":345,"score":447,"play_id":"da7685ad-102f-4f4e-9248-3249b87d0c30","local_time":"20180606233909","is_prod":false,"is_daily":false,"chose_seed":false,"is_ascension_mode":false,"campfire_upgraded":6,"win_rate":0,"timestamp":1528353549,"campfire_choices":[{"data":"Flash of Steel","floor":7,"key":"SMITH"},{"data":"Fire Breathing","floor":11,"key":"SMITH"},{"data":"Fire Breathing","floor":15,"key":"SMITH"},{"data":"Seeing Red","floor":23,"key":"SMITH"},{"data":"J.A.X.","floor":28,"key":"SMITH"},{"data":"Infernal Blade","floor":32,"key":"SMITH"}],"path_taken":["M","M","M","?","$","E","R","M","T","E","R","E","M","M","R","BOSS","M","?","$","?","?","R","E","M","T","?","R","?","M","E","R","BOSS","M","M"],"build_version":"2018-05-31","seed_source_timestamp":336474282069600,"purchased_purges":1,"victory":false,"master_deck":["Strike_R","Strike_R","Strike_R","Strike_R","Strike_R+1","Defend_R","Defend_R","Bash","Flex+1","Flash of Steel+1","Infernal Blade+1","Fire Breathing+1","Seeing Red+1","Fire Breathing+1","Clash","Berserk","Power Through+1","Warcry+1","Swift Strike","Flex","Flex","J.A.X.+1","Feel No Pain","Demon Form","Doubt","Normality","Decay"],"max_hp_per_floor":[80,80,80,80,80,80,80,80,80,80,80,80,80,80,80,80,77,77,77,77,77,77,77,77,77,77,77,77,77,77,77,77,77,77,77,77],"relics":["Burning Blood","Unceasing Top","Vajra","Bag of Preparation","Pen Nib","Boot","Astrolabe","Ancient Tea Set","Magic Flower","Kunai","Juzu Bracelet","Calling Bell","Anchor","Dodecahedron","Charon\u0027s Ashes"],"card_choices":[{"not_picked":["Sword Boomerang","Carnage"],"picked":"Flex","floor":1},{"not_picked":["Wild Strike","Pommel Strike","Clothesline"],"picked":"SKIP","floor":2},{"not_picked":["True Grit","Shrug It Off","Headbutt"],"picked":"SKIP","floor":3},{"not_picked":["Searing Blow","Shockwave","Body Slam"],"picked":"SKIP","floor":6},{"not_picked":["Heavy Blade","Sword Boomerang"],"picked":"Infernal Blade","floor":8},{"not_picked":["Armaments","Body Slam"],"picked":"Fire Breathing","floor":10},{"not_picked":["Sever Soul","Dual Wield"],"picked":"Seeing Red","floor":12},{"not_picked":["Heavy Blade","Second Wind"],"picked":"Fire Breathing","floor":13},{"not_picked":["Battle Trance","Fiend Fire"],"picked":"Clash","floor":14},{"not_picked":["Reaper","Fiend Fire"],"picked":"Berserk","floor":16},{"not_picked":["Sword Boomerang","Perfected Strike","True Grit"],"picked":"SKIP","floor":18},{"not_picked":["Power Through+1","Reckless Charge"],"picked":"Flex","floor":21},{"not_picked":["Perfected Strike","Armaments+1"],"picked":"Flex","floor":24},{"not_picked":["Shrug It Off","Heavy Blade","Armaments"],"picked":"SKIP","floor":25},{"not_picked":["Shrug It Off","Bloodletting+1","Entrench"],"picked":"SKIP","floor":30},{"not_picked":["Barricade","Shockwave"],"picked":"Feel No Pain","floor":31},{"not_picked":["Reaper","Limit Break"],"picked":"Demon Form","floor":33},{"not_picked":["Cleave+1","Battle Trance","Perfected Strike"],"picked":"SKIP","floor":35}],"player_experience":36725,"potions_floor_usage":[10,10,24,24,30,31,33,33],"damage_taken":[{"damage":1,"enemies":"Jaw Worm","floor":1,"turns":3},{"damage":5,"enemies":"Small Slimes","floor":2,"turns":4},{"damage":7,"enemies":"2 Louse","floor":3,"turns":3},{"damage":44,"enemies":"Lagavulin","floor":6,"turns":6},{"damage":11,"enemies":"Lots of Slimes","floor":8,"turns":4},{"damage":0,"enemies":"Gremlin Nob","floor":10,"turns":2},{"damage":11,"enemies":"3 Sentries","floor":12,"turns":4},{"damage":0,"enemies":"Large Slime","floor":13,"turns":3},{"damage":9,"enemies":"2 Fungi Beasts","floor":14,"turns":3},{"damage":16,"enemies":"Slime Boss","floor":16,"turns":7},{"damage":26,"enemies":"Shell Parasite","floor":18,"turns":4},{"damage":12,"enemies":"3 Byrds","floor":21,"turns":3},{"damage":25,"enemies":"Gremlin Leader","floor":24,"turns":5},{"damage":24,"enemies":"Centurion and Healer","floor":25,"turns":4},{"damage":8,"enemies":"Chosen and Byrds","floor":30,"turns":3},{"damage":16,"enemies":"Slavers","floor":31,"turns":3},{"damage":22,"enemies":"Collector","floor":33,"turns":4},{"damage":64,"enemies":"3 Darklings","floor":35,"turns":8},{"damage":29,"enemies":"3 Shapes","floor":36,"turns":4}],"relics_obtained":[{"floor":6,"key":"Vajra"},{"floor":9,"key":"Bag of Preparation"},{"floor":10,"key":"Pen Nib"},{"floor":12,"key":"Boot"},{"floor":24,"key":"Magic Flower"},{"floor":26,"key":"Kunai"},{"floor":31,"key":"Juzu Bracelet"},{"floor":34,"key":"Anchor"},{"floor":34,"key":"Dodecahedron"},{"floor":34,"key":"Charon\u0027s Ashes"}],"event_choices":[{"event_name":"Shining Light","player_choice":"Entered Light","floor":4,"damage_taken":0},{"event_name":"The Mausoleum","player_choice":"Yes","floor":19,"damage_taken":0},{"event_name":"Vampires","player_choice":"Ignored","floor":22,"damage_taken":0},{"event_name":"Drug Dealer","player_choice":"Got JAXXED","floor":27,"damage_taken":0},{"event_name":"The Lab","player_choice":"Got Potions","floor":29,"damage_taken":0}],"boss_relics":[{"not_picked":["Philosopher\u0027s Stone","White Beast Statue"],"picked":"Astrolabe"},{"not_picked":["Runic Pyramid","Runic Cube"],"picked":"Calling Bell"}],"items_purged_floors":[20],"potions_floor_spawned":[2,6,14,16,18,24,25,31],"seed_played":"-5217194216066770536","killed_by":"3 Shapes","ascension_level":0,"potions_obtained":[{"floor":2,"key":"LiquidBronze"},{"floor":6,"key":"Fire Potion"},{"floor":14,"key":"LiquidBronze"},{"floor":16,"key":"Poison Potion"},{"floor":18,"key":"Weak Potion"},{"floor":24,"key":"BloodPotion"},{"floor":25,"key":"Dexterity Potion"},{"floor":29,"key":"BloodPotion"},{"floor":29,"key":"AttackPotion"},{"floor":31,"key":"AttackPotion"}],"is_trial":false}