{"gold_per_floor":[99,47,47,47,0,0,0,0,0,0,0,0,0,0,0,0,0,0,0,0,0,0,0,0,0,0,0,0,0,0,0,0,0,0,0,0,0,0,0,0],"floor_reached":40,"playtime":1894,"items_purged":[],"score":435,"play_id":"f99946dd-0a3b-496b-ae1e-387522ff8103","local_time":"20190305225623","is_ascension_mode":true,"campfire_choices":[{"data":"Sword Boomerang","floor":6,"key":"SMITH"},{"data":"True Grit","floor":8,"key":"SMITH"},{"data":"Rampage","floor":15,"key":"SMITH"},{"data":"Inflame","floor":23,"key":"SMITH"},{"data":"Pommel Strike","floor":27,"key":"SMITH"},{"floor":30,"key":"REST"},{"floor":32,"key":"REST"}],"neow_cost":"NONE","seed_source_timestamp":222879967701009,"circlet_count":0,"master_deck":["Strike_R+1","Strike_R+1","Strike_R+1","Strike_R+1","Strike_R+1","Defend_R+1","Defend_R+1","Defend_R+1","Defend_R+1","Bash","Iron Wave","Sword Boomerang+1","Flame Barrier","Metallicize","True Grit+1","Metallicize","Rampage+1","Pommel Strike+1","Ghostly Armor","Battle Trance","Inflame+1","Sword Boomerang","Juggernaut","Headbutt","Jack Of All Trades","Shrug It Off","Pommel Strike+1"],"relics":["Ectoplasm"],"potions_floor_usage":[7,13,16,24,29,33],"damage_taken":[{"damage":1,"enemies":"Jaw Worm","floor":1,"turns":3},{"damage":0,"enemies":"2 Louse","floor":3,"turns":3},{"damage":1,"enemies":"Cultist","floor":4,"turns":3},{"damage":5,"enemies":"Lagavulin","floor":7,"turns":6},{"damage":0,"enemies":"Blue Slaver","floor":10,"turns":4},{"damage":1,"enemies":"Exordium Thugs","floor":11,"turns":5},{"damage":7,"enemies":"Red Slaver","floor":12,"turns":3},{"damage":4,"enemies":"The Mushroom Lair","floor":13,"turns":4},{"damage":25,"enemies":"Slime Boss","floor":16,"turns":15},{"damage":12,"enemies":"Shell Parasite","floor":18,"turns":8},{"damage":0,"enemies":"3 Byrds","floor":19,"turns":6},{"damage":24,"enemies":"Cultist and Chosen","floor":21,"turns":9},{"damage":20,"enemies":"3 Cultists","floor":24,"turns":6},{"damage":0,"enemies":"Snecko","floor":28,"turns":5},{"damage":12,"enemies":"Snake Plant","floor":29,"turns":4},{"damage":72,"enemies":"Automaton","floor":33,"turns":13},{"damage":15,"enemies":"3 Darklings","floor":35,"turns":7},{"damage":15,"enemies":"Orb Walker","floor":38,"turns":5},{"damage":25,"enemies":"Sphere and 2 Shapes","floor":39,"turns":6},{"damage":49,"enemies":"Reptomancer","floor":40,"turns":3}],"seed_played":"-8705715500140275968","potions_obtained":[{"floor":4,"key":"PowerPotion"},{"floor":7,"key":"FearPotion"},{"floor":11,"key":"Fire Potion"},{"floor":12,"key":"Weak Potion"},{"floor":18,"key":"SteroidPotion"},{"floor":28,"key":"Block Potion"},{"floor":39,"key":"Swift Potion"}],"is_trial":false,"path_per_floor":["M","$","M","M","?","R","E","R","T","M","M","M","?","?","R","B",null,"M","M","?","M","$","R","M","?","T","R","M","M","R","$","R","B",null,"M","?","?","M","M","E"],"character_chosen":"IRONCLAD","items_purchased":["Sword Boomerang"],"campfire_rested":2,"item_purchase_floors":[2],"current_hp_per_floor":[79,79,79,78,78,78,73,73,73,73,72,65,61,66,66,41,85,73,73,95,71,71,71,51,51,51,51,51,39,67,67,95,23,95,80,80,80,65,40,0],"gold":0,"neow_bonus":"BOSS_RELIC","is_prod":false,"is_daily":false,"chose_seed":false,"campfire_upgraded":5,"win_rate":0,"timestamp":1551822983,"path_taken":["M","$","M","M","?","R","E","R","T","M","M","M","?","?","R","BOSS","M","M","?","M","?","R","M","?","T","R","?","M","R","?","R","BOSS","M","?","?","M","?","E"],"build_version":"2019-01-23","purchased_purges":0,"victory":false,"max_hp_per_floor":[80,80,80,80,80,80,80,80,80,80,80,80,80,85,85,85,85,85,85,95,95,95,95,95,95,95,95,95,95,95,95,95,95,95,95,95,95,95,95,95],"card_choices":[{"not_picked":["Heavy Blade","Sever Soul"],"picked":"Iron Wave","floor":1},{"not_picked":["Armaments","Shockwave"],"picked":"Flame Barrier","floor":3},{"not_picked":["Heavy Blade","Searing Blow"],"picked":"Metallicize","floor":4},{"not_picked":["Juggernaut","Flex"],"picked":"True Grit","floor":7},{"not_picked":["Perfected Strike","Havoc"],"picked":"Metallicize","floor":10},{"not_picked":["Twin Strike","Rage"],"picked":"Rampage","floor":11},{"not_picked":["Armaments","Twin Strike"],"picked":"Pommel Strike","floor":12},{"not_picked":["Sword Boomerang","Flame Barrier"],"picked":"Ghostly Armor","floor":13},{"not_picked":["Barricade","Berserk"],"picked":"Bludgeon","floor":16},{"not_picked":["Feel No Pain","Anger","Wild Strike"],"picked":"SKIP","floor":18},{"not_picked":["Second Wind","Clash+1"],"picked":"Battle Trance","floor":19},{"not_picked":["Pommel Strike","Disarm"],"picked":"Inflame","floor":21},{"not_picked":["Wild Strike","Thunderclap"],"picked":"Sword Boomerang","floor":24},{"not_picked":["Anger+1","Thunderclap","Flame Barrier"],"picked":"SKIP","floor":28},{"not_picked":["Carnage","Reckless Charge","Body Slam+1"],"picked":"SKIP","floor":29},{"not_picked":["Barricade","Reaper"],"picked":"Juggernaut","floor":33},{"not_picked":["Wild Strike+1","Thunderclap+1"],"picked":"Headbutt","floor":35},{"not_picked":["Sadistic Nature","Deep Breath"],"picked":"Jack Of All Trades","floor":36},{"not_picked":["Iron Wave","Reckless Charge"],"picked":"Shrug It Off","floor":38},{"not_picked":["Dual Wield","Wild Strike+1"],"picked":"Pommel Strike+1","floor":39}],"player_experience":1068218,"relics_obtained":[],"event_choices":[{"damage_healed":0,"gold_gain":0,"player_choice":"Left Gold","damage_taken":0,"max_hp_gain":0,"max_hp_loss":0,"event_name":"World of Goop","floor":5,"gold_loss":47},{"damage_healed":0,"gold_gain":0,"player_choice":"Fought Mushrooms","damage_taken":0,"max_hp_gain":0,"max_hp_loss":0,"event_name":"Mushrooms","floor":13,"gold_loss":0},{"damage_healed":0,"gold_gain":0,"player_choice":"Donut","damage_taken":0,"max_hp_gain":5,"max_hp_loss":0,"event_name":"Big Fish","floor":14,"gold_loss":0},{"cards_removed":["Bludgeon"],"damage_healed":12,"gold_gain":0,"player_choice":"Offered Rare","damage_taken":0,"max_hp_gain":10,"max_hp_loss":0,"event_name":"Bonfire Elementals","floor":20,"gold_loss":0},{"damage_healed":0,"gold_gain":0,"player_choice":"Simplicity","damage_taken":0,"max_hp_gain":0,"max_hp_loss":0,"event_name":"Back to Basics","floor":25,"gold_loss":0,"cards_upgraded":["Strike_R","Strike_R","Strike_R","Strike_R","Strike_R","Defend_R","Defend_R","Defend_R","Defend_R"]},{"damage_healed":0,"gold_gain":0,"player_choice":"Memory 1","damage_taken":0,"max_hp_gain":0,"max_hp_loss":0,"event_name":"SensoryStone","floor":36,"gold_loss":0},{"damage_healed":0,"gold_gain":0,"player_choice":"0 cards matched","damage_taken":0,"max_hp_gain":0,"max_hp_loss":0,"event_name":"Match and Keep!","floor":37,"gold_loss":0,"cards_obtained":[]}],"is_beta":false,"boss_relics":[{"not_picked":[]},{"not_picked":[]}],"items_purged_floors":[],"is_endless":false,"potions_floor_spawned":[4,7,11,12,18,28,39],"killed_by":"Reptomancer","ascension_level":1}