{"gold_per_floor":[114,114,130,130,141,169,16,16,97,128,128,140,140,68,68,147,147,161,146,165,176,176,176,19,54,54,54,65,95,95,111,111,186,186,196,208,219,219,233,258,258,258,283,283,309,235,252,75,75,75],"floor_reached":51,"playtime":2968,"items_purged":["Strike_B","Writhe"],"score":1328,"play_id":"cd45744c-1274-4bd6-95fb-2c6609c072eb","local_time":"20180708102238","is_ascension_mode":true,"campfire_choices":[{"data":"Defragment","floor":8,"key":"SMITH"},{"data":"Creative AI","floor":15,"key":"SMITH"},{"floor":23,"key":"REST"},{"floor":27,"key":"REST"},{"floor":32,"key":"REST"},{"floor":41,"key":"REST"},{"floor":44,"key":"REST"},{"floor":49,"key":"REST"}],"neow_cost":"NONE","seed_source_timestamp":313210602042308,"circlet_count":0,"master_deck":["Strike_B","Strike_B","Defend_B","Defend_B","Defend_B","Defend_B","Zap+1","Dualcast","AscendersBane","Compile Driver","Cold Snap","Aggregate+1","Auto Shields","Barrage+1","Defragment+1","Buffer","Leap","Creative AI+1","Electrodynamics","Hologram+1","Chill","Seek","Defragment","Core Surge","Loop","Stack","Multi-Cast","Self Repair","Darkness","Defragment+1","Defragment+1"],"relics":["Cracked Core","War Paint","Mercury Hourglass","Ginger","Fusion Hammer","Gambling Chip","Oddly Smooth Stone","Thread and Needle","Orichalcum","Sundial","Centennial Puzzle","Sozu","Frozen Egg 2","Torii","DataDisk","Juzu Bracelet"],"potions_floor_usage":[6,16,20,25,33,33],"damage_taken":[{"damage":0,"enemies":"Small Slimes","floor":1,"turns":3},{"damage":0,"enemies":"2 Louse","floor":3,"turns":2},{"damage":0,"enemies":"Cultist","floor":5,"turns":3},{"damage":19,"enemies":"Lagavulin","floor":6,"turns":8},{"damage":13,"enemies":"Gremlin Nob","floor":10,"turns":4},{"damage":4,"enemies":"2 Fungi Beasts","floor":12,"turns":3},{"damage":29,"enemies":"Slime Boss","floor":16,"turns":9},{"damage":0,"enemies":"Spheric Guardian","floor":18,"turns":3},{"damage":21,"enemies":"2 Thieves","floor":19,"turns":4},{"damage":8,"enemies":"Cultist and Chosen","floor":20,"turns":4},{"damage":4,"enemies":"Sentry and Sphere","floor":21,"turns":4},{"damage":16,"enemies":"Slavers","floor":25,"turns":4},{"damage":0,"enemies":"Snecko","floor":28,"turns":4},{"damage":6,"enemies":"Book of Stabbing","floor":29,"turns":5},{"damage":9,"enemies":"Snake Plant","floor":31,"turns":5},{"damage":6,"enemies":"Collector","floor":33,"turns":10},{"damage":12,"enemies":"3 Darklings","floor":35,"turns":2},{"damage":0,"enemies":"Orb Walker","floor":36,"turns":5},{"damage":0,"enemies":"Sphere and 2 Shapes","floor":37,"turns":7},{"damage":4,"enemies":"3 Darklings","floor":39,"turns":4},{"damage":14,"enemies":"2 Orb Walkers","floor":40,"turns":4},{"damage":0,"floor":42,"turns":4},{"damage":1,"enemies":"Nemesis","floor":45,"turns":7},{"damage":0,"enemies":"Maw","floor":47,"turns":5},{"damage":35,"enemies":"Time Eater","floor":50,"turns":8}],"seed_played":"-2471176160220436579","potions_obtained":[{"floor":5,"key":"Poison Potion"},{"floor":10,"key":"Strength Potion"},{"floor":12,"key":"Dexterity Potion"},{"floor":18,"key":"LiquidBronze"},{"floor":25,"key":"Poison Potion"},{"floor":29,"key":"SkillPotion"},{"floor":31,"key":"PowerPotion"}],"is_trial":false,"path_per_floor":["M","?","M","?","M","E","$","R","T","E","?","M","?","$","R","B",null,"M","M","M","M","?","R","$","E","T","R","M","E","T","M","R","B",null,"M","M","M","?","M","E","R","?","T","R","E","$","M","$","R","B"],"character_chosen":"DEFECT","items_purchased":["Defragment","Creative AI","Oddly Smooth Stone","Defragment+1","Defragment+1"],"campfire_rested":6,"item_purchase_floors":[7,14,24,46,48],"current_hp_per_floor":[71,71,71,71,71,52,52,52,52,39,39,35,35,35,35,6,60,60,39,31,27,27,50,50,34,34,57,57,51,51,42,65,59,73,61,68,75,75,78,64,78,78,78,78,78,78,78,78,78,50],"gold":75,"neow_bonus":"TEN_PERCENT_HP_BONUS","is_prod":false,"is_daily":false,"chose_seed":false,"campfire_upgraded":2,"win_rate":0,"timestamp":1531038158,"path_taken":["M","?","M","?","M","E","?","R","T","E","?","?","?","$","R","BOSS","M","?","M","M","?","R","$","E","T","R","M","E","?","M","R","BOSS","M","M","M","?","M","E","R","?","T","R","E","$","M","$","R","BOSS"],"build_version":"2018-07-05","purchased_purges":2,"victory":true,"max_hp_per_floor":[78,78,78,78,78,78,78,78,78,78,78,78,78,78,78,78,78,78,78,78,78,78,78,78,78,78,78,78,78,78,78,78,78,78,78,78,78,78,78,78,78,78,78,78,78,78,78,78,78,78],"card_choices":[{"not_picked":["Ball Lightning","Reprogram"],"picked":"Compile Driver","floor":1},{"not_picked":["FTL","Stack"],"picked":"Cold Snap","floor":3},{"not_picked":["Fusion","Undo"],"picked":"Auto Shields","floor":5},{"not_picked":["Compile Driver","Fusion"],"picked":"Barrage","floor":6},{"not_picked":["Stack","Chill"],"picked":"Buffer","floor":10},{"not_picked":["Compile Driver","Coolheaded"],"picked":"Leap","floor":12},{"not_picked":["Biased Cognition","Reboot"],"picked":"Electrodynamics","floor":16},{"not_picked":["Conserve Battery","Barrage"],"picked":"Hologram+1","floor":18},{"not_picked":["Consume","Steam"],"picked":"Chill","floor":19},{"not_picked":["FTL","Gash"],"picked":"Seek","floor":20},{"not_picked":["Redo+1","Static Discharge"],"picked":"Defragment","floor":21},{"not_picked":["Redo","Compile Driver"],"picked":"Core Surge","floor":25},{"not_picked":["Leap","Ball Lightning","Barrage"],"picked":"SKIP","floor":28},{"not_picked":["Steam","Redo"],"picked":"Loop","floor":29},{"not_picked":["Streamline+1","Turbo"],"picked":"Stack","floor":31},{"not_picked":["Hyperbeam","Creative AI"],"picked":"Multi-Cast","floor":33},{"not_picked":["Hologram","Conserve Battery"],"picked":"Self Repair","floor":35},{"not_picked":["Defragment","Recycle","Leap"],"picked":"SKIP","floor":36},{"not_picked":["Storm","Cold Snap+1","Rebound"],"picked":"SKIP","floor":37},{"not_picked":["Cold Snap","Conserve Battery","Barrage"],"picked":"SKIP","floor":39},{"not_picked":["Sweeping Beam","Stack"],"picked":"Darkness","floor":40},{"not_picked":["All For One","Hologram","Leap"],"picked":"SKIP","floor":45},{"not_picked":["Darkness+1","Stack+1","Undo"],"picked":"SKIP","floor":47}],"player_experience":778509,"relics_obtained":[{"floor":6,"key":"War Paint"},{"floor":9,"key":"Mercury Hourglass"},{"floor":10,"key":"Ginger"},{"floor":25,"key":"Thread and Needle"},{"floor":26,"key":"Orichalcum"},{"floor":29,"key":"Sundial"},{"floor":30,"key":"Centennial Puzzle"},{"floor":40,"key":"Frozen Egg 2"},{"floor":42,"key":"Torii"},{"floor":43,"key":"DataDisk"},{"floor":45,"key":"Juzu Bracelet"}],"event_choices":[{"event_name":"Golden Wing","player_choice":"Ignored","floor":2,"damage_taken":0},{"event_name":"Match and Keep!","player_choice":"1 cards matched","floor":4,"damage_taken":0},{"event_name":"Scrap Ooze","player_choice":"unsuccessful","floor":11,"damage_taken":0},{"event_name":"Living Wall","player_choice":"Grow","floor":13,"damage_taken":0},{"event_name":"The Mausoleum","player_choice":"Yes","floor":22,"damage_taken":0},{"event_name":"Purifier","player_choice":"One Purge","floor":38,"damage_taken":0},{"event_name":"MindBloom","player_choice":"Fight","floor":42,"damage_taken":0}],"boss_relics":[{"not_picked":["Philosopher\u0027s Stone","White Beast Statue"],"picked":"Fusion Hammer"},{"not_picked":["Eternal Feather","Coffee Dripper"],"picked":"Sozu"}],"items_purged_floors":[7,48],"is_endless":false,"potions_floor_spawned":[5,10,12,18,25,29,31,36,40,47],"ascension_level":15}