{"gold_per_floor":[218,99,115,115,128,160,170,43,89,66,92,92,92,192,192,289,289,302,321,338,40,67,98,98,98,121,131,151,168,25,40,40,136,136,151,161,180,32,79,94,94,106,156,2,17,30,30,42,42,42],"floor_reached":51,"playtime":2371,"items_purged":["Bash"],"score":723,"play_id":"5ddf41c9-4224-43ac-9196-96cfbea59f02","local_time":"20181210043542","is_ascension_mode":false,"campfire_choices":[{"data":"Seeing Red","floor":12.0,"key":"SMITH"},{"floor":15.0,"key":"REST"},{"data":"Heavy Blade","floor":25,"key":"SMITH"},{"floor":32,"key":"REST"},{"floor":41,"key":"REST"},{"floor":47,"key":"REST"},{"data":"Heavy Blade","floor":49,"key":"SMITH"}],"neow_cost":"NONE","seed_source_timestamp":0,"circlet_count":0,"master_deck":["Strike_R+1","Strike_R","Strike_R","Strike_R","Strike_R","Defend_R+1","Defend_R","Defend_R","Defend_R+1","Inflame","Spot Weakness","Whirlwind","Headbutt+1","Heavy Blade+1","Spot Weakness","Inflame","Heavy Blade+1","Seeing Red+1","Shrug It Off","Clash+1","Limit Break+1"],"special_seed":0,"relics":["Burning Blood","Pear","Vajra","Smiling Mask","Busted Crown","Matryoshka","Anchor","Bag of Marbles","Toxic Egg 2","Strawberry","Blood Vial","War Paint","Cursed Key","Omamori","Champion Belt","PreservedInsect","Regal Pillow"],"potions_floor_usage":[16,20,27,33,37,40,45,46],"damage_taken":[{"damage":0.0,"enemies":"Small Slimes","floor":1.0,"turns":3.0},{"damage":10.0,"enemies":"Cultist","floor":3.0,"turns":4.0},{"damage":5.0,"enemies":"2 Louse","floor":5.0,"turns":2.0},{"damage":29.0,"enemies":"Lagavulin","floor":6.0,"turns":5.0},{"damage":10.0,"enemies":"2 Fungi Beasts","floor":7.0,"turns":3.0},{"damage":43,"enemies":"Hexaghost","floor":16,"turns":8},{"damage":0,"enemies":"3 Byrds","floor":18,"turns":3},{"damage":0,"enemies":"Chosen","floor":19,"turns":4},{"damage":0,"enemies":"Snecko","floor":20,"turns":3},{"damage":34,"enemies":"Gremlin Leader","floor":23,"turns":3},{"damage":7,"enemies":"Centurion and Healer","floor":27,"turns":3},{"damage":15,"enemies":"Snake Plant","floor":28,"turns":3},{"damage":26,"enemies":"3 Cultists","floor":29,"turns":5},{"damage":9,"enemies":"Centurion and Healer","floor":31,"turns":4},{"damage":72,"enemies":"Champ","floor":33,"turns":9},{"damage":0,"enemies":"3 Shapes","floor":35,"turns":2},{"damage":28,"enemies":"3 Darklings","floor":36,"turns":3},{"damage":15,"enemies":"Maw","floor":37,"turns":6},{"damage":23,"enemies":"2 Orb Walkers","floor":39,"turns":3},{"damage":38,"enemies":"Spire Growth","floor":40,"turns":4},{"damage":0,"enemies":"4 Shapes","floor":42,"turns":3},{"damage":0,"enemies":"Jaw Worm Horde","floor":45,"turns":2},{"damage":14,"enemies":"Sphere and 2 Shapes","floor":46,"turns":4},{"damage":4,"enemies":"Transient","floor":48,"turns":5},{"damage":44,"enemies":"Donu and Deca","floor":50,"turns":5}],"seed_played":"-2594810733142809565","potions_obtained":[{"floor":5.0,"key":"Dexterity Potion"},{"floor":6.0,"key":"Explosive Potion"},{"floor":7.0,"key":"Weak Potion"},{"floor":18,"key":"Energy Potion"},{"floor":23,"key":"Dexterity Potion"},{"floor":31,"key":"Fire Potion"},{"floor":33,"key":"Regen Potion"},{"floor":39,"key":"Swift Potion"},{"floor":40,"key":"SteroidPotion"},{"floor":45,"key":"Fruit Juice"}],"is_trial":false,"path_per_floor":["M","$","M","?","M","E","M","$","T","$","T","R","?","?","R","B",null,"M","M","M","$","T","E","?","R","T","M","M","M","$","M","R","B",null,"M","M","M","$","?","M","R","M","T","$","M","M","R","M","R","B",null],"character_chosen":"IRONCLAD","items_purchased":["Spot Weakness","Whirlwind","Heavy Blade","Seeing Red","Shrug It Off","Matryoshka","War Paint","Omamori","Regal Pillow"],"campfire_rested":4,"item_purchase_floors":[2,2,8,8,10,21,30,38,44],"current_hp_per_floor":[80,80,76,76,77,64,60,60,60,60,60,60,42,42,69,32,90,90,90,90,90,90,62,62,62,69,70,63,45,45,44,73,9,97,97,75,80,80,65,35,64,72,72,72,80,79,102,102,102,64],"gold":42,"neow_bonus":"HUNDRED_GOLD","is_prod":false,"is_daily":false,"chose_seed":false,"campfire_upgraded":3,"win_rate":0,"timestamp":1544434542,"path_taken":["M","$","M","?","M","E","?","$","T","$","?","R","?","?","R","BOSS","M","M","M","$","?","E","?","R","T","M","M","M","$","M","R","BOSS","M","M","?","?","?","M","R","M","T","$","M","M","R","M","R","BOSS"],"build_version":"2018-12-06","purchased_purges":1,"victory":true,"max_hp_per_floor":[80,80,80,80,80,90,90,90,90,90,90,90,90,90,90,90,90,90,90,90,90,90,90,90,90,97,97,97,97,97,97,97,97,97,97,97,97,97,97,97,97,97,97,97,97,102,102,102,102,102],"card_choices":[{"not_picked":["Sword Boomerang","Pommel Strike"],"picked":"Inflame","floor":1.0},{"not_picked":["Clothesline","Havoc"],"picked":"Headbutt","floor":3.0},{"not_picked":["True Grit","Clothesline"],"picked":"Heavy Blade","floor":5.0},{"not_picked":["Metallicize","Twin Strike"],"picked":"Spot Weakness","floor":6.0},{"not_picked":["Clothesline","Bloodletting"],"picked":"Inflame","floor":7.0},{"not_picked":["Reckless Charge"],"picked":"SKIP","floor":18},{"not_picked":["Seeing Red"],"picked":"SKIP","floor":19},{"not_picked":["Twin Strike"],"picked":"SKIP","floor":20},{"not_picked":["Carnage"],"picked":"SKIP","floor":23},{"not_picked":[],"picked":"Clash+1","floor":27},{"not_picked":["Corruption"],"picked":"SKIP","floor":28},{"not_picked":["Body Slam"],"picked":"SKIP","floor":29},{"not_picked":["Heavy Blade"],"picked":"SKIP","floor":31},{"not_picked":[],"picked":"Limit Break+1","floor":33},{"not_picked":["Headbutt"],"picked":"SKIP","floor":35},{"not_picked":["Disarm+1"],"picked":"SKIP","floor":36},{"not_picked":["Headbutt+1"],"picked":"SKIP","floor":37},{"not_picked":["Shockwave+1"],"picked":"SKIP","floor":40},{"not_picked":["Clothesline"],"picked":"SKIP","floor":42},{"not_picked":["Body Slam"],"picked":"SKIP","floor":45},{"not_picked":["Combust+1"],"picked":"SKIP","floor":46},{"not_picked":["Thunderclap"],"picked":"SKIP","floor":48}],"player_experience":230765,"relics_obtained":[{"floor":6.0,"key":"Pear"},{"floor":9.0,"key":"Vajra"},{"floor":11.0,"key":"Smiling Mask"},{"floor":22,"key":"Anchor"},{"floor":22,"key":"Bag of Marbles"},{"floor":23,"key":"Toxic Egg 2"},{"floor":26,"key":"Strawberry"},{"floor":26,"key":"Blood Vial"},{"floor":39,"key":"Champion Belt"},{"floor":43,"key":"PreservedInsect"}],"event_choices":[{"damage_healed":0.0,"max_hp_gain":0.0,"max_hp_loss":0.0,"gold_gain":0.0,"event_name":"The Woman in Blue","player_choice":"Bought 0 Potions","floor":4.0,"gold_loss":0.0,"damage_taken":0.0},{"damage_healed":0.0,"max_hp_gain":0.0,"max_hp_loss":0.0,"gold_gain":0.0,"event_name":"Shining Light","player_choice":"Entered Light","floor":13.0,"gold_loss":0.0,"damage_taken":18.0,"cards_upgraded":["Strike_R","Headbutt"]},{"damage_healed":0.0,"max_hp_gain":0.0,"max_hp_loss":0.0,"gold_gain":100.0,"event_name":"Golden Shrine","player_choice":"Pray","floor":14.0,"gold_loss":0.0,"damage_taken":0.0},{"damage_healed":0,"gold_gain":0,"player_choice":"Ignored","damage_taken":0,"max_hp_gain":0,"max_hp_loss":0,"event_name":"NoteForYourself","floor":24,"gold_loss":0},{"damage_healed":0,"gold_gain":0,"player_choice":"Fight","damage_taken":0,"max_hp_gain":0,"max_hp_loss":0,"event_name":"Mysterious Sphere","floor":39,"gold_loss":0}],"is_beta":false,"boss_relics":[{"not_picked":["Calling Bell","Philosopher\u0027s Stone"],"picked":"Busted Crown"},{"not_picked":["Orrery","Runic Dome"],"picked":"Cursed Key"}],"items_purged_floors":[21],"is_endless":false,"potions_floor_spawned":[5,6,7,18,23,31,33,39,40,45],"ascension_level":0}