{"gold_per_floor":[115,115,134,134,153,184,109,142,194,194,218,218,235,32,32,32],"floor_reached":16,"playtime":561,"items_purged":["Defend_R"],"score":158,"play_id":"8a0819b5-4a75-49d4-848b-4f8446ef651a","local_time":"20180707154512","daily_mods":["Heirloom"],"is_ascension_mode":false,"campfire_choices":[{"floor":15,"key":"REST"}],"neow_cost":"","seed_source_timestamp":0,"circlet_count":0,"master_deck":["Strike_R","Strike_R+1","Strike_R+1","Strike_R","Strike_R","Defend_R","Defend_R","Defend_R","Shrug It Off","Rampage","Iron Wave","Clash","Searing Blow","Clash"],"relics":["Unceasing Top","Prayer Wheel","Shuriken","Happy Flower","Juzu Bracelet","Whetstone","DollysMirror"],"potions_floor_usage":[5,8,16],"damage_taken":[{"damage":8,"enemies":"Jaw Worm","floor":1,"turns":4},{"damage":0,"enemies":"Small Slimes","floor":3,"turns":4},{"damage":7,"enemies":"2 Louse","floor":5,"turns":3},{"damage":31,"enemies":"Lagavulin","floor":6,"turns":9},{"damage":20,"enemies":"3 Sentries","floor":8,"turns":6},{"damage":0,"enemies":"Looter","floor":13,"turns":3},{"damage":37,"enemies":"The Guardian","floor":16,"turns":11}],"seed_played":"7401068394902325207","potions_obtained":[{"floor":3,"key":"SkillPotion"},{"floor":6,"key":"SkillPotion"},{"floor":13,"key":"Energy Potion"}],"is_trial":true,"path_per_floor":["M","?","M","?","M","E","$","E","T","?","T","?","M","$","R"],"character_chosen":"IRONCLAD","items_purchased":["DollysMirror"],"campfire_rested":1,"item_purchase_floors":[14],"current_hp_per_floor":[72,77,77,70,63,32,32,12,12,12,12,12,12,12,37,0],"gold":32,"neow_bonus":"","is_prod":false,"is_daily":false,"chose_seed":false,"campfire_upgraded":0,"win_rate":0,"timestamp":1530942312,"path_taken":["M","?","M","?","M","E","$","E","T","?","?","?","M","$","R","BOSS"],"build_version":"2018-07-05","purchased_purges":1,"victory":false,"max_hp_per_floor":[80,85,85,85,85,85,85,85,85,85,85,85,85,85,85,85],"card_choices":[{"not_picked":["Wild Strike","Warcry"],"picked":"Shrug It Off","floor":1},{"not_picked":["Fire Breathing","Intimidate"],"picked":"Rampage","floor":1},{"not_picked":["Disarm","Hemokinesis"],"picked":"Iron Wave","floor":3},{"not_picked":["Heavy Blade","Armaments"],"picked":"Clash","floor":3},{"not_picked":["Ghostly Armor","Twin Strike","Headbutt"],"picked":"SKIP","floor":5},{"not_picked":["Clothesline","Iron Wave","Havoc"],"picked":"SKIP","floor":5},{"not_picked":["Battle Trance","Armaments"],"picked":"Searing Blow","floor":6},{"not_picked":["Sever Soul","Headbutt","True Grit"],"picked":"SKIP","floor":8},{"not_picked":["Iron Wave","Sever Soul","True Grit"],"picked":"SKIP","floor":13},{"not_picked":["Pommel Strike","Inflame","Entrench"],"picked":"SKIP","floor":13}],"player_experience":482014,"relics_obtained":[{"floor":6,"key":"Shuriken"},{"floor":8,"key":"Happy Flower"},{"floor":9,"key":"Juzu Bracelet"},{"floor":11,"key":"Whetstone"}],"event_choices":[{"event_name":"Big Fish","player_choice":"Donut","floor":2,"damage_taken":0},{"event_name":"Golden Wing","player_choice":"Card Removal","floor":4,"damage_taken":0},{"event_name":"Dead Adventurer","player_choice":"Searched \u00270\u0027 times","floor":10,"damage_taken":0},{"event_name":"Shining Light","player_choice":"Ignored","floor":12,"damage_taken":0}],"boss_relics":[],"items_purged_floors":[7],"is_endless":true,"potions_floor_spawned":[3,6,13],"killed_by":"The Guardian","ascension_level":0}