{"path_per_floor":["M","?","M","M","$","R","E","M","T","M","M","R","M","M","R","B",null,"M","M","$","M","?","E","R","E","T","R","$","M","M","M","R","B",null,"M","?","?","M","?","R","E","R","T","M","M","E","$","M","R","B"],"character_chosen":"THE_SILENT","items_purchased":["Bouncing Flask","Art of War","Vajra","Shuriken","Pantograph"],"gold_per_floor":[117,292,311,329,69,69,98,118,118,128,140,140,159,170,170,241,241,258,270,126,138,138,167,167,194,194,194,4,19,36,52,52,129,129,144,144,144,161,161,161,189,189,189,207,222,256,50,66,66,66],"floor_reached":51,"campfire_rested":4,"playtime":5050,"current_hp_per_floor":[63,63,63,56,56,56,40,34,34,31,23,44,40,32,32,32,61,59,45,45,45,45,34,55,55,55,55,55,55,55,55,55,30,60,50,50,50,50,50,50,44,65,65,58,57,39,39,37,58,32],"items_purged":["Doubt"],"gold":66,"score":1334,"play_id":"a4972fe6-2d8e-4248-ac35-5b0abd7cd73d","local_time":"20180421184938","is_prod":false,"is_daily":false,"chose_seed":false,"is_ascension_mode":true,"campfire_upgraded":5,"timestamp":1524329378,"path_taken":["M","?","M","M","$","R","E","M","T","M","M","R","?","M","R","BOSS","M","M","$","M","?","E","R","E","T","R","$","M","M","M","R","BOSS","M","?","?","M","?","R","E","R","T","?","M","E","?","M","R","BOSS"],"build_version":"2018-04-19","seed_source_timestamp":343594384548537,"purchased_purges":1,"victory":true,"master_deck":["Survivor","Neutralize","AscendersBane","Footwork+1","Quick Slash","Bouncing Flask+1","Footwork+1","Malaise+1","Flying Knee+1","Dodge and Roll","Expertise","Glass Knife+1","Acrobatics","Backflip","Quick Slash+1","Choke+1","PiercingWail","Dodge and Roll","Outmaneuver","Crippling Poison","Heel Hook+1","Dodge and Roll","Predator+1","Cloak And Dagger","Leg Sweep","Skewer+1","Cloak And Dagger+1","Cloak And Dagger+1","Infinite Blades","Endless Agony+1","Night Terror+1","After Image+1","Cloak And Dagger+1","Heel Hook+1","Doppelganger+1"],"max_hp_per_floor":[70,70,70,70,70,70,70,70,70,70,70,70,70,70,70,70,70,70,70,70,70,70,70,70,70,70,70,70,70,70,70,70,70,70,70,70,70,70,70,70,70,70,70,70,70,70,70,70,70,70],"relics":["Sozu","Art of War","Molten Egg 2","Mummified Hand","Pandora\u0027s Box","Vajra","Letter Opener","Toxic Egg 2","The Courier","Shuriken","Cursed Key","Oddly Smooth Stone","Tough Bandages","Pantograph"],"card_choices":[{"not_picked":["Prepared","Flying Knee"],"picked":"Footwork","floor":3},{"not_picked":["Endless Agony","Doppelganger"],"picked":"Quick Slash","floor":4},{"not_picked":["Outmaneuver","Deadly Poison"],"picked":"Footwork","floor":7},{"not_picked":["Outmaneuver","Deadly Poison"],"picked":"Malaise","floor":8},{"not_picked":["Acrobatics","Cloak And Dagger"],"picked":"Flying Knee","floor":10},{"not_picked":["Terror","All Out Attack"],"picked":"Dodge and Roll","floor":13},{"not_picked":["Blade Dance","Finisher"],"picked":"Expertise","floor":14},{"not_picked":["After Image","Phantasmal Killer"],"picked":"Glass Knife","floor":16},{"not_picked":["Dagger Throw","Slice"],"picked":"Predator","floor":18},{"not_picked":["Crippling Poison","Setup"],"picked":"Cloak And Dagger","floor":19},{"not_picked":["Noxious Fumes","Heel Hook"],"picked":"Skewer","floor":23},{"not_picked":["Glass Knife","Deadly Poison"],"picked":"Cloak And Dagger","floor":25},{"not_picked":["Terror","Backflip"],"picked":"Cloak And Dagger","floor":29},{"not_picked":["Prepared","Dagger Spray"],"picked":"Infinite Blades","floor":30},{"not_picked":["Riddle With Holes","Crippling Poison"],"picked":"Endless Agony","floor":31},{"not_picked":["A Thousand Cuts","Tactician"],"picked":"Night Terror","floor":33},{"not_picked":["Bane","Underhanded Strike"],"picked":"After Image","floor":38},{"not_picked":["Backflip","Dodge and Roll"],"picked":"Cloak And Dagger","floor":41},{"not_picked":["Backstab","Deflect"],"picked":"Heel Hook","floor":44},{"not_picked":["Tactician","Outmaneuver"],"picked":"Doppelganger","floor":46}],"player_experience":397551,"potions_floor_usage":[],"damage_taken":[{"damage":0,"enemies":"Small Slimes","floor":1,"turns":5},{"damage":0,"enemies":"Cultist","floor":3,"turns":5},{"damage":7,"enemies":"2 Louse","floor":4,"turns":3},{"damage":16,"enemies":"3 Sentries","floor":7,"turns":8},{"damage":6,"enemies":"2 Fungi Beasts","floor":8,"turns":3},{"damage":3,"enemies":"Exordium Wildlife","floor":10,"turns":3},{"damage":8,"enemies":"Looter","floor":11,"turns":3},{"damage":4,"enemies":"Blue Slaver","floor":13,"turns":4},{"damage":8,"enemies":"3 Louse","floor":14,"turns":5},{"damage":0,"enemies":"Slime Boss","floor":16,"turns":14},{"damage":2,"enemies":"Shell Parasite","floor":18,"turns":6},{"damage":14,"enemies":"3 Byrds","floor":19,"turns":5},{"damage":0,"enemies":"Centurion and Healer","floor":21,"turns":4},{"damage":11,"enemies":"Gremlin Leader","floor":23,"turns":6},{"damage":0,"enemies":"Book of Stabbing","floor":25,"turns":5},{"damage":0,"enemies":"3 Cultists","floor":29,"turns":5},{"damage":0,"enemies":"Chosen and Byrds","floor":30,"turns":5},{"damage":0,"enemies":"Cultist and Chosen","floor":31,"turns":3},{"damage":25,"enemies":"Automaton","floor":33,"turns":9},{"damage":10,"enemies":"3 Shapes","floor":35,"turns":5},{"damage":0,"enemies":"3 Darklings","floor":38,"turns":4},{"damage":6,"enemies":"2 Orb Walkers","floor":41,"turns":4},{"damage":7,"enemies":"Maw","floor":44,"turns":7},{"damage":1,"enemies":"Sphere and 2 Shapes","floor":45,"turns":4},{"damage":18,"enemies":"Nemesis","floor":46,"turns":5},{"damage":2,"enemies":"3 Darklings","floor":48,"turns":6},{"damage":38,"enemies":"Time Eater","floor":50,"turns":12}],"event_choices":[{"event_name":"Liars Game","player_choice":"agreed","floor":2,"damage_taken":0},{"event_name":"Match and Keep!","player_choice":"2 cards matched","floor":22,"damage_taken":0},{"event_name":"Tomb of Lord Red Mask","player_choice":"Ignored","floor":36,"damage_taken":0},{"event_name":"Mysterious Sphere","player_choice":"Ignore","floor":37,"damage_taken":0}],"boss_relics":[{"not_picked":["Runic Dome","Orrery"],"picked":"Pandora\u0027s Box"},{"not_picked":["Snecko Eye","Runic Pyramid"],"picked":"Cursed Key"}],"potions_floor_spawned":[1,8,16,21,23,31,33,38,45,46,48],"seed_played":"-1362867373942229968","ascension_level":13,"is_trial":false}