{"gold_per_floor":[112,122,134,152,170,170,42,42,68,68,94,106,146,158,170,182],"floor_reached":16,"playtime":1797,"items_purged":["Strike_R"],"score":110,"play_id":"ca6eec33-e070-4592-9363-dfd64b21b354","local_time":"20190305204847","is_ascension_mode":false,"campfire_choices":[{"data":"Body Slam","floor":6,"key":"SMITH"},{"data":"Shrug It Off","floor":8,"key":"SMITH"},{"data":"Clothesline","floor":10,"key":"SMITH"},{"floor":12,"key":"REST"},{"floor":15,"key":"REST"}],"neow_cost":"NONE","seed_source_timestamp":284144611847189,"circlet_count":0,"master_deck":["Strike_R","Strike_R","Strike_R","Strike_R","Defend_R","Defend_R","Defend_R","Defend_R","Bash","Body Slam+1","Shockwave","Clothesline+1","Shrug It Off+1","Shrug It Off","Dark Embrace","Parasite"],"relics":["Burning Blood","NeowsBlessing","Lantern","MawBank","Strawberry"],"potions_floor_usage":[4,5,16],"damage_taken":[{"damage":0,"enemies":"Cultist","floor":1,"turns":1},{"damage":0,"enemies":"Small Slimes","floor":2,"turns":1},{"damage":0,"enemies":"2 Louse","floor":3,"turns":1},{"damage":13,"enemies":"2 Fungi Beasts","floor":4,"turns":3},{"damage":16,"enemies":"Exordium Wildlife","floor":5,"turns":7},{"damage":54,"enemies":"Gremlin Nob","floor":11,"turns":6},{"damage":14,"enemies":"3 Sentries","floor":13,"turns":7},{"damage":87,"enemies":"Hexaghost","floor":16,"turns":14}],"seed_played":"1161015281367946978","potions_obtained":[{"floor":2,"key":"Explosive Potion"},{"floor":4,"key":"Dexterity Potion"},{"floor":11,"key":"SneckoOil"},{"floor":13,"key":"Swift Potion"}],"is_trial":false,"path_per_floor":["M","M","M","M","M","R","$","R","T","R","E","R","E","?","R","B"],"character_chosen":"IRONCLAD","items_purchased":["Shrug It Off"],"campfire_rested":2,"item_purchase_floors":[7],"current_hp_per_floor":[80,80,80,73,63,63,63,63,63,63,15,39,38,59,85,0],"gold":182,"neow_bonus":"THREE_ENEMY_KILL","is_prod":false,"is_daily":false,"chose_seed":false,"campfire_upgraded":3,"win_rate":0,"timestamp":1551836927,"path_taken":["M","M","M","M","?","R","$","R","T","R","E","R","E","?","R","BOSS"],"build_version":"2019-01-23","purchased_purges":1,"victory":false,"max_hp_per_floor":[80,80,80,80,80,80,80,80,80,80,80,80,87,87,87,87],"card_choices":[{"not_picked":["Cleave","Power Through","Heavy Blade"],"picked":"SKIP","floor":1},{"not_picked":["Headbutt","Clash","Uppercut"],"picked":"SKIP","floor":2},{"not_picked":["Armaments","Cleave"],"picked":"Body Slam","floor":3},{"not_picked":["Demon Form","Cleave"],"picked":"Shockwave","floor":4},{"not_picked":["Anger","Sentinel"],"picked":"Clothesline","floor":5},{"not_picked":["Flex","Wild Strike"],"picked":"Shrug It Off","floor":11},{"not_picked":["Anger","Perfected Strike"],"picked":"Dark Embrace","floor":13}],"player_experience":247652,"relics_obtained":[{"floor":9,"key":"Lantern"},{"floor":11,"key":"MawBank"},{"floor":13,"key":"Strawberry"}],"event_choices":[{"damage_healed":21,"gold_gain":0,"player_choice":"Healed and dodged fight","damage_taken":0,"max_hp_gain":0,"max_hp_loss":0,"event_name":"Mushrooms","floor":14,"gold_loss":0,"cards_obtained":["Parasite"]}],"is_beta":false,"boss_relics":[],"items_purged_floors":[7],"is_endless":false,"potions_floor_spawned":[2,4,11,13],"killed_by":"Hexaghost","ascension_level":0}