{"gold_per_floor":[110,120,45,45,45,72,72,72,97,97,132,132,148,48,48,48],"floor_reached":16,"playtime":454,"items_purged":["Strike_B","Strike_B"],"score":262,"play_id":"eddae927-438d-4384-b57b-005f909bc0e0","local_time":"20181127211954","is_ascension_mode":true,"campfire_choices":[{"data":"Defragment","floor":7.0,"key":"SMITH"},{"floor":10.0,"key":"REST"},{"floor":12.0,"key":"REST"},{"floor":15,"key":"REST"}],"neow_cost":"NONE","seed_source_timestamp":0,"circlet_count":0,"master_deck":["AscendersBane","Strike_B","Strike_B+1","Defend_B","Defend_B","Defend_B","Zap","Dualcast+1","Defragment+1","Capacitor"],"special_seed":0,"relics":["Cracked Core","NeowsBlessing","Ancient Tea Set","Oddly Smooth Stone","Art of War"],"potions_floor_usage":[16,16],"damage_taken":[{"damage":0.0,"enemies":"Small Slimes","floor":1.0,"turns":1.0},{"damage":0.0,"enemies":"Jaw Worm","floor":2.0,"turns":1.0},{"damage":0.0,"enemies":"Lagavulin","floor":6.0,"turns":2.0},{"damage":32.0,"enemies":"Gremlin Nob","floor":11.0,"turns":4.0},{"damage":4.0,"enemies":"2 Louse","floor":13.0,"turns":2.0},{"damage":64,"enemies":"Slime Boss","floor":16,"turns":8}],"seed_played":"9073273756773173952","potions_obtained":[{"floor":2.0,"key":"Explosive Potion"},{"floor":6.0,"key":"EssenceOfSteel"}],"is_trial":false,"path_per_floor":["M","M","$","?","$","E","R","?","T","R","E","R","M","$","R","B"],"character_chosen":"DEFECT","items_purchased":[],"campfire_rested":3,"item_purchase_floors":[],"current_hp_per_floor":[64,64,64,57,57,57,57,36,36,57,25,46,42,42,63,0],"gold":48,"neow_bonus":"THREE_ENEMY_KILL","is_prod":false,"is_daily":false,"chose_seed":false,"campfire_upgraded":1,"win_rate":0,"timestamp":1543382394,"path_taken":["M","M","$","?","?","E","R","?","T","R","E","R","M","$","R","BOSS"],"build_version":"2018-11-15","purchased_purges":2,"victory":false,"max_hp_per_floor":[71,71,71,71,71,71,71,71,71,71,71,71,71,71,71,71],"card_choices":[{"not_picked":["Coolheaded","Loop"],"picked":"Defragment","floor":1.0},{"not_picked":["Stack","Leap","Skim"],"picked":"SKIP","floor":2.0},{"not_picked":["Rebound","Genetic Algorithm","Go for the Eyes"],"picked":"SKIP","floor":6.0},{"not_picked":["Compile Driver","Gash","Double Energy"],"picked":"SKIP","floor":11.0},{"not_picked":["Go for the Eyes","Rip and Tear"],"picked":"Capacitor","floor":13.0}],"player_experience":679473,"relics_obtained":[{"floor":6.0,"key":"Ancient Tea Set"},{"floor":9.0,"key":"Oddly Smooth Stone"},{"floor":11.0,"key":"Art of War"}],"event_choices":[{"cards_removed":["Defend_B"],"damage_healed":0.0,"max_hp_gain":0.0,"max_hp_loss":0.0,"gold_gain":0.0,"event_name":"Golden Wing","player_choice":"Card Removal","floor":4.0,"gold_loss":0.0,"damage_taken":7.0},{"damage_healed":0.0,"max_hp_gain":0.0,"max_hp_loss":0.0,"gold_gain":0.0,"event_name":"Shining Light","player_choice":"Entered Light","floor":8.0,"gold_loss":0.0,"damage_taken":21.0,"cards_upgraded":["Dualcast","Strike_B"]}],"is_beta":false,"boss_relics":[],"items_purged_floors":[3,14],"is_endless":false,"potions_floor_spawned":[2,6,11],"killed_by":"Slime Boss","ascension_level":20}