{"gold_per_floor":[363,363,378,553,158,202,235,235,235,259,259,3,3,28,28,153,153,144,144,144,164,180,180],"floor_reached":23,"playtime":1177,"items_purged":["Doubt","Strike_G"],"score":318,"play_id":"9b76bda2-a556-49e2-b9ed-62408d3fe8d8","local_time":"20190205184619","is_ascension_mode":true,"campfire_choices":[{"data":"Glass Knife","floor":11.0,"key":"SMITH"},{"data":"Blind","floor":13.0,"key":"SMITH"},{"data":"Wraith Form v2","floor":15.0,"key":"SMITH"}],"neow_cost":"PERCENT_DAMAGE","seed_source_timestamp":0,"circlet_count":0,"master_deck":["AscendersBane","Defend_G","Defend_G","Defend_G","Defend_G","Defend_G","Survivor","Neutralize","Slice","Poisoned Stab","Footwork","Endless Agony","Glass Knife+1","Well Laid Plans","Quick Slash","Blind+1","Wraith Form v2+1","After Image","Cloak And Dagger+1","Bite","Bite","Bite","Bite","Bite","Catalyst","Cloak And Dagger+1"],"special_seed":0,"relics":["Ring of the Snake","Golden Idol","Strange Spoon","Potion Belt","Odd Mushroom","Bag of Marbles","Black Star","Gremlin Horn"],"potions_floor_usage":[],"damage_taken":[{"damage":0.0,"enemies":"Cultist","floor":1.0,"turns":5.0},{"damage":0.0,"enemies":"Small Slimes","floor":3.0,"turns":4.0},{"damage":25.0,"enemies":"Gremlin Nob","floor":6.0,"turns":5.0},{"damage":0.0,"enemies":"The Mushroom Lair","floor":7.0,"turns":4.0},{"damage":0.0,"enemies":"2 Louse","floor":10.0,"turns":2.0},{"damage":0.0,"enemies":"Exordium Wildlife","floor":14.0,"turns":1.0},{"damage":26.0,"enemies":"Slime Boss","floor":16.0,"turns":14.0},{"damage":7,"enemies":"2 Thieves","floor":18,"turns":4},{"damage":7,"enemies":"Chosen","floor":21,"turns":7},{"damage":4,"enemies":"3 Cultists","floor":22,"turns":7},{"damage":54,"enemies":"Book of Stabbing","floor":23,"turns":5}],"seed_played":"-7985135871627934503","potions_obtained":[{"floor":6.0,"key":"Poison Potion"},{"floor":14.0,"key":"GhostInAJar"},{"floor":16.0,"key":"GhostInAJar"},{"floor":21,"key":"LiquidBronze"}],"is_trial":false,"path_per_floor":["M","?","M","?","$","E","?","?","T","M","R","$","R","M","R","B",null,"M","?","T","M","M","E"],"character_chosen":"THE_SILENT","items_purchased":["Footwork","Strange Spoon","Endless Agony","Blind","Regen Potion"],"campfire_rested":0,"item_purchase_floors":[5,5,5,12,12],"current_hp_per_floor":[45,45,45,45,45,20,20,20,20,20,20,20,20,20,20,9,51,44,44,44,45,45,0],"gold":180,"neow_bonus":"TWO_FIFTY_GOLD","is_prod":false,"is_daily":false,"chose_seed":false,"campfire_upgraded":3,"win_rate":0,"timestamp":1549410379,"path_taken":["M","?","M","?","$","E","?","?","T","M","R","$","R","M","R","BOSS","M","?","?","?","M","E"],"build_version":"2019-01-23","purchased_purges":2,"victory":false,"max_hp_per_floor":[70,65,65,65,65,65,65,65,65,65,65,65,65,65,65,65,65,65,45,45,45,45,45],"card_choices":[{"not_picked":["Sucker Punch","Underhanded Strike"],"picked":"Slice","floor":1.0},{"not_picked":["Outmaneuver","Bane"],"picked":"Poisoned Stab","floor":3.0},{"not_picked":["Bane","Backflip"],"picked":"Glass Knife","floor":6.0},{"not_picked":["Dagger Spray","Underhanded Strike"],"picked":"Well Laid Plans","floor":7.0},{"not_picked":["Slice","Bane"],"picked":"Quick Slash","floor":10.0},{"not_picked":["Deadly Poison","Outmaneuver"],"picked":"Wraith Form v2","floor":14.0},{"not_picked":["Bullet Time","Unload"],"picked":"After Image","floor":16.0},{"not_picked":["Endless Agony+1","Flechettes"],"picked":"Cloak And Dagger+1","floor":18},{"not_picked":["Prepared","Dagger Spray"],"picked":"Catalyst","floor":21},{"not_picked":["Prepared","Quick Slash"],"picked":"Cloak And Dagger+1","floor":22}],"player_experience":361271,"relics_obtained":[{"floor":6.0,"key":"Potion Belt"},{"floor":7.0,"key":"Odd Mushroom"},{"floor":20,"key":"Gremlin Horn"}],"event_choices":[{"damage_healed":0.0,"max_hp_gain":0.0,"max_hp_loss":5.0,"gold_gain":0.0,"event_name":"Golden Idol","player_choice":"Lose Max HP","floor":2.0,"gold_loss":0.0,"damage_taken":0.0,"relics_obtained":["Golden Idol"]},{"damage_healed":0.0,"max_hp_gain":0.0,"max_hp_loss":0.0,"gold_gain":175.0,"event_name":"Liars Game","player_choice":"AGREE","floor":4.0,"gold_loss":0.0,"damage_taken":0.0,"cards_obtained":["Doubt"]},{"damage_healed":0.0,"max_hp_gain":0.0,"max_hp_loss":0.0,"gold_gain":0.0,"event_name":"Mushrooms","player_choice":"Fought Mushrooms","floor":7.0,"gold_loss":0.0,"damage_taken":0.0},{"damage_healed":0.0,"max_hp_gain":0.0,"max_hp_loss":0.0,"gold_gain":0.0,"event_name":"Dead Adventurer","player_choice":"Searched \u00272\u0027 times","floor":8.0,"gold_loss":0.0,"damage_taken":0.0,"relics_obtained":["Bag of Marbles"]},{"damage_healed":0,"gold_gain":0,"player_choice":"Became a vampire","damage_taken":0,"max_hp_gain":0,"max_hp_loss":20,"event_name":"Vampires","floor":19,"gold_loss":0,"cards_obtained":["Bite","Bite","Bite","Bite","Bite"]}],"is_beta":false,"boss_relics":[{"not_picked":["Tiny House","Eternal Feather"],"picked":"Black Star"}],"items_purged_floors":[5,12],"is_endless":false,"potions_floor_spawned":[6,14,16,21],"killed_by":"Book of Stabbing","ascension_level":11}