{"gold_per_floor":[117,67,81,81,94,94,106,106,132,132,53,53,78,93,93,224,224,214,235,235,235,71,71,84,84,109,125,125,125,158,14,14,135,135,151,172,35,35,55,55,388,388,418,249,263,289,299,317,317,421,421,436,464,464,2,22,22,38,58,113,113,126,126,169,190,190,315,315,333,333,354,42,67,67,67,2,43,43,43,81,81,81,81,210,210,229,245,245,245,268,268,268,268,309,309,347,372,388,407,407,526,526,549,549,499,513,513,513,531,544,583,607,557,596,596,617,617,736,736,749,749,202,202,152,152,152,166,201,201,300,300,300,250,250,348,348,361,376,376,387,387,387,397,397,425,425,442,442,337,350,350,350],"floor_reached":152,"playtime":6535,"items_purged":["Defend_B","Strike_B","Writhe","Injury","Ball Lightning+1","Writhe","Writhe"],"score":4450,"play_id":"7466b14a-8a39-4b1c-8d04-7a10cd11de5d","local_time":"20180628202545","daily_mods":["Heirloom","Vintage"],"is_ascension_mode":false,"campfire_choices":[{"data":"Zap","floor":6.0,"key":"SMITH"},{"data":"Defend_B","floor":8.0,"key":"SMITH"},{"data":"Static Discharge","floor":15.0,"key":"SMITH"},{"data":"Glacier","floor":25.0,"key":"SMITH"},{"data":"Self Repair","floor":29.0,"key":"SMITH"},{"data":"Genetic Algorithm","floor":32.0,"key":"SMITH"},{"data":"Conserve Battery","floor":40.0,"key":"SMITH"},{"data":"Jack Of All Trades","floor":42.0,"key":"SMITH"},{"floor":49.0,"key":"REST"},{"data":"White Noise","floor":63.0,"key":"SMITH"},{"data":"Chill","floor":66.0,"key":"SMITH"},{"data":"Thunder Strike","floor":74.0,"key":"SMITH"},{"floor":83.0,"key":"REST"},{"floor":92.0,"key":"REST"},{"data":"Defend_B","floor":100.0,"key":"PURGE"},{"floor":108.0,"key":"DIG"},{"data":"Defend_B+1","floor":115.0,"key":"PURGE"},{"data":"Force Field","floor":117.0,"key":"SMITH"},{"floor":125,"key":"DIG"},{"data":"Gash","floor":129,"key":"SMITH"},{"data":"Bite+1","floor":131,"key":"PURGE"},{"floor":134,"key":"REST"},{"data":"Injury","floor":144,"key":"PURGE"},{"data":"Bite+1","floor":151,"key":"PURGE"}],"neow_cost":"","seed_source_timestamp":0,"circlet_count":9,"master_deck":["Zap+1","Dualcast+1","Static Discharge+1","Gash+1","Conserve Battery+1","Gash+1","Cold Snap+1","Glacier+1","Self Repair+1","Gash+1","Genetic Algorithm+1","Creative AI+1","Capacitor+1","Jack Of All Trades+1","Panache+1","Storm+1","Echo Form+1","Storm+1","Chill+1","Thunder Strike+1","Storm+1","Capacitor+1","Defragment+1","Thunder Strike+1","Bite+1","Bite+1","Bite+1","Thunder Strike+1","Panache+1","Magnetism+1","Magnetism+1","Chill+1","Defragment+1","Biased Cognition+1","Biased Cognition+1","Force Field+1","Thunder Strike+1","Self Repair+1","Defragment+1"],"special_seed":0,"relics":["Cracked Core","Sundial","War Paint","Pen Nib","Boot","Dodecahedron","The Courier","Orichalcum","Potion Belt","Orrery","Whetstone","Singing Bowl","Enchiridion","Strawberry","Regal Pillow","Frozen Egg 2","Omamori","Bronze Scales","Anchor","White Beast Statue","Bag of Preparation","Matryoshka","Lantern","Tiny Chest","DataDisk","Happy Flower","Shuriken","Bottled Lightning","Symbiotic Virus","Ornamental Fan","Inserter","Oddly Smooth Stone","Bloody Idol","Mummified Hand","Bottled Tornado","Letter Opener","Smiling Mask","Mercury Hourglass","Bag of Marbles","Juzu Bracelet","Ancient Tea Set","Incense Burner","Art of War","Vajra","Molten Egg 2","Peace Pipe","Cables","Nilry\u0027s Codex","Centennial Puzzle","Meat on the Bone","Pantograph","Du-Vu Doll","Kunai","Turnip","Unceasing Top","Bird Faced Urn","Calipers","Shovel","Dream Catcher","Ginger","Bottled Flame","Pear","Darkstone Periapt","Question Card","Toxic Egg 2","Gremlin Horn","Ice Cream","Torii","Circlet"],"potions_floor_usage":[140,140,143,145,145,150,152,152,152,152],"damage_taken":[{"damage":1.0,"enemies":"2 Louse","floor":1.0,"turns":3.0},{"damage":3.0,"enemies":"Jaw Worm","floor":3.0,"turns":3.0},{"damage":0.0,"enemies":"Cultist","floor":5.0,"turns":3.0},{"damage":0.0,"enemies":"3 Louse","floor":7.0,"turns":4.0},{"damage":0.0,"enemies":"Lagavulin","floor":10.0,"turns":1.0},{"damage":0.0,"enemies":"Red Slaver","floor":13.0,"turns":3.0},{"damage":3.0,"enemies":"Large Slime","floor":14.0,"turns":4.0},{"damage":39.0,"enemies":"Slime Boss","floor":16.0,"turns":9.0},{"damage":8.0,"enemies":"2 Thieves","floor":18.0,"turns":4.0},{"damage":0.0,"enemies":"Spheric Guardian","floor":19.0,"turns":3.0},{"damage":7.0,"enemies":"3 Cultists","floor":24.0,"turns":5.0},{"damage":7.0,"enemies":"Sentry and Sphere","floor":27.0,"turns":4.0},{"damage":19.0,"enemies":"Gremlin Leader","floor":30.0,"turns":7.0},{"damage":43.0,"enemies":"Automaton","floor":33.0,"turns":9.0},{"damage":22.0,"enemies":"Flame Bruiser 1 Orb","floor":35.0,"turns":6.0},{"damage":14.0,"enemies":"3 Shapes","floor":36.0,"turns":4.0},{"damage":8.0,"enemies":"3 Darklings","floor":39.0,"turns":6.0},{"damage":25.0,"enemies":"Flame Bruiser 2 Orb","floor":45.0,"turns":4.0},{"damage":30.0,"enemies":"Nemesis","floor":46.0,"turns":5.0},{"damage":9.0,"enemies":"Sphere and 2 Shapes","floor":47.0,"turns":3.0},{"damage":6.0,"enemies":"4 Shapes","floor":48.0,"turns":2.0},{"damage":78.0,"enemies":"Time Eater","floor":50.0,"turns":9.0},{"damage":0.0,"enemies":"Cultist","floor":52.0,"turns":2.0},{"damage":24.0,"enemies":"Gremlin Nob","floor":53.0,"turns":3.0},{"damage":0.0,"enemies":"2 Louse","floor":56.0,"turns":1.0},{"damage":0.0,"enemies":"Small Slimes","floor":58.0,"turns":1.0},{"damage":0.0,"enemies":"3 Louse","floor":59.0,"turns":1.0},{"damage":0.0,"enemies":"Large Slime","floor":62.0,"turns":2.0},{"damage":0.0,"enemies":"3 Sentries","floor":64.0,"turns":2.0},{"damage":0.0,"enemies":"Exordium Thugs","floor":65.0,"turns":1.0},{"damage":0.0,"enemies":"Slime Boss","floor":67.0,"turns":2.0},{"damage":12.0,"enemies":"2 Thieves","floor":69.0,"turns":2.0},{"damage":0.0,"enemies":"Chosen","floor":71.0,"turns":2.0},{"damage":0.0,"enemies":"Sentry and Sphere","floor":73.0,"turns":2.0},{"damage":0.0,"enemies":"Gremlin Leader","floor":77.0,"turns":3.0},{"damage":22.0,"enemies":"Book of Stabbing","floor":80.0,"turns":2.0},{"damage":0.0,"enemies":"Collector","floor":84.0,"turns":3.0},{"damage":0.0,"enemies":"3 Darklings","floor":86.0,"turns":2.0},{"damage":4.0,"enemies":"3 Shapes","floor":87.0,"turns":2.0},{"damage":17.0,"floor":88.0,"turns":4.0},{"damage":0.0,"enemies":"3 Darklings","floor":90.0,"turns":2.0},{"damage":0.0,"enemies":"Giant Head","floor":94.0,"turns":5.0},{"damage":65.0,"enemies":"Nemesis","floor":96.0,"turns":3.0},{"damage":0.0,"enemies":"Sphere and 2 Shapes","floor":97.0,"turns":1.0},{"damage":0.0,"enemies":"Transient","floor":98.0,"turns":5.0},{"damage":0.0,"enemies":"Spire Growth","floor":99.0,"turns":2.0},{"damage":23.0,"enemies":"Donu and Deca","floor":101.0,"turns":4.0},{"damage":2.0,"enemies":"Jaw Worm","floor":103.0,"turns":2.0},{"damage":0.0,"enemies":"2 Louse","floor":106.0,"turns":1.0},{"damage":0.0,"enemies":"Small Slimes","floor":109.0,"turns":1.0},{"damage":0.0,"enemies":"2 Fungi Beasts","floor":110.0,"turns":2.0},{"damage":0.0,"enemies":"3 Sentries","floor":111.0,"turns":2.0},{"damage":0.0,"enemies":"Lots of Slimes","floor":112.0,"turns":1.0},{"damage":0.0,"enemies":"Gremlin Nob","floor":114.0,"turns":2.0},{"damage":0.0,"enemies":"3 Louse","floor":116.0,"turns":1.0},{"damage":0.0,"enemies":"Slime Boss","floor":118.0,"turns":3.0},{"damage":0,"enemies":"Chosen","floor":120,"turns":2},{"damage":0,"enemies":"3 Byrds","floor":127,"turns":1},{"damage":0,"enemies":"Slavers","floor":128,"turns":2},{"damage":0,"enemies":"Champ","floor":135,"turns":4},{"damage":0,"enemies":"Orb Walker","floor":137,"turns":1},{"damage":24,"enemies":"3 Shapes","floor":138,"turns":3},{"damage":0,"enemies":"Spire Growth","floor":140,"turns":2},{"damage":0,"enemies":"Flame Bruiser 2 Orb","floor":143,"turns":2},{"damage":0,"enemies":"Giant Head","floor":145,"turns":4},{"damage":0,"enemies":"Maw","floor":147,"turns":3},{"damage":0,"enemies":"Sphere and 2 Shapes","floor":150,"turns":1},{"damage":134,"enemies":"Time Eater","floor":152,"turns":3}],"seed_played":"-1871860008775257214","potions_obtained":[{"floor":1.0,"key":"Block Potion"},{"floor":4.0,"key":"SkillPotion"},{"floor":4.0,"key":"SmokeBomb"},{"floor":16.0,"key":"Swift Potion"},{"floor":18.0,"key":"SteroidPotion"},{"floor":27.0,"key":"Weak Potion"},{"floor":33.0,"key":"Energy Potion"},{"floor":35.0,"key":"Fire Potion"},{"floor":36.0,"key":"Swift Potion"},{"floor":39.0,"key":"GamblersBrew"},{"floor":45.0,"key":"EssenceOfSteel"},{"floor":46.0,"key":"FairyPotion"},{"floor":47.0,"key":"PowerPotion"},{"floor":48.0,"key":"LiquidBronze"},{"floor":50.0,"key":"Fruit Juice"},{"floor":52.0,"key":"SpeedPotion"},{"floor":53.0,"key":"Dexterity Potion"},{"floor":56.0,"key":"Poison Potion"},{"floor":58.0,"key":"Energy Potion"},{"floor":62.0,"key":"GamblersBrew"},{"floor":67.0,"key":"EssenceOfSteel"},{"floor":69.0,"key":"SkillPotion"},{"floor":73.0,"key":"Ancient Potion"},{"floor":77.0,"key":"Poison Potion"},{"floor":80.0,"key":"SkillPotion"},{"floor":84.0,"key":"Poison Potion"},{"floor":86.0,"key":"LiquidBronze"},{"floor":87.0,"key":"SteroidPotion"},{"floor":88.0,"key":"Strength Potion"},{"floor":90.0,"key":"Regen Potion"},{"floor":94.0,"key":"Ancient Potion"},{"floor":96.0,"key":"PowerPotion"},{"floor":97.0,"key":"FearPotion"},{"floor":98.0,"key":"Ancient Potion"},{"floor":99.0,"key":"LiquidBronze"},{"floor":101.0,"key":"Poison Potion"},{"floor":103.0,"key":"PowerPotion"},{"floor":106.0,"key":"Block Potion"},{"floor":109.0,"key":"EssenceOfSteel"},{"floor":111.0,"key":"LiquidBronze"},{"floor":112.0,"key":"Regen Potion"},{"floor":114.0,"key":"SteroidPotion"},{"floor":118.0,"key":"GamblersBrew"},{"floor":120,"key":"Dexterity Potion"},{"floor":128,"key":"Fire Potion"},{"floor":135,"key":"Energy Potion"},{"floor":138,"key":"GamblersBrew"},{"floor":140,"key":"SteroidPotion"},{"floor":141,"key":"Poison Potion"},{"floor":143,"key":"SmokeBomb"},{"floor":145,"key":"Explosive Potion"},{"floor":147,"key":"LiquidBronze"},{"floor":150,"key":"FocusPotion"}],"is_trial":true,"path_per_floor":["M","?","M","?","M","R","M","R","T","E","$","?","M","M","R","B",null,"M","M","?","?","$","?","M","R","T","M","$","R","E","$","R","B",null,"M","M","$","?","M","R","?","R","T","$","M","E","M","M","R","B",null,"M","E","?","$","M","$","M","M","T","?","M","R","E","M","R","B",null,"M","?","M","$","M","R","?","$","E","?","?","E","?","?","R","B",null,"M","M","?","?","M","?","R","?","E","?","E","M","M","M","R","B",null,"M","?","?","M","?","R","M","M","E","M","$","E","R","M","R","B",null,"M","?","$","?","$","R","?","M","E","R","?","R","?","$","R","B",null,"M","M","?","M","?","?","M","R","E","?","M","?","$","M","R"],"character_chosen":"DEFECT","items_purchased":["Static Discharge","Gash","Self Repair","Genetic Algorithm","Bronze Scales","Capacitor+1","Panache+1","Mummified Hand","Storm+1","Bottled Tornado","Peace Pipe","Storm+1","Capacitor+1","Ice Cream","Torii","Defragment+1"],"campfire_rested":4,"item_purchase_floors":[],"current_hp_per_floor":[74,74,71,71,71,71,71,71,71,73,73,69,69,66,66,29,69,61,63,63,47,47,79,86,86,86,86,86,86,77,77,77,36,86,81,69,69,69,73,73,73,73,73,73,50,32,39,35,75,18,91,91,77,77,77,79,79,84,84,84,84,84,84,84,84,84,84,84,72,72,84,84,84,84,84,84,86,86,86,74,74,58,86,86,86,86,82,71,61,64,64,88,88,88,88,45,45,85,88,88,84,44,44,35,35,44,44,44,44,54,54,54,54,54,54,54,54,66,66,66,66,66,66,66,66,66,66,68,68,68,68,74,74,74,88,88,88,73,73,88,88,88,88,88,90,96,96,96,96,96,96,0],"gold":350,"neow_bonus":"","is_prod":false,"is_daily":false,"chose_seed":false,"campfire_upgraded":13,"win_rate":0,"timestamp":1530181545,"path_taken":["M","?","?","?","M","R","M","R","T","E","$","?","M","M","R","BOSS","M","M","?","?","$","?","?","R","T","M","$","R","E","$","R","BOSS","M","M","$","?","M","R","?","R","T","$","M","E","?","M","R","BOSS","M","?","?","?","M","$","?","?","T","?","M","R","E","M","R","BOSS","M","?","M","$","M","R","?","?","E","?","?","E","?","?","R","BOSS","M","M","?","?","M","?","R","?","E","?","E","M","M","M","R","BOSS","M","?","?","M","?","R","M","M","E","M","$","E","R","M","R","BOSS","M","?","$","?","$","R","?","M","E","R","?","R","?","?","R","BOSS","M","M","?","M","?","?","M","R","E","?","M","?","?","M","R","BOSS"],"build_version":"2018-06-27","purchased_purges":7,"victory":false,"max_hp_per_floor":[75,75,75,75,75,75,75,75,75,75,75,69,69,69,69,69,69,69,69,69,69,69,79,86,86,86,86,86,86,86,86,86,86,86,86,86,86,86,86,86,86,86,86,86,86,86,86,86,86,86,91,91,91,84,84,84,84,84,84,84,84,84,84,84,84,84,84,84,84,84,84,84,84,84,84,84,86,86,86,86,86,86,86,86,86,86,86,88,88,88,88,88,88,88,88,88,88,88,88,88,88,44,44,44,44,44,44,44,44,54,54,54,54,54,54,54,54,66,66,66,66,66,66,66,66,66,66,68,68,68,68,74,74,74,88,88,88,88,88,88,88,88,88,88,90,96,96,96,96,96,96,96],"card_choices":[{"not_picked":["Fission","Meteor Strike"],"picked":"Reboot","floor":16.0},{"not_picked":["Ball Lightning","Cold Snap"],"picked":"Gash","floor":17.0},{"not_picked":["Rebound","Skim"],"picked":"Conserve Battery","floor":17.0},{"not_picked":["Coolheaded","Redo"],"picked":"Gash","floor":17.0},{"not_picked":["Redo","Fission"],"picked":"Cold Snap","floor":17.0},{"not_picked":["Machine Learning+1","Auto Shields"],"picked":"Gash","floor":30.0},{"not_picked":["Thunder Strike","Seek"],"picked":"Creative AI+1","floor":33.0},{"not_picked":["Dark Shackles","Enlightenment"],"picked":"Jack Of All Trades","floor":38.0},{"not_picked":["Ball Lightning+1","Scrape"],"picked":"Storm+1","floor":46.0},{"not_picked":["Machine Learning+1","Fission"],"picked":"Echo Form+1","floor":50.0},{"not_picked":["Stack","Genetic Algorithm"],"picked":"White Noise","floor":53.0},{"not_picked":["Consume","Heatsinks+1"],"picked":"Chill","floor":64.0},{"not_picked":["All For One","Core Surge"],"picked":"Thunder Strike","floor":67.0},{"not_picked":["Conserve Battery","Stack","FTL+1"],"picked":"Singing Bowl","floor":77.0},{"not_picked":["Go for the Eyes+1","Stack"],"picked":"Thunder Strike+1","floor":80.0},{"not_picked":["Reboot","Meteor Strike+1"],"picked":"Thunder Strike+1","floor":84.0},{"not_picked":["Streamline+1","Blizzard+1","Go for the Eyes+1"],"picked":"Singing Bowl","floor":88.0},{"not_picked":["Trip","Deep Breath"],"picked":"Panache+1","floor":89.0},{"not_picked":["Finesse","Jack Of All Trades"],"picked":"Magnetism+1","floor":89.0},{"not_picked":["Mind Blast+1","Transmutation"],"picked":"Magnetism+1","floor":89.0},{"not_picked":["Reprogram","Go for the Eyes+1"],"picked":"Chill+1","floor":94.0},{"not_picked":["Darkness+1","Steam Power+1"],"picked":"Defragment+1","floor":96.0},{"not_picked":["Creative AI+1","Buffer+1"],"picked":"Biased Cognition+1","floor":101.0},{"not_picked":["Rebound+1","Multi-Cast"],"picked":"Biased Cognition+1","floor":111.0},{"not_picked":["All For One+1","Scrape+1"],"picked":"Force Field","floor":114.0},{"not_picked":["Creative AI+1","Rainbow","All For One+1"],"picked":"Thunder Strike+1","floor":118.0},{"not_picked":["Chaos+1","Steam Power+1","Coolheaded+1","Scrape+1"],"picked":"Singing Bowl","floor":128},{"not_picked":["Steam Power+1","Streamline+1","Ball Lightning+1"],"picked":"Self Repair+1","floor":134},{"not_picked":["Multi-Cast+1","Meteor Strike+1","Hyperbeam+1","All For One+1"],"picked":"Singing Bowl","floor":135},{"not_picked":["Coolheaded+1","Steam Power+1","Undo+1","Rebound+1"],"picked":"Singing Bowl","floor":145}],"player_experience":467356,"relics_obtained":[{"floor":1.0,"key":"War Paint"},{"floor":3.0,"key":"Pen Nib"},{"floor":5.0,"key":"Boot"},{"floor":7.0,"key":"Dodecahedron"},{"floor":9.0,"key":"Blood Vial"},{"floor":13.0,"key":"The Courier"},{"floor":14.0,"key":"Orichalcum"},{"floor":16.0,"key":"Potion Belt"},{"floor":18.0,"key":"Whetstone"},{"floor":19.0,"key":"Singing Bowl"},{"floor":21.0,"key":"Enchiridion"},{"floor":24.0,"key":"Strawberry"},{"floor":26.0,"key":"Regal Pillow"},{"floor":27.0,"key":"Frozen Egg 2"},{"floor":30.0,"key":"Omamori"},{"floor":33.0,"key":"Anchor"},{"floor":35.0,"key":"Bag of Preparation"},{"floor":36.0,"key":"Matryoshka"},{"floor":39.0,"key":"Lantern"},{"floor":43.0,"key":"Tiny Chest"},{"floor":43.0,"key":"DataDisk"},{"floor":45.0,"key":"Happy Flower"},{"floor":46.0,"key":"Shuriken"},{"floor":47.0,"key":"Bottled Lightning"},{"floor":48.0,"key":"Symbiotic Virus"},{"floor":50.0,"key":"Ornamental Fan"},{"floor":52.0,"key":"Oddly Smooth Stone"},{"floor":56.0,"key":"Letter Opener"},{"floor":58.0,"key":"Smiling Mask"},{"floor":59.0,"key":"Mercury Hourglass"},{"floor":60.0,"key":"Bag of Marbles"},{"floor":60.0,"key":"Juzu Bracelet"},{"floor":62.0,"key":"Ancient Tea Set"},{"floor":65.0,"key":"Incense Burner"},{"floor":67.0,"key":"Art of War"},{"floor":69.0,"key":"Vajra"},{"floor":71.0,"key":"Molten Egg 2"},{"floor":73.0,"key":"Cables"},{"floor":82.0,"key":"Nilry\u0027s Codex"},{"floor":84.0,"key":"Centennial Puzzle"},{"floor":86.0,"key":"Meat on the Bone"},{"floor":87.0,"key":"Pantograph"},{"floor":88.0,"key":"Du-Vu Doll"},{"floor":90.0,"key":"Kunai"},{"floor":97.0,"key":"Turnip"},{"floor":98.0,"key":"Unceasing Top"},{"floor":99.0,"key":"Bird Faced Urn"},{"floor":101.0,"key":"Calipers"},{"floor":103.0,"key":"Shovel"},{"floor":106.0,"key":"Dream Catcher"},{"floor":108.0,"key":"Ginger"},{"floor":109.0,"key":"Bottled Flame"},{"floor":110.0,"key":"Pear"},{"floor":112.0,"key":"Darkstone Periapt"},{"floor":116.0,"key":"Question Card"},{"floor":118.0,"key":"Toxic Egg 2"},{"floor":120,"key":"Gremlin Horn"},{"floor":125,"key":"Circlet"},{"floor":127,"key":"Circlet"},{"floor":137,"key":"Circlet"},{"floor":138,"key":"Circlet"},{"floor":140,"key":"Circlet"},{"floor":143,"key":"Circlet"},{"floor":147,"key":"Circlet"},{"floor":150,"key":"Circlet"}],"event_choices":[{"event_name":"The Cleric","player_choice":"Card Removal","floor":2.0,"damage_taken":0.0},{"event_name":"The Lab","player_choice":"Got Potions","floor":4.0,"damage_taken":0.0},{"event_name":"Golden Idol","player_choice":"Lose Max HP","floor":12.0,"damage_taken":0.0},{"event_name":"The Library","player_choice":"Read","floor":20.0,"damage_taken":0.0},{"event_name":"Cursed Tome","player_choice":"Obtained Book","floor":21.0,"damage_taken":0.0},{"event_name":"Bonfire Elementals","player_choice":"RARE","floor":23.0,"damage_taken":0.0},{"event_name":"SensoryStone","player_choice":"Memory 1","floor":38.0,"damage_taken":0.0},{"event_name":"The Moai Head","player_choice":"Gave Idol","floor":41.0,"damage_taken":0.0},{"event_name":"Golden Idol","player_choice":"Lose Max HP","floor":54.0,"damage_taken":0.0},{"event_name":"The Woman in Blue","player_choice":"Bought 0 Potions","floor":61.0,"damage_taken":0.0},{"event_name":"Match and Keep!","player_choice":"0 cards matched","floor":70.0,"damage_taken":0.0},{"event_name":"Addict","player_choice":"Ignored","floor":75.0,"damage_taken":0.0},{"event_name":"The Library","player_choice":"Read","floor":78.0,"damage_taken":0.0},{"event_name":"Ghosts","player_choice":"Ignored","floor":79.0,"damage_taken":0.0},{"event_name":"Vampires","player_choice":"Became a vampire (Vial)","floor":81.0,"damage_taken":0.0},{"event_name":"Cursed Tome","player_choice":"Obtained Book","floor":82.0,"damage_taken":0.0},{"event_name":"MindBloom","player_choice":"Fight","floor":88.0,"damage_taken":0.0},{"event_name":"SensoryStone","player_choice":"Memory 3","floor":89.0,"damage_taken":0.0},{"event_name":"Purifier","player_choice":"One Purge","floor":91.0,"damage_taken":0.0},{"event_name":"Falling","player_choice":"Removed Skill","floor":93.0,"damage_taken":0.0},{"event_name":"Fountain of Cleansing","player_choice":"Removed Curse","floor":95.0,"damage_taken":0.0},{"event_name":"Shining Light","player_choice":"Entered Light","floor":104.0,"damage_taken":0.0},{"event_name":"The Cleric","player_choice":"Card Removal","floor":105.0,"damage_taken":0.0},{"event_name":"Living Wall","player_choice":"Grow","floor":107.0,"damage_taken":0.0},{"event_name":"Back to Basics","player_choice":"Elegance","floor":121,"damage_taken":0},{"event_name":"Transmorgrifier","player_choice":"Transform","floor":123,"damage_taken":0},{"event_name":"Forgotten Altar","player_choice":"Gave Idol","floor":126,"damage_taken":0},{"event_name":"Nest","player_choice":"Stole From Cult","floor":130,"damage_taken":0},{"event_name":"The Mausoleum","player_choice":"Yes","floor":132,"damage_taken":0},{"event_name":"Purifier","player_choice":"One Purge","floor":139,"damage_taken":0},{"event_name":"The Lab","player_choice":"Got Potions","floor":141,"damage_taken":0},{"event_name":"Falling","player_choice":"Removed Attack","floor":142,"damage_taken":0},{"event_name":"Winding Halls","player_choice":"Writhe","floor":146,"damage_taken":0},{"event_name":"Tomb of Lord Red Mask","player_choice":"Ignored","floor":148,"damage_taken":0}],"boss_relics":[{"not_picked":["Ectoplasm","Runic Dome"],"picked":"Orrery"},{"not_picked":["Fusion Hammer","Black Star"],"picked":"White Beast Statue"},{"not_picked":["Velvet Choker","Eternal Feather"],"picked":"Inserter"},{"not_picked":["BlightedDurian"],"picked":"Accursed"},{"not_picked":["BlightedDurian"],"picked":"TwistingMind"},{"not_picked":["VoidEssence"],"picked":"BlightedDurian"},{"not_picked":["TwistingMind"],"picked":"MetallicRebirth"},{"not_picked":["TwistingMind"],"picked":"Scatterbrain"}],"items_purged_floors":[],"is_endless":true,"potions_floor_spawned":[1,5,10,16,18,27,33,35,36,39,45,46,47,48,50,52,53,56,58,59,62,64,65,67,69,71,73,77,80,84,86,87,88,90,94,96,97,98,99,101,103,106,109,110,111,112,114,116,118,120,127,128,135,137,138,140,143,145,147,150],"killed_by":"Time Eater","ascension_level":0}