{"gold_per_floor":[110,110,35,35,56,56,99,117,163,163,184,84,84,153,153,281,281,294,310,331,331,349,349,385,385,465,340,365,365,365],"floor_reached":30,"playtime":945,"items_purged":["Strike_R","Strike_R","Demon Form"],"score":260,"play_id":"920250b5-1f03-4895-b2c5-58800e3e480f","local_time":"20190128183055","is_ascension_mode":true,"campfire_choices":[{"data":"Defend_R","floor":6,"key":"SMITH"},{"floor":10,"key":"REST"},{"data":"Dropkick","floor":13,"key":"SMITH"},{"floor":15,"key":"REST"},{"floor":23,"key":"REST"},{"floor":25,"key":"REST"},{"floor":29,"key":"REST"}],"neow_cost":"NONE","seed_source_timestamp":1695923964733495,"circlet_count":0,"master_deck":["Bash+1","Dropkick+1","Hemokinesis","Juggernaut","Ghostly Armor","Dual Wield"],"relics":["Burning Blood","Golden Idol","Bag of Marbles","Red Skull","Ice Cream","Pandora\u0027s Box","Singing Bowl","Shuriken","Sundial"],"potions_floor_usage":[22,28,30,30],"damage_taken":[{"damage":6,"enemies":"Jaw Worm","floor":1,"turns":3},{"damage":0,"enemies":"2 Louse","floor":5,"turns":4},{"damage":36,"enemies":"Gremlin Nob","floor":7,"turns":5},{"damage":6,"enemies":"Cultist","floor":8,"turns":3},{"damage":1,"enemies":"3 Louse","floor":11,"turns":6},{"damage":14,"enemies":"Gremlin Nob","floor":14,"turns":3},{"damage":52,"enemies":"Hexaghost","floor":16,"turns":9},{"damage":16,"enemies":"2 Thieves","floor":18,"turns":4},{"damage":16,"enemies":"Shell Parasite","floor":19,"turns":3},{"damage":30,"enemies":"Snecko","floor":20,"turns":4},{"damage":27,"enemies":"3 Cultists","floor":22,"turns":4},{"damage":33,"enemies":"Gremlin Leader","floor":24,"turns":5},{"damage":16,"enemies":"Sentry and Sphere","floor":28,"turns":3},{"damage":60,"enemies":"Slavers","floor":30,"turns":4}],"seed_played":"-6963945094005949809","potions_obtained":[{"floor":11,"key":"Ancient Potion"},{"floor":14,"key":"EssenceOfSteel"},{"floor":18,"key":"GamblersBrew"},{"floor":24,"key":"Poison Potion"}],"is_trial":false,"path_per_floor":["M","?","$","?","M","R","E","M","T","R","M","$","R","?","R","B",null,"M","M","M","?","M","R","E","R","T","$","M","R","E"],"character_chosen":"IRONCLAD","items_purchased":[],"campfire_rested":5,"item_purchase_floors":[],"current_hp_per_floor":[80,60,60,60,66,66,36,36,36,60,65,65,65,57,80,34,80,70,60,36,36,17,41,16,41,41,41,33,58,0],"gold":365,"neow_bonus":"UPGRADE_CARD","is_prod":false,"is_daily":false,"chose_seed":false,"campfire_upgraded":2,"win_rate":0,"timestamp":1548718255,"path_taken":["M","?","$","?","M","R","E","M","T","R","M","$","R","?","R","BOSS","M","M","M","?","?","R","E","R","T","$","M","R","E"],"build_version":"2019-01-23","purchased_purges":3,"victory":false,"max_hp_per_floor":[80,80,80,80,80,80,80,80,80,80,80,80,80,80,80,80,80,80,80,80,80,82,82,84,84,84,84,86,86,86],"card_choices":[{"not_picked":["Heavy Blade","Reckless Charge","Warcry"],"picked":"SKIP","floor":1},{"not_picked":["Evolve","Wild Strike","Heavy Blade"],"picked":"SKIP","floor":5},{"not_picked":["Exhume","Heavy Blade"],"picked":"Dropkick","floor":7},{"not_picked":["Warcry","Headbutt","Hemokinesis"],"picked":"SKIP","floor":8},{"not_picked":["Evolve","Rupture","Combust"],"picked":"SKIP","floor":11},{"not_picked":["Shockwave+1","Perfected Strike","Second Wind+1"],"picked":"SKIP","floor":18},{"not_picked":["Iron Wave","Pommel Strike","Sword Boomerang"],"picked":"SKIP","floor":19},{"not_picked":["Warcry","Headbutt+1","Fire Breathing"],"picked":"SKIP","floor":20},{"not_picked":["True Grit","Twin Strike","Flex"],"picked":"Singing Bowl","floor":22},{"not_picked":["Searing Blow","Armaments+1","Juggernaut"],"picked":"Singing Bowl","floor":24},{"not_picked":["True Grit","Havoc","Rage"],"picked":"Singing Bowl","floor":28}],"player_experience":524904,"relics_obtained":[{"floor":7,"key":"Bag of Marbles"},{"floor":9,"key":"Red Skull"},{"floor":14,"key":"Ice Cream"},{"floor":24,"key":"Shuriken"},{"floor":26,"key":"Sundial"}],"event_choices":[{"damage_healed":0,"gold_gain":0,"player_choice":"Take Damage","damage_taken":20,"relics_obtained":["Golden Idol"],"max_hp_gain":0,"max_hp_loss":0,"event_name":"Golden Idol","floor":2,"gold_loss":0},{"cards_removed":["Strike_R"],"damage_healed":0,"gold_gain":0,"player_choice":"Forget","damage_taken":0,"max_hp_gain":0,"max_hp_loss":0,"event_name":"Living Wall","floor":4,"gold_loss":0},{"damage_healed":0,"gold_gain":30,"player_choice":"Searched \u00272\u0027 times","damage_taken":0,"max_hp_gain":0,"max_hp_loss":0,"event_name":"Dead Adventurer","floor":14,"gold_loss":0},{"cards_removed":["Whirlwind"],"damage_healed":0,"gold_gain":0,"player_choice":"Gave Card","damage_taken":0,"relics_obtained":["Singing Bowl"],"max_hp_gain":0,"max_hp_loss":0,"event_name":"WeMeetAgain","floor":21,"gold_loss":0}],"is_beta":true,"boss_relics":[{"not_picked":["Snecko Eye","Mark of Pain"],"picked":"Pandora\u0027s Box"}],"items_purged_floors":[3,12,27],"is_endless":false,"potions_floor_spawned":[11,14,18,20,24],"killed_by":"Slavers","ascension_level":1}