{"gold_per_floor":[210,228,245,245,44,44,77,77,147,177,177,177,195,223,223,223],"floor_reached":16,"playtime":415,"items_purged":["Strike_R"],"score":236,"play_id":"924bead2-3865-43cf-ada3-8538e005e0dd","local_time":"20190118235720","is_ascension_mode":true,"campfire_choices":[{"data":"Armaments","floor":6.0,"key":"SMITH"},{"data":"Demon Form","floor":8.0,"key":"SMITH"},{"floor":12.0,"key":"REST"},{"data":"Bash","floor":15.0,"key":"SMITH"}],"neow_cost":"NONE","seed_source_timestamp":8219745525593,"circlet_count":0,"master_deck":["AscendersBane","Strike_R","Strike_R","Strike_R","Strike_R","Defend_R","Defend_R","Defend_R","Defend_R","Bash+1","Wild Strike","Armaments+1","Second Wind","Rampage","Demon Form+1","Sword Boomerang","Rage"],"special_seed":0,"relics":["Burning Blood","PreservedInsect","Darkstone Periapt","Juzu Bracelet","Charon\u0027s Ashes"],"potions_floor_usage":[],"damage_taken":[{"damage":6.0,"enemies":"2 Louse","floor":1.0,"turns":4.0},{"damage":14.0,"enemies":"Small Slimes","floor":2.0,"turns":5.0},{"damage":19.0,"enemies":"Jaw Worm","floor":3.0,"turns":4.0},{"damage":5.0,"enemies":"3 Sentries","floor":7.0,"turns":6.0},{"damage":28.0,"enemies":"Gremlin Nob","floor":10.0,"turns":4.0},{"damage":17.0,"enemies":"2 Fungi Beasts","floor":13.0,"turns":4.0},{"damage":15.0,"enemies":"3 Sentries","floor":14.0,"turns":4.0},{"damage":0,"enemies":"Slime Boss","floor":16,"turns":3}],"seed_played":"-5539888606233419462","potions_obtained":[{"floor":3.0,"key":"Explosive Potion"},{"floor":7.0,"key":"GamblersBrew"},{"floor":10.0,"key":"SteroidPotion"}],"is_trial":false,"path_per_floor":["M","M","M","?","$","R","E","R","T","E","?","R","M","E","R","B"],"character_chosen":"IRONCLAD","items_purchased":["Second Wind","Rampage"],"campfire_rested":1,"item_purchase_floors":[5,5],"current_hp_per_floor":[68,60,47,42,42,42,43,43,43,21,21,43,32,23,23,23],"gold":223,"neow_bonus":"HUNDRED_GOLD","is_prod":false,"is_daily":false,"chose_seed":false,"campfire_upgraded":3,"win_rate":0,"timestamp":1547823440,"path_taken":["M","M","M","?","$","R","E","R","T","E","?","R","M","E","R","BOSS"],"build_version":"2019-01-17v2","purchased_purges":1,"victory":false,"max_hp_per_floor":[75,75,75,75,75,75,75,75,75,75,75,75,75,75,75,75],"card_choices":[{"not_picked":["Havoc","Disarm","Clash"],"picked":"SKIP","floor":1.0},{"not_picked":["Pommel Strike","Clothesline"],"picked":"Wild Strike","floor":2.0},{"not_picked":["Twin Strike","Sentinel"],"picked":"Armaments","floor":3.0},{"not_picked":["Shockwave","Flex"],"picked":"Demon Form","floor":7.0},{"not_picked":["Uppercut","Rampage","Burning Pact"],"picked":"SKIP","floor":10.0},{"not_picked":["Armaments","Thunderclap"],"picked":"Sword Boomerang","floor":13.0},{"not_picked":["Rage","Pommel Strike","Spot Weakness"],"picked":"SKIP","floor":14.0},{"not_picked":["Pommel Strike","Spot Weakness"],"picked":"Rage","floor":14.0}],"player_experience":782687,"relics_obtained":[{"floor":7.0,"key":"Darkstone Periapt"},{"floor":10.0,"key":"Juzu Bracelet"},{"floor":14.0,"key":"Charon\u0027s Ashes"}],"event_choices":[{"damage_healed":0.0,"max_hp_gain":0.0,"max_hp_loss":0.0,"gold_gain":0.0,"event_name":"Scrap Ooze","player_choice":"Success","floor":4.0,"gold_loss":0.0,"damage_taken":5.0,"relics_obtained":["PreservedInsect"]},{"damage_healed":0.0,"max_hp_gain":0.0,"max_hp_loss":0.0,"gold_gain":0.0,"event_name":"Golden Idol","player_choice":"Ignored","floor":11.0,"gold_loss":0.0,"damage_taken":0.0}],"is_beta":false,"boss_relics":[],"items_purged_floors":[5],"is_endless":false,"potions_floor_spawned":[3,7,10],"killed_by":"Slime Boss","ascension_level":20}