{"gold_per_floor":[113,126,136,136,148,181,194,226,226,226],"floor_reached":10,"playtime":461,"items_purged":[],"score":100,"play_id":"432a102c-c6c4-4c29-835f-11cc40e6428c","local_time":"20190119012706","is_ascension_mode":true,"campfire_choices":[],"neow_cost":"NONE","seed_source_timestamp":724090370441900,"circlet_count":0,"master_deck":["Strike_R","Strike_R","Strike_R","Strike_R","Strike_R","Defend_R","Defend_R","Defend_R","Defend_R","Bash","Juggernaut+1","Entrench","Cleave","Entrench","Metallicize","Thunderclap","Inflame","Sentinel","Blood for Blood"],"relics":["Burning Blood","Prayer Wheel","Bottled Tornado","Mercury Hourglass"],"potions_floor_usage":[8,8,8],"damage_taken":[{"damage":5,"enemies":"Cultist","floor":1,"turns":4},{"damage":9,"enemies":"Jaw Worm","floor":2,"turns":4},{"damage":10,"enemies":"Small Slimes","floor":3,"turns":3},{"damage":27,"enemies":"Blue Slaver","floor":5,"turns":5},{"damage":14,"enemies":"Lagavulin","floor":6,"turns":7},{"damage":16,"enemies":"3 Louse","floor":7,"turns":4},{"damage":13,"enemies":"Gremlin Nob","floor":8,"turns":5},{"damage":34,"enemies":"Lagavulin","floor":10,"turns":4}],"seed_played":"-3519765472339897120","potions_obtained":[{"floor":1,"key":"LiquidBronze"},{"floor":6,"key":"GamblersBrew"},{"floor":7,"key":"Weak Potion"}],"is_trial":false,"path_per_floor":["M","M","M","?","M","E","M","E","T","E"],"character_chosen":"IRONCLAD","items_purchased":[],"campfire_rested":0,"item_purchase_floors":[],"current_hp_per_floor":[80,77,73,73,52,44,34,27,27,0],"gold":226,"neow_bonus":"ONE_RANDOM_RARE_CARD","is_prod":false,"is_daily":false,"chose_seed":false,"campfire_upgraded":0,"win_rate":0,"timestamp":1547890026,"path_taken":["M","M","M","?","M","E","M","E","T","E"],"build_version":"2019-01-17v2","purchased_purges":0,"victory":false,"max_hp_per_floor":[80,80,80,80,80,80,80,80,80,80],"card_choices":[{"not_picked":["Sword Boomerang","Heavy Blade"],"picked":"Entrench","floor":1},{"not_picked":["Uppercut","Sever Soul"],"picked":"Cleave","floor":2},{"not_picked":["Havoc","Sword Boomerang"],"picked":"Entrench","floor":3},{"not_picked":["Bloodletting","Disarm"],"picked":"Metallicize","floor":5},{"not_picked":["Heavy Blade","Havoc"],"picked":"Thunderclap","floor":6},{"not_picked":["Immolate","Thunderclap"],"picked":"Inflame","floor":7},{"not_picked":["Anger","Warcry"],"picked":"Sentinel","floor":7},{"not_picked":["Cleave","Heavy Blade"],"picked":"Blood for Blood","floor":8}],"player_experience":537779,"relics_obtained":[{"floor":6,"key":"Prayer Wheel"},{"floor":8,"key":"Bottled Tornado"},{"floor":9,"key":"Mercury Hourglass"}],"event_choices":[{"damage_healed":0,"gold_gain":0,"player_choice":"Forge","damage_taken":0,"max_hp_gain":0,"max_hp_loss":0,"event_name":"Accursed Blacksmith","floor":4,"gold_loss":0,"cards_upgraded":["Juggernaut"]}],"is_beta":false,"boss_relics":[],"items_purged_floors":[],"is_endless":false,"potions_floor_spawned":[1,6,7],"killed_by":"Lagavulin","ascension_level":5}