{"gold_per_floor":[116,135,85,40,40,40,58,58,82,82,117,117,8,8,8,133,133,152,171,187,187,87,87,128,128,128,128,3,3,19,42,42,167,167,190,190,214,214,64,64,84,107,107,125,250,113,113,138,138,138,138,138,13,48,48],"floor_reached":55,"playtime":3539,"items_purged":["Injury","Decay","Strike_G","Strike_G"],"score":633,"play_id":"92fe84a7-626e-40c4-8caf-332032f90415","local_time":"20190104194309","is_ascension_mode":false,"campfire_choices":[{"data":"Neutralize","floor":6.0,"key":"SMITH"},{"data":"Footwork","floor":8.0,"key":"SMITH"},{"data":"Survivor","floor":10.0,"key":"SMITH"},{"data":"Slice","floor":12.0,"key":"SMITH"},{"data":"Deadly Poison","floor":15.0,"key":"SMITH"},{"data":"Footwork","floor":23.0,"key":"SMITH"},{"floor":25.0,"key":"REST"},{"data":"PiercingWail","floor":27.0,"key":"SMITH"},{"floor":32.0,"key":"REST"},{"floor":40.0,"key":"RECALL"},{"data":"Adrenaline","floor":47.0,"key":"SMITH"},{"floor":49.0,"key":"REST"},{"data":"Malaise","floor":52.0,"key":"SMITH"}],"neow_cost":"NONE","seed_source_timestamp":892504115266634,"circlet_count":0,"master_deck":["Defend_G","Defend_G","Defend_G","Defend_G","Defend_G","Survivor+1","Neutralize+1","Slice+1","Deadly Poison+1","Footwork+1","Footwork+1","Bullet Time+1","Footwork+1","PiercingWail+1","Deadly Poison+1","Noxious Fumes+1","Crippling Poison","Bouncing Flask+1","Adrenaline+1","Malaise+1"],"special_seed":0,"relics":["Ring of the Snake","Golden Idol","Regal Pillow","Matryoshka","Bronze Scales","Ancient Tea Set","Nunchaku","Empty Cage","War Paint","Mercury Hourglass","StoneCalendar","Bag of Preparation"],"potions_floor_usage":[55],"damage_taken":[{"damage":2.0,"enemies":"Small Slimes","floor":1.0,"turns":6.0},{"damage":0.0,"enemies":"Jaw Worm","floor":2.0,"turns":4.0},{"damage":0.0,"enemies":"2 Louse","floor":7.0,"turns":2.0},{"damage":15.0,"enemies":"Gremlin Nob","floor":11.0,"turns":6.0},{"damage":44.0,"enemies":"Slime Boss","floor":16.0,"turns":23.0},{"damage":3.0,"enemies":"Chosen","floor":18.0,"turns":7.0},{"damage":8.0,"enemies":"Spheric Guardian","floor":19.0,"turns":11.0},{"damage":0.0,"enemies":"Shelled Parasite and Fungi","floor":20.0,"turns":8.0},{"damage":46.0,"enemies":"Book of Stabbing","floor":24.0,"turns":9.0},{"damage":1.0,"enemies":"Chosen and Byrds","floor":30.0,"turns":5.0},{"damage":14.0,"enemies":"3 Cultists","floor":31.0,"turns":5.0},{"damage":30.0,"enemies":"Automaton","floor":33.0,"turns":10.0},{"damage":3.0,"enemies":"3 Shapes","floor":35.0,"turns":7.0},{"damage":20.0,"enemies":"Orb Walker","floor":37.0,"turns":7.0},{"damage":7.0,"enemies":"Sphere and 2 Shapes","floor":41.0,"turns":5.0},{"damage":0.0,"enemies":"Maw","floor":42.0,"turns":8.0},{"damage":2.0,"enemies":"Jaw Worm Horde","floor":44.0,"turns":6.0},{"damage":0.0,"enemies":"Mind Bloom Boss Battle","floor":45.0,"turns":6.0},{"damage":7.0,"enemies":"Writhing Mass","floor":48.0,"turns":6.0},{"damage":4.0,"enemies":"Time Eater","floor":50.0,"turns":14.0},{"damage":34.0,"enemies":"Shield and Spear","floor":54.0,"turns":7.0},{"damage":70,"enemies":"The Heart","floor":55,"turns":6}],"seed_played":"7929216729553140915","potions_obtained":[{"floor":11.0,"key":"FairyPotion"},{"floor":16.0,"key":"Swift Potion"},{"floor":18.0,"key":"PowerPotion"},{"floor":19.0,"key":"Fire Potion"},{"floor":24.0,"key":"GamblersBrew"},{"floor":31.0,"key":"Energy Potion"},{"floor":42.0,"key":"Regen Potion"},{"floor":48.0,"key":"Ancient Potion"}],"is_trial":false,"path_per_floor":["M","M","?","$","?","R","M","R","T","R","E","R","$","?","R","B",null,"M","M","M","?","$","R","E","R","T","R","$","$","M","M","R","B",null,"M","T","M","?","$","R","M","M","T","M","?","$","R","M","R","B",null,"R","$","E","B"],"character_chosen":"THE_SILENT","items_purchased":["Deadly Poison","Footwork","Malaise","LiquidBronze","Block Potion"],"campfire_rested":3,"item_purchase_floors":[4,13,46,53,53],"current_hp_per_floor":[75,75,75,75,75,75,75,75,75,75,60,60,60,60,60,16,77,74,66,66,66,66,66,20,58,58,58,58,58,57,43,77,47,77,74,74,54,54,54,54,47,47,47,45,45,45,45,53,77,73,77,77,77,43,0],"gold":48,"neow_bonus":"TEN_PERCENT_HP_BONUS","is_prod":false,"is_daily":false,"chose_seed":false,"campfire_upgraded":9,"win_rate":0,"timestamp":1546648989,"path_taken":["M","M","?","$","?","R","M","R","T","R","E","R","$","?","R","BOSS","M","M","?","?","$","R","E","R","T","R","?","$","M","?","R","BOSS","M","?","?","?","$","R","M","M","T","M","?","?","R","?","R","BOSS","R","$","E","BOSS"],"build_version":"2019-01-03v4","purchased_purges":4,"victory":false,"max_hp_per_floor":[77,77,77,77,77,77,77,77,77,77,77,77,77,77,77,77,77,77,77,77,77,77,77,77,77,77,77,77,77,77,77,77,77,77,77,77,77,77,77,77,77,77,77,77,77,77,77,77,77,77,77,77,77,77,77],"card_choices":[{"not_picked":["Outmaneuver","Endless Agony"],"picked":"Slice","floor":1.0},{"not_picked":["Distraction","Dodge and Roll","Backflip"],"picked":"SKIP","floor":2.0},{"not_picked":["Tactician","Dagger Spray"],"picked":"Footwork","floor":7.0},{"not_picked":["Setup","Expertise","Dagger Throw"],"picked":"SKIP","floor":11.0},{"not_picked":["Night Terror","Tools of the Trade"],"picked":"Bullet Time","floor":16.0},{"not_picked":["Dagger Spray+1","Poisoned Stab"],"picked":"Footwork","floor":18.0},{"not_picked":["Sucker Punch+1","Dagger Spray"],"picked":"PiercingWail","floor":19.0},{"not_picked":["Leg Sweep","Outmaneuver+1"],"picked":"Deadly Poison+1","floor":20.0},{"not_picked":["Die Die Die","Cloak And Dagger"],"picked":"Noxious Fumes+1","floor":24.0},{"not_picked":["Flying Knee","Endless Agony"],"picked":"Crippling Poison","floor":30.0},{"not_picked":["Well Laid Plans","Deflect"],"picked":"Bouncing Flask","floor":31.0},{"not_picked":["Night Terror","Wraith Form v2"],"picked":"Adrenaline","floor":33.0},{"not_picked":["Riddle With Holes","Accuracy+1","Deflect+1"],"picked":"SKIP","floor":35.0},{"not_picked":["Dagger Throw","Dodge and Roll+1","Bane+1"],"picked":"SKIP","floor":37.0},{"not_picked":["Slice+1","Flying Knee+1","Bouncing Flask"],"picked":"SKIP","floor":41.0},{"not_picked":["Deflect+1","Underhanded Strike","Blade Dance+1"],"picked":"SKIP","floor":42.0},{"not_picked":["Sucker Punch","PiercingWail+1","Slice+1"],"picked":"SKIP","floor":44.0},{"not_picked":["Deadly Poison+1","Dagger Throw+1","Storm of Steel"],"picked":"SKIP","floor":48.0},{"not_picked":["Well Laid Plans","Acrobatics","Endless Agony"],"picked":"SKIP","floor":54.0}],"player_experience":431852,"relics_obtained":[{"floor":9.0,"key":"Regal Pillow"},{"floor":11.0,"key":"Matryoshka"},{"floor":24.0,"key":"Bronze Scales"},{"floor":26.0,"key":"Ancient Tea Set"},{"floor":26.0,"key":"Nunchaku"},{"floor":36.0,"key":"War Paint"},{"floor":43.0,"key":"Mercury Hourglass"},{"floor":45.0,"key":"StoneCalendar"},{"floor":54.0,"key":"Bag of Preparation"}],"event_choices":[{"cards_removed":["Strike_G"],"damage_healed":0.0,"max_hp_gain":0.0,"max_hp_loss":0.0,"gold_gain":0.0,"event_name":"The Cleric","player_choice":"Card Removal","floor":3.0,"gold_loss":50.0,"damage_taken":0.0},{"damage_healed":0.0,"max_hp_gain":0.0,"max_hp_loss":0.0,"gold_gain":0.0,"event_name":"Golden Idol","player_choice":"Take Wound","floor":5.0,"gold_loss":0.0,"damage_taken":0.0,"relics_obtained":["Golden Idol"],"cards_obtained":["Injury"]},{"damage_healed":0.0,"max_hp_gain":0.0,"max_hp_loss":0.0,"gold_gain":0.0,"event_name":"Accursed Blacksmith","player_choice":"Forge","floor":14.0,"gold_loss":0.0,"damage_taken":0.0,"cards_upgraded":["Footwork"]},{"damage_healed":0.0,"max_hp_gain":0.0,"max_hp_loss":0.0,"gold_gain":0.0,"event_name":"Wheel of Change","player_choice":"Cursed","floor":21.0,"gold_loss":0.0,"damage_taken":0.0,"cards_obtained":["Decay"]},{"damage_healed":0.0,"max_hp_gain":0.0,"max_hp_loss":0.0,"gold_gain":0.0,"event_name":"Mysterious Sphere","player_choice":"Ignored","floor":38.0,"gold_loss":0.0,"damage_taken":0.0},{"damage_healed":0.0,"max_hp_gain":0.0,"max_hp_loss":0.0,"gold_gain":0.0,"event_name":"MindBloom","player_choice":"Fight","floor":45.0,"gold_loss":0.0,"damage_taken":0.0}],"is_beta":false,"boss_relics":[{"not_picked":["Calling Bell","Velvet Choker","Cursed Key"]},{"not_picked":["HoveringKite","Snecko Eye"],"picked":"Empty Cage"}],"items_purged_floors":[13,22,28,39],"is_endless":false,"potions_floor_spawned":[11,16,18,19,24,31,42,48],"killed_by":"The Heart","ascension_level":0}