{"gold_per_floor":[117,129,54,54,71,101,182,182,264,283,318,46,46,56,56,130,130,81,81,99,99,116,116],"floor_reached":23,"playtime":2232,"items_purged":["Strike_R"],"score":441,"play_id":"6f82bdd6-9407-47a6-bac1-6c4082dd78ed","local_time":"20190113164502","is_ascension_mode":true,"campfire_choices":[{"data":"Body Slam","floor":8.0,"key":"SMITH"},{"data":"True Grit","floor":15.0,"key":"SMITH"}],"neow_cost":"NONE","seed_source_timestamp":99235372074349,"circlet_count":0,"master_deck":["AscendersBane","Defend_R","Defend_R","Defend_R","Defend_R","Bash","Iron Wave","Body Slam+1","Second Wind","Clash","Power Through","Battle Trance","Shrug It Off","True Grit+1","Demon Form","Ghostly Armor"],"special_seed":0,"relics":["Burning Blood","NeowsBlessing","Lantern","Paper Frog","Juzu Bracelet","Red Skull","Black Star"],"potions_floor_usage":[23,23],"damage_taken":[{"damage":0.0,"enemies":"2 Louse","floor":1.0,"turns":1.0},{"damage":0.0,"enemies":"Cultist","floor":2.0,"turns":1.0},{"damage":0.0,"enemies":"Jaw Worm","floor":5.0,"turns":1.0},{"damage":45.0,"enemies":"3 Sentries","floor":6.0,"turns":14.0},{"damage":4.0,"enemies":"2 Fungi Beasts","floor":10.0,"turns":4.0},{"damage":0.0,"enemies":"Gremlin Nob","floor":11.0,"turns":2.0},{"damage":3.0,"enemies":"Blue Slaver","floor":14.0,"turns":2.0},{"damage":4.0,"enemies":"The Guardian","floor":16.0,"turns":11.0},{"damage":0.0,"enemies":"2 Thieves","floor":18.0,"turns":5.0},{"damage":19.0,"enemies":"3 Byrds","floor":20.0,"turns":8.0},{"damage":17.0,"enemies":"Snecko","floor":22.0,"turns":7.0},{"damage":50,"enemies":"Slavers","floor":23,"turns":6}],"seed_played":"6908992991610131690","potions_obtained":[{"floor":5.0,"key":"Block Potion"},{"floor":10.0,"key":"Fire Potion"},{"floor":14.0,"key":"Dexterity Potion"},{"floor":18.0,"key":"Ancient Potion"}],"is_trial":false,"path_per_floor":["M","M","?","?","M","E","T","R","T","M","E","$","?","M","R","B",null,"M","?","M","?","M","E"],"character_chosen":"IRONCLAD","items_purchased":["Shrug It Off","Red Skull"],"campfire_rested":0,"item_purchase_floors":[12,12],"current_hp_per_floor":[74,75,75,75,75,36,36,36,36,38,44,44,37,40,40,42,67,73,73,60,60,49,0],"gold":116,"neow_bonus":"THREE_ENEMY_KILL","is_prod":false,"is_daily":false,"chose_seed":false,"campfire_upgraded":2,"win_rate":0,"timestamp":1547365502,"path_taken":["M","M","?","?","?","E","?","R","T","?","E","$","?","M","R","BOSS","M","?","M","?","M","E"],"build_version":"2019-01-10","purchased_purges":1,"victory":false,"max_hp_per_floor":[75,75,75,75,75,75,75,75,75,75,75,75,75,75,75,75,75,75,75,75,75,75,75],"card_choices":[{"not_picked":["Flex","Twin Strike"],"picked":"Iron Wave","floor":1.0},{"not_picked":["Rupture","Heavy Blade"],"picked":"Body Slam","floor":2.0},{"not_picked":["Heavy Blade","Pommel Strike"],"picked":"Second Wind","floor":5.0},{"not_picked":["Havoc","Exhume"],"picked":"Clash","floor":6.0},{"not_picked":["Iron Wave","Anger"],"picked":"Power Through","floor":10.0},{"not_picked":["Body Slam","Rage"],"picked":"Battle Trance","floor":11.0},{"not_picked":["Bloodletting","Uppercut"],"picked":"True Grit","floor":14.0},{"not_picked":["Limit Break","Feed"],"picked":"Demon Form","floor":16.0},{"not_picked":["Heavy Blade","Anger","Armaments"],"picked":"SKIP","floor":18.0},{"not_picked":["Twin Strike","Wild Strike+1","Anger"],"picked":"SKIP","floor":20.0},{"not_picked":["Flex+1","Whirlwind","Battle Trance"],"picked":"SKIP","floor":22.0}],"player_experience":773848,"relics_obtained":[{"floor":6.0,"key":"Lantern"},{"floor":7.0,"key":"Paper Frog"},{"floor":11.0,"key":"Juzu Bracelet"}],"event_choices":[{"cards_removed":["Strike_R"],"damage_healed":0.0,"max_hp_gain":0.0,"max_hp_loss":0.0,"gold_gain":0.0,"event_name":"The Cleric","player_choice":"Card Removal","floor":3.0,"gold_loss":75.0,"damage_taken":0.0},{"cards_removed":["Strike_R"],"damage_healed":0.0,"max_hp_gain":0.0,"max_hp_loss":0.0,"gold_gain":0.0,"event_name":"Purifier","player_choice":"Purged","floor":4.0,"gold_loss":0.0,"damage_taken":0.0},{"cards_removed":["Strike_R"],"damage_healed":0.0,"max_hp_gain":0.0,"max_hp_loss":0.0,"gold_gain":0.0,"event_name":"Golden Wing","player_choice":"Card Removal","floor":13.0,"gold_loss":0.0,"damage_taken":7.0},{"damage_healed":0.0,"max_hp_gain":0.0,"max_hp_loss":0.0,"gold_gain":0.0,"event_name":"The Library","player_choice":"Read","floor":19.0,"gold_loss":0.0,"damage_taken":0.0,"cards_obtained":["Ghostly Armor"]},{"cards_removed":["Strike_R"],"damage_healed":0.0,"max_hp_gain":0.0,"max_hp_loss":0.0,"gold_gain":0.0,"event_name":"Back to Basics","player_choice":"Elegance","floor":21.0,"gold_loss":0.0,"damage_taken":0.0}],"is_beta":false,"boss_relics":[{"not_picked":["Eternal Feather","Calling Bell"],"picked":"Black Star"}],"items_purged_floors":[12],"is_endless":false,"potions_floor_spawned":[5,10,14,18],"killed_by":"Slavers","ascension_level":19}