{"gold_per_floor":[19,19,37,52,52,87,87,118,141,141,151,168,168,65,65,65],"floor_reached":16,"playtime":551,"items_purged":["Strike_R"],"score":220,"play_id":"4d39c602-501f-44ec-8240-56a43fcb61e4","local_time":"20190118234925","is_ascension_mode":true,"campfire_choices":[{"data":"Body Slam","floor":7.0,"key":"SMITH"},{"floor":10.0,"key":"REST"},{"data":"Armaments","floor":13.0,"key":"SMITH"},{"data":"True Grit","floor":15.0,"key":"SMITH"}],"neow_cost":"NO_GOLD","seed_source_timestamp":7569340410751,"circlet_count":0,"master_deck":["AscendersBane","Strike_R","Strike_R+1","Strike_R+1","Strike_R","Defend_R","Defend_R","Defend_R","Defend_R","Bash","Combust","Body Slam+1","True Grit+1","Armaments+1","Iron Wave","Shrug It Off"],"special_seed":0,"relics":["Burning Blood","Art of War","Pen Nib","Blood Vial","Whetstone"],"potions_floor_usage":[16,16],"damage_taken":[{"damage":4.0,"enemies":"Jaw Worm","floor":1.0,"turns":5.0},{"damage":7.0,"enemies":"Small Slimes","floor":3.0,"turns":4.0},{"damage":6.0,"enemies":"2 Louse","floor":4.0,"turns":3.0},{"damage":29.0,"enemies":"3 Sentries","floor":6.0,"turns":7.0},{"damage":48.0,"enemies":"Lagavulin","floor":8.0,"turns":8.0},{"damage":20.0,"enemies":"Large Slime","floor":11.0,"turns":6.0},{"damage":10.0,"enemies":"Red Slaver","floor":12.0,"turns":4.0},{"damage":24,"enemies":"Hexaghost","floor":16,"turns":9}],"seed_played":"6311490715620876470","potions_obtained":[{"floor":3.0,"key":"Block Potion"},{"floor":6.0,"key":"Weak Potion"},{"floor":8.0,"key":"Weak Potion"},{"floor":12.0,"key":"LiquidBronze"}],"is_trial":false,"path_per_floor":["M","?","M","M","?","E","R","E","T","R","M","M","R","$","R","B"],"character_chosen":"IRONCLAD","items_purchased":["Shrug It Off"],"campfire_rested":1,"item_purchase_floors":[14],"current_hp_per_floor":[84,73,72,72,72,49,49,7,7,33,21,19,19,19,19,0],"gold":65,"neow_bonus":"TWENTY_PERCENT_HP_BONUS","is_prod":false,"is_daily":false,"chose_seed":false,"campfire_upgraded":3,"win_rate":0,"timestamp":1547822965,"path_taken":["M","?","M","M","?","E","R","E","T","R","M","M","R","$","R","BOSS"],"build_version":"2019-01-17v2","purchased_purges":1,"victory":false,"max_hp_per_floor":[89,89,89,89,89,89,89,89,89,89,89,89,89,89,89,89],"card_choices":[{"not_picked":["True Grit","Heavy Blade","Flex"],"picked":"SKIP","floor":1.0},{"not_picked":["Headbutt","Feel No Pain"],"picked":"Combust","floor":3.0},{"not_picked":["Second Wind","Barricade"],"picked":"Body Slam","floor":4.0},{"not_picked":["Iron Wave","Limit Break"],"picked":"True Grit","floor":6.0},{"not_picked":["Havoc","Bloodletting","Pommel Strike"],"picked":"SKIP","floor":8.0},{"not_picked":["Anger","Body Slam"],"picked":"Armaments","floor":11.0},{"not_picked":["Flex","Wild Strike"],"picked":"Iron Wave","floor":12.0}],"player_experience":782136,"relics_obtained":[{"floor":6.0,"key":"Pen Nib"},{"floor":8.0,"key":"Blood Vial"},{"floor":9.0,"key":"Whetstone"}],"event_choices":[{"damage_healed":0.0,"max_hp_gain":0.0,"max_hp_loss":0.0,"gold_gain":0.0,"event_name":"Scrap Ooze","player_choice":"Success","floor":2.0,"gold_loss":0.0,"damage_taken":11.0,"relics_obtained":["Art of War"]},{"damage_healed":0.0,"max_hp_gain":0.0,"max_hp_loss":0.0,"gold_gain":0.0,"event_name":"The Cleric","player_choice":"Leave","floor":5.0,"gold_loss":0.0,"damage_taken":0.0}],"is_beta":false,"boss_relics":[],"items_purged_floors":[14],"is_endless":false,"potions_floor_spawned":[3,6,8,12],"killed_by":"Hexaghost","ascension_level":20}