{"gold_per_floor":[113,38,56,56,71,71,102,102,150,114,114,148,168,185,185,185],"floor_reached":16,"playtime":560,"items_purged":["Strike_R"],"score":198,"play_id":"62461414-fbab-4412-9c75-d3225fb96956","local_time":"20190110212632","is_ascension_mode":true,"campfire_choices":[{"data":"Body Slam","floor":6,"key":"SMITH"},{"data":"Entrench","floor":8,"key":"SMITH"},{"floor":15,"key":"REST"}],"neow_cost":"NONE","seed_source_timestamp":151557924421240,"circlet_count":0,"master_deck":["AscendersBane","Strike_R","Strike_R","Strike_R","Strike_R","Defend_R","Defend_R","Defend_R","Defend_R","Bash","Body Slam+1","True Grit+1","Entrench+1","Cleave","Flame Barrier","Inflame"],"relics":["Burning Blood","NeowsBlessing","Centennial Puzzle","Oddly Smooth Stone","Letter Opener","Blue Candle"],"potions_floor_usage":[16,16],"damage_taken":[{"damage":0,"enemies":"Cultist","floor":1,"turns":1},{"damage":0,"enemies":"Small Slimes","floor":3,"turns":1},{"damage":0,"enemies":"Jaw Worm","floor":5,"turns":1},{"damage":32,"enemies":"Gremlin Nob","floor":7,"turns":5},{"damage":20,"enemies":"Lagavulin","floor":12,"turns":9},{"damage":3,"enemies":"Gremlin Gang","floor":13,"turns":4},{"damage":20,"enemies":"3 Louse","floor":14,"turns":3},{"damage":42,"enemies":"Slime Boss","floor":16,"turns":8}],"seed_played":"-2866465667262789908","potions_obtained":[{"floor":5,"key":"SteroidPotion"},{"floor":7,"key":"Fire Potion"}],"is_trial":false,"path_per_floor":["M","$","M","?","M","R","E","R","T","?","?","E","M","M","R","B"],"character_chosen":"IRONCLAD","items_purchased":[],"campfire_rested":1,"item_purchase_floors":[],"current_hp_per_floor":[74,74,75,75,75,75,49,49,49,49,44,30,33,19,41,0],"gold":185,"neow_bonus":"THREE_ENEMY_KILL","is_prod":false,"is_daily":false,"chose_seed":false,"campfire_upgraded":2,"win_rate":0,"timestamp":1547173592,"path_taken":["M","$","M","?","M","R","E","R","T","?","?","E","?","M","R","BOSS"],"build_version":"2019-01-09","purchased_purges":1,"victory":false,"max_hp_per_floor":[75,75,75,75,75,75,75,75,75,75,75,75,75,75,75,75],"card_choices":[{"not_picked":["Perfected Strike","Clash"],"picked":"Body Slam","floor":1},{"not_picked":["Rampage","Sword Boomerang"],"picked":"True Grit","floor":3},{"not_picked":["Sentinel","Twin Strike"],"picked":"Entrench","floor":5},{"not_picked":["Sever Soul","Perfected Strike"],"picked":"Cleave","floor":7},{"not_picked":["Dropkick","Thunderclap"],"picked":"Flame Barrier","floor":12},{"not_picked":["Evolve","Clash"],"picked":"Inflame","floor":13},{"not_picked":["Rampage","Second Wind","Anger"],"picked":"SKIP","floor":14}],"player_experience":454018,"relics_obtained":[{"floor":7,"key":"Centennial Puzzle"},{"floor":9,"key":"Oddly Smooth Stone"},{"floor":12,"key":"Blue Candle"}],"event_choices":[{"damage_healed":0,"gold_gain":0,"player_choice":"Grow","damage_taken":0,"max_hp_gain":0,"max_hp_loss":0,"event_name":"Living Wall","floor":4,"gold_loss":0,"cards_upgraded":["True Grit"]},{"damage_healed":0,"gold_gain":0,"player_choice":"Left Gold","damage_taken":0,"max_hp_gain":0,"max_hp_loss":0,"event_name":"World of Goop","floor":10,"gold_loss":36},{"damage_healed":0,"gold_gain":0,"player_choice":"Success","damage_taken":5,"relics_obtained":["Letter Opener"],"max_hp_gain":0,"max_hp_loss":0,"event_name":"Scrap Ooze","floor":11,"gold_loss":0}],"is_beta":true,"boss_relics":[],"items_purged_floors":[2],"is_endless":false,"potions_floor_spawned":[5,7,14],"killed_by":"Slime Boss","ascension_level":16}