{"gold_per_floor":[109,33,49,76,88,88,117,117,140,151,151,167,11,28,28,132,132,143,143,68,68,0,0,12,12,12,12,30,30,40,54,54,154,154,167,182,38,38,50,50,66,66,66,82,182,195,195,206,206,206],"floor_reached":51,"playtime":2559,"items_purged":[],"score":776,"play_id":"455e5999-fee1-4798-93a5-800c1f74cc9c","local_time":"20181119033828","is_ascension_mode":false,"campfire_choices":[{"data":"Barricade","floor":6,"key":"SMITH"},{"data":"Body Slam","floor":15,"key":"SMITH"},{"data":"Armaments","floor":23,"key":"SMITH"},{"data":"True Grit","floor":25,"key":"SMITH"},{"data":"Juggernaut","floor":29,"key":"SMITH"},{"data":"True Grit","floor":32,"key":"SMITH"},{"floor":40,"key":"REST"},{"floor":42,"key":"REST"},{"floor":49,"key":"REST"}],"neow_cost":"NONE","seed_source_timestamp":220237768790290,"circlet_count":0,"master_deck":["Strike_R","Strike_R","Strike_R","Defend_R","Defend_R","Defend_R","Defend_R","Bash","Iron Wave","True Grit+1","Body Slam+1","Iron Wave","Barricade+1","Shrug It Off","True Grit+1","Armaments+1","Juggernaut+1","Shrug It Off","Feel No Pain+1","Metallicize+1","True Grit+1","Dark Embrace","Sentinel","Madness","Madness","Battle Trance+1","Burning Pact+1","Body Slam"],"relics":["Burning Blood","Art of War","Blood Vial","Vajra","Juzu Bracelet","Oddly Smooth Stone","Philosopher\u0027s Stone","Orichalcum","Mark of Pain","Happy Flower","Lantern","FossilizedHelix"],"potions_floor_usage":[7,16,16,36,39,44,45,50,50,50],"damage_taken":[{"damage":6,"enemies":"Cultist","floor":1,"turns":3},{"damage":2,"enemies":"Small Slimes","floor":3,"turns":4},{"damage":1,"enemies":"2 Louse","floor":5,"turns":2},{"damage":29,"enemies":"Lagavulin","floor":7,"turns":15},{"damage":0,"enemies":"2 Fungi Beasts","floor":10,"turns":5},{"damage":0,"enemies":"Exordium Wildlife","floor":12,"turns":5},{"damage":6,"enemies":"Lots of Slimes","floor":14,"turns":7},{"damage":0,"enemies":"Slime Boss","floor":16,"turns":9},{"damage":1,"enemies":"Spheric Guardian","floor":18,"turns":4},{"damage":7,"enemies":"2 Thieves","floor":24,"turns":4},{"damage":15,"enemies":"Shelled Parasite and Fungi","floor":28,"turns":8},{"damage":9,"enemies":"Chosen and Byrds","floor":30,"turns":6},{"damage":0,"enemies":"Centurion and Healer","floor":31,"turns":6},{"damage":0,"enemies":"Automaton","floor":33,"turns":8},{"damage":41,"enemies":"3 Darklings","floor":35,"turns":5},{"damage":5,"enemies":"3 Shapes","floor":36,"turns":5},{"damage":41,"enemies":"Jaw Worm Horde","floor":39,"turns":7},{"damage":20,"enemies":"Maw","floor":41,"turns":8},{"damage":6,"enemies":"4 Shapes","floor":44,"turns":7},{"damage":27,"enemies":"Mind Bloom Boss Battle","floor":45,"turns":7},{"damage":17,"enemies":"Spire Growth","floor":46,"turns":7},{"damage":0,"enemies":"Maw","floor":48,"turns":7},{"damage":2,"enemies":"Time Eater","floor":50,"turns":11}],"seed_played":"1538112822569302267","potions_obtained":[{"floor":3,"key":"SteroidPotion"},{"floor":10,"key":"SteroidPotion"},{"floor":14,"key":"Block Potion"},{"floor":16,"key":"SmokeBomb"},{"floor":24,"key":"FearPotion"},{"floor":30,"key":"AttackPotion"},{"floor":31,"key":"Strength Potion"},{"floor":39,"key":"Explosive Potion"},{"floor":41,"key":"GamblersBrew"},{"floor":45,"key":"Regen Potion"},{"floor":46,"key":"PowerPotion"}],"is_trial":false,"path_per_floor":["M","$","M","T","M","R","E","?","T","M","?","M","$","M","R","B",null,"M","?","?","?","?","R","M","R","T","?","M","R","M","M","R","B",null,"M","M","$","?","M","R","M","R","T","M","?","M","?","M","R","B",null],"character_chosen":"IRONCLAD","items_purchased":["True Grit","Body Slam","Oddly Smooth Stone","Happy Flower"],"campfire_rested":3,"item_purchase_floors":[2,2,13,37],"current_hp_per_floor":[88,88,88,88,88,88,65,58,58,66,59,67,67,69,69,77,88,88,88,88,88,88,88,87,87,87,87,79,79,78,86,86,88,88,53,56,56,45,12,38,26,52,52,54,35,26,26,34,60,81],"gold":206,"neow_bonus":"TEN_PERCENT_HP_BONUS","is_prod":false,"is_daily":false,"chose_seed":false,"campfire_upgraded":6,"win_rate":0,"timestamp":1542627508,"path_taken":["M","$","M","?","?","R","E","?","T","M","?","M","$","M","R","BOSS","M","?","?","?","?","R","M","R","T","?","M","R","M","M","R","BOSS","M","M","?","?","M","R","M","R","T","M","?","M","?","M","R","BOSS"],"build_version":"2018-11-15","purchased_purges":0,"victory":true,"max_hp_per_floor":[88,88,88,88,88,88,88,88,88,88,88,88,88,88,88,88,88,88,88,88,88,88,88,88,88,88,88,88,88,88,88,88,88,88,88,88,88,88,88,88,88,88,88,88,88,88,88,88,88,88],"card_choices":[{"not_picked":["Clash","Blood for Blood"],"picked":"Iron Wave","floor":1},{"not_picked":["Wild Strike","Twin Strike"],"picked":"Iron Wave","floor":3},{"not_picked":["True Grit","Fire Breathing"],"picked":"Barricade","floor":5},{"not_picked":["Clothesline","Rampage"],"picked":"Shrug It Off","floor":7},{"not_picked":["Clothesline","Bloodletting"],"picked":"True Grit","floor":10},{"not_picked":["Intimidate","Warcry"],"picked":"Armaments","floor":12},{"not_picked":["Dropkick","Whirlwind","Twin Strike"],"picked":"SKIP","floor":14},{"not_picked":["Dark Embrace","Exhume"],"picked":"Juggernaut","floor":16},{"not_picked":["Whirlwind","Inflame","Carnage+1"],"picked":"SKIP","floor":18},{"not_picked":["Wild Strike+1","Second Wind"],"picked":"Shrug It Off","floor":24},{"not_picked":["Clothesline+1","Hemokinesis"],"picked":"Feel No Pain+1","floor":28},{"not_picked":["True Grit","Anger+1"],"picked":"Metallicize+1","floor":30},{"not_picked":["Flame Barrier","Rage"],"picked":"True Grit","floor":31},{"not_picked":["Fiend Fire","Feed"],"picked":"Dark Embrace","floor":33},{"not_picked":["Havoc+1","Intimidate"],"picked":"Sentinel","floor":35},{"not_picked":["Sever Soul","Infernal Blade+1","Sword Boomerang"],"picked":"SKIP","floor":36},{"not_picked":["Iron Wave+1","Sever Soul"],"picked":"Battle Trance+1","floor":39},{"not_picked":["Seeing Red","Headbutt+1","Warcry"],"picked":"SKIP","floor":41},{"not_picked":["Clothesline+1","Sword Boomerang+1","Pummel+1"],"picked":"SKIP","floor":44},{"not_picked":["Wild Strike","Headbutt"],"picked":"Burning Pact+1","floor":46},{"not_picked":["Clothesline+1","Heavy Blade"],"picked":"Body Slam","floor":48}],"player_experience":430506,"relics_obtained":[{"floor":4,"key":"Art of War"},{"floor":7,"key":"Blood Vial"},{"floor":9,"key":"Juzu Bracelet"},{"floor":26,"key":"Orichalcum"},{"floor":43,"key":"Lantern"},{"floor":45,"key":"FossilizedHelix"}],"event_choices":[{"damage_healed":0,"gold_gain":0,"player_choice":"Success","damage_taken":7,"relics_obtained":["Vajra"],"max_hp_gain":0,"max_hp_loss":0,"event_name":"Scrap Ooze","floor":8,"gold_loss":0},{"cards_removed":["Strike_R"],"damage_healed":0,"gold_gain":0,"player_choice":"Card Removal","damage_taken":7,"max_hp_gain":0,"max_hp_loss":0,"event_name":"Golden Wing","floor":11,"gold_loss":0},{"damage_healed":0,"gold_gain":0,"player_choice":"Ignored","damage_taken":0,"max_hp_gain":0,"max_hp_loss":0,"event_name":"Ghosts","floor":19,"gold_loss":0},{"cards_removed":["Strike_R"],"damage_healed":0,"gold_gain":0,"player_choice":"Gave Gold","damage_taken":0,"max_hp_gain":0,"max_hp_loss":0,"event_name":"Beggar","floor":20,"gold_loss":75},{"damage_healed":0,"gold_gain":0,"player_choice":"Paid Fearfully","damage_taken":0,"max_hp_gain":0,"max_hp_loss":0,"event_name":"Masked Bandits","floor":22,"gold_loss":68},{"damage_healed":0,"gold_gain":0,"player_choice":"Upgraded","damage_taken":0,"max_hp_gain":0,"max_hp_loss":0,"event_name":"Upgrade Shrine","floor":27,"gold_loss":0,"cards_upgraded":["True Grit"]},{"damage_healed":0,"gold_gain":0,"player_choice":"Embrace Madness","damage_taken":11,"max_hp_gain":0,"max_hp_loss":0,"event_name":"Winding Halls","floor":38,"gold_loss":0,"cards_obtained":["Madness","Madness"]},{"damage_healed":0,"gold_gain":0,"player_choice":"Fight","damage_taken":0,"max_hp_gain":0,"max_hp_loss":0,"event_name":"MindBloom","floor":45,"gold_loss":0},{"damage_healed":0,"gold_gain":0,"player_choice":"Ignored","damage_taken":0,"max_hp_gain":0,"max_hp_loss":0,"event_name":"Mysterious Sphere","floor":47,"gold_loss":0}],"is_beta":false,"boss_relics":[{"not_picked":["Velvet Choker","Snecko Eye"],"picked":"Philosopher\u0027s Stone"},{"not_picked":["Sozu","Calling Bell"],"picked":"Mark of Pain"}],"items_purged_floors":[],"is_endless":false,"potions_floor_spawned":[3,10,14,16,24,30,31,39,41,45,46],"ascension_level":0}