{"gold_per_floor":[117,117,128,144,158,158,175,175,222,233,249,249,249,274,274,350,350,350,350,350,15,15,15,15,15,15,15,15,15,15,15,15,15,15,15,0,0,0,0,0],"floor_reached":40,"playtime":1653,"items_purged":[],"score":852,"play_id":"0aea80f9-ea49-4f28-a9c5-fbd23dd68123","local_time":"20190224064132","is_ascension_mode":true,"campfire_choices":[{"data":"Zap","floor":6,"key":"SMITH"},{"data":"Sunder","floor":8,"key":"SMITH"},{"data":"Dualcast","floor":13,"key":"SMITH"},{"floor":15,"key":"REST"},{"floor":23,"key":"REST"},{"floor":27,"key":"REST"},{"floor":32,"key":"REST"}],"neow_cost":"PERCENT_DAMAGE","seed_source_timestamp":1542408067115000,"circlet_count":0,"master_deck":["AscendersBane","Strike_B+1","Strike_B+1","Strike_B+1","Defend_B+1","Defend_B+1","Defend_B+1","Defend_B+1","Zap+1","Dualcast+1","Echo Form+1","Darkness","Conserve Battery","Sunder+1","Hyperbeam","Turbo","Glacier","Loop+1","Seek","Darkness+1","Electrodynamics","Cold Snap","Sunder+1","Biased Cognition","Cold Snap","Static Discharge"],"relics":["Cracked Core","Centennial Puzzle","Bottled Tornado","Ectoplasm","Girya","Gremlin Horn","Bag of Preparation","Bronze Scales","Oddly Smooth Stone","Nunchaku","Nuclear Battery","Red Mask"],"potions_floor_usage":[10,16,16,25,25,29,35,40],"damage_taken":[{"damage":4,"enemies":"Jaw Worm","floor":1,"turns":5},{"damage":1,"enemies":"Cultist","floor":3,"turns":3},{"damage":3,"enemies":"Small Slimes","floor":4,"turns":4},{"damage":0,"enemies":"2 Fungi Beasts","floor":5,"turns":3},{"damage":6,"enemies":"Looter","floor":7,"turns":3},{"damage":9,"enemies":"Red Slaver","floor":10,"turns":2},{"damage":1,"enemies":"Blue Slaver","floor":11,"turns":2},{"damage":5,"enemies":"Lagavulin","floor":14,"turns":5},{"damage":13,"enemies":"Slime Boss","floor":16,"turns":5},{"damage":9,"enemies":"Spheric Guardian","floor":18,"turns":4},{"damage":22,"enemies":"Colosseum Slavers","floor":19,"turns":3},{"damage":71,"enemies":"Colosseum Nobs","floor":19,"turns":6},{"damage":10,"enemies":"Chosen","floor":24,"turns":4},{"damage":11,"enemies":"Gremlin Leader","floor":25,"turns":5},{"damage":18,"enemies":"Snecko","floor":28,"turns":3},{"damage":3,"enemies":"Book of Stabbing","floor":29,"turns":5},{"damage":21,"enemies":"Collector","floor":33,"turns":8},{"damage":0,"enemies":"3 Darklings","floor":35,"turns":1},{"damage":0,"enemies":"Orb Walker","floor":37,"turns":2},{"damage":4,"enemies":"Maw","floor":38,"turns":6},{"damage":75,"enemies":"Giant Head","floor":40,"turns":6}],"seed_played":"2264066917239816014","potions_obtained":[{"floor":1,"key":"GamblersBrew"},{"floor":4,"key":"FocusPotion"},{"floor":14,"key":"Weak Potion"},{"floor":18,"key":"FairyPotion"},{"floor":19,"key":"PowerPotion"},{"floor":24,"key":"Fire Potion"},{"floor":25,"key":"Energy Potion"},{"floor":29,"key":"Explosive Potion"},{"floor":35,"key":"Fire Potion"}],"is_trial":false,"path_per_floor":["M","?","M","M","M","R","M","R","T","M","M","?","R","E","R","B",null,"M","?","?","$","?","R","M","E","T","R","M","E","$","?","R","B",null,"M","?","M","M","$","E"],"character_chosen":"DEFECT","items_purchased":["Electrodynamics","Bag of Preparation"],"campfire_rested":4,"item_purchase_floors":[21,21],"current_hp_per_floor":[42,42,41,38,38,38,32,32,32,23,22,22,22,17,38,25,60,51,4,4,4,4,25,15,4,4,25,7,4,4,4,25,4,54,54,54,54,50,50,0],"gold":0,"neow_bonus":"THREE_RARE_CARDS","is_prod":false,"is_daily":false,"chose_seed":false,"campfire_upgraded":3,"win_rate":0,"timestamp":1551019292,"path_taken":["M","?","M","M","M","R","?","R","T","M","M","?","R","E","R","BOSS","M","?","?","$","?","R","M","E","T","R","M","E","$","?","R","BOSS","M","?","M","M","$","E"],"build_version":"2019-01-23","purchased_purges":0,"victory":false,"max_hp_per_floor":[71,71,71,71,71,71,71,71,71,71,71,71,71,71,71,71,71,71,71,71,71,71,71,71,71,71,71,71,71,71,71,71,71,71,71,71,71,71,71,71],"card_choices":[{"not_picked":["Biased Cognition","Seek"],"picked":"Echo Form","floor":0},{"not_picked":["Conserve Battery","Rebound"],"picked":"Darkness","floor":1},{"not_picked":["Hello World","Compile Driver"],"picked":"Conserve Battery","floor":3},{"not_picked":["Lockon","Coolheaded"],"picked":"Sunder","floor":4},{"not_picked":["Fusion","Coolheaded"],"picked":"Hyperbeam","floor":5},{"not_picked":["Rebound","Force Field"],"picked":"Turbo","floor":7},{"not_picked":["Compile Driver","Lockon","Reprogram"],"picked":"SKIP","floor":10},{"not_picked":["Force Field","Ball Lightning"],"picked":"Glacier","floor":11},{"not_picked":["Machine Learning","Darkness"],"picked":"Loop","floor":14},{"not_picked":["Core Surge","Hyperbeam"],"picked":"Seek","floor":16},{"not_picked":["Leap","Static Discharge"],"picked":"Darkness+1","floor":18},{"not_picked":["Go for the Eyes","Stack"],"picked":"Cold Snap","floor":24},{"not_picked":["Static Discharge","Core Surge"],"picked":"Sunder+1","floor":25},{"not_picked":["Ball Lightning","Recycle","Scrape"],"picked":"SKIP","floor":28},{"not_picked":["Darkness","Turbo","Force Field"],"picked":"SKIP","floor":29},{"not_picked":["Seek","Creative AI"],"picked":"Biased Cognition","floor":33},{"not_picked":["Barrage","Hologram"],"picked":"Cold Snap","floor":35},{"not_picked":["Gash","Hello World+1"],"picked":"Static Discharge","floor":37},{"not_picked":["Tempest","Ball Lightning","Cold Snap"],"picked":"SKIP","floor":38}],"player_experience":763860,"relics_obtained":[{"floor":9,"key":"Centennial Puzzle"},{"floor":14,"key":"Bottled Tornado"},{"floor":19,"key":"Girya"},{"floor":19,"key":"Gremlin Horn"},{"floor":25,"key":"Bronze Scales"},{"floor":26,"key":"Oddly Smooth Stone"},{"floor":29,"key":"Nunchaku"}],"event_choices":[{"cards_removed":["Strike_B"],"damage_healed":0,"gold_gain":0,"player_choice":"Purged","damage_taken":0,"max_hp_gain":0,"max_hp_loss":0,"event_name":"Purifier","floor":2,"gold_loss":0},{"damage_healed":0,"gold_gain":0,"player_choice":"Grow","damage_taken":0,"max_hp_gain":0,"max_hp_loss":0,"event_name":"Living Wall","floor":12,"gold_loss":0,"cards_upgraded":["Echo Form"]},{"damage_healed":0,"gold_gain":0,"player_choice":"Fight","damage_taken":0,"max_hp_gain":0,"max_hp_loss":0,"event_name":"Colosseum","floor":19,"gold_loss":0},{"damage_healed":0,"gold_gain":0,"player_choice":"Fought Nobs","damage_taken":0,"max_hp_gain":0,"max_hp_loss":0,"event_name":"Colosseum","floor":19,"gold_loss":0},{"damage_healed":0,"gold_gain":0,"player_choice":"Simplicity","damage_taken":0,"max_hp_gain":0,"max_hp_loss":0,"event_name":"Back to Basics","floor":20,"gold_loss":0,"cards_upgraded":["Strike_B","Strike_B","Strike_B","Defend_B","Defend_B","Defend_B","Defend_B"]},{"damage_healed":0,"gold_gain":50,"player_choice":"Stole From Cult","damage_taken":0,"max_hp_gain":0,"max_hp_loss":0,"event_name":"Nest","floor":22,"gold_loss":0},{"damage_healed":0,"gold_gain":0,"player_choice":"Upgraded","damage_taken":0,"max_hp_gain":0,"max_hp_loss":0,"event_name":"Upgrade Shrine","floor":31,"gold_loss":0,"cards_upgraded":["Loop"]},{"damage_healed":0,"gold_gain":0,"player_choice":"Paid","damage_taken":0,"relics_obtained":["Red Mask"],"max_hp_gain":0,"max_hp_loss":0,"event_name":"Tomb of Lord Red Mask","floor":36,"gold_loss":15}],"is_beta":false,"boss_relics":[{"not_picked":["Black Star","Tiny House"],"picked":"Ectoplasm"},{"not_picked":["Pandora\u0027s Box","Cursed Key"],"picked":"Nuclear Battery"}],"items_purged_floors":[],"is_endless":false,"potions_floor_spawned":[1,4,5,14,18,19,24,25,29,35],"killed_by":"Giant Head","ascension_level":20}