{"gold_per_floor":[117,132,148,298,308,308,308,308,308,308,321,340,365,27,27,27],"floor_reached":16,"playtime":878,"items_purged":["Strike_B"],"score":199,"play_id":"0feab73e-ec63-44e9-b225-6b5ee7bdcb41","local_time":"20190120183103","is_ascension_mode":true,"campfire_choices":[{"data":"Zap","floor":6,"key":"SMITH"},{"data":"Ball Lightning","floor":8,"key":"SMITH"},{"floor":15,"key":"REST"}],"neow_cost":"NONE","seed_source_timestamp":1004772602201356,"circlet_count":0,"master_deck":["AscendersBane","Strike_B","Defend_B","Defend_B","Defend_B","Defend_B","Zap+1","Dualcast","Compile Driver","Ball Lightning+1","Rainbow","Auto Shields","Steam","Loop","Coolheaded"],"relics":["Cracked Core","Sundial","Meat on the Bone","Runic Capacitor"],"potions_floor_usage":[16],"damage_taken":[{"damage":7,"enemies":"Small Slimes","floor":1,"turns":4},{"damage":2,"enemies":"Jaw Worm","floor":2,"turns":4},{"damage":3,"enemies":"2 Louse","floor":3,"turns":2},{"damage":12,"enemies":"Lots of Slimes","floor":5,"turns":4},{"damage":24,"enemies":"Exordium Thugs","floor":11,"turns":4},{"damage":0,"enemies":"2 Fungi Beasts","floor":12,"turns":3},{"damage":3,"enemies":"3 Sentries","floor":13,"turns":6},{"damage":28,"enemies":"Slime Boss","floor":16,"turns":6}],"seed_played":"1466931255203554345","potions_obtained":[{"floor":3,"key":"Energy Potion"},{"floor":13,"key":"SkillPotion"}],"is_trial":false,"path_per_floor":["M","M","M","?","M","R","?","R","T","?","M","M","E","$","R","B"],"character_chosen":"DEFECT","items_purchased":["Coolheaded","Runic Capacitor"],"campfire_rested":1,"item_purchase_floors":[14,14],"current_hp_per_floor":[57,55,52,52,40,40,33,33,33,33,9,9,6,6,27,0],"gold":27,"neow_bonus":"REMOVE_CARD","is_prod":false,"is_daily":false,"chose_seed":false,"campfire_upgraded":2,"win_rate":0,"timestamp":1548027063,"path_taken":["M","M","M","?","M","R","?","R","T","?","M","?","E","$","R","BOSS"],"build_version":"2019-01-19","purchased_purges":1,"victory":false,"max_hp_per_floor":[71,71,71,71,71,71,71,71,71,71,71,71,71,71,71,71],"card_choices":[{"not_picked":["Streamline","Turbo"],"picked":"Compile Driver","floor":1},{"not_picked":["Go for the Eyes","Streamline"],"picked":"Ball Lightning","floor":2},{"not_picked":["Static Discharge","Turbo"],"picked":"Rainbow","floor":3},{"not_picked":["Sweeping Beam","Redo"],"picked":"Auto Shields","floor":5},{"not_picked":["Force Field","Beam Cell","Redo"],"picked":"SKIP","floor":11},{"not_picked":["Rebound","Barrage"],"picked":"Steam","floor":12},{"not_picked":["Seek","Ball Lightning"],"picked":"Loop","floor":13}],"player_experience":466149,"relics_obtained":[{"floor":9,"key":"Sundial"},{"floor":13,"key":"Meat on the Bone"}],"event_choices":[{"damage_healed":0,"gold_gain":150,"player_choice":"AGREE","damage_taken":0,"max_hp_gain":0,"max_hp_loss":0,"event_name":"Liars Game","floor":4,"gold_loss":0,"cards_obtained":["Doubt"]},{"cards_removed":["Strike_B"],"damage_healed":0,"gold_gain":0,"player_choice":"Card Removal","damage_taken":7,"max_hp_gain":0,"max_hp_loss":0,"event_name":"Golden Wing","floor":7,"gold_loss":0},{"cards_removed":["Doubt"],"damage_healed":0,"gold_gain":0,"player_choice":"Purged","damage_taken":0,"max_hp_gain":0,"max_hp_loss":0,"event_name":"Purifier","floor":10,"gold_loss":0}],"is_beta":true,"boss_relics":[],"items_purged_floors":[14],"is_endless":false,"potions_floor_spawned":[3,13],"killed_by":"Slime Boss","ascension_level":19}