{"path_per_floor":["M","M","?","M","M","R","E","M","T","R","$","M","?","?","R","B",null,"M","$","?","?","M"],"character_chosen":"IRONCLAD","items_purchased":["Limit Break","Clash","Inflame","Bandage Up","Metallicize"],"gold_per_floor":[115,134,134,152,167,167,197,213,284,284,94,112,187,187,187,282,282,295,4,4,4,24],"floor_reached":23,"campfire_rested":0,"playtime":620,"current_hp_per_floor":[78,80,80,80,80,80,68,58,58,58,58,63,52,52,52,11,63,54,54,38,38,44],"items_purged":["Defend_R","Strike_R"],"gold":24,"score":267,"play_id":"42fb5077-671c-4655-ab42-bf30780c124f","local_time":"20180305170509","is_prod":false,"is_daily":false,"is_ascension_mode":true,"campfire_upgraded":3,"timestamp":1520237109,"path_taken":["M","M","?","?","?","R","E","M","T","R","?","M","?","?","R","BOSS","M","$","?","?","M","E"],"build_version":"2018-03-01-PROD1","purchased_purges":2,"victory":false,"master_deck":["Strike_R","Strike_R","Strike_R","Defend_R","Defend_R","Bash","Twin Strike","Clash","Perfected Strike+1","Cleave","Heavy Blade+1","Limit Break","Clash+1","Headbutt","Headbutt","Immolate","Thunderclap","Inflame","Bandage Up","Metallicize","Iron Wave"],"max_hp_per_floor":[80,80,80,80,80,80,80,80,80,80,80,80,80,80,80,80,80,80,80,80,80,80],"relics":["Burning Blood","NeowsBlessing","The Courier","Pantograph","Black Star","Enchiridion"],"card_choices":[{"not_picked":["Armaments","Bloodletting"],"picked":"Twin Strike"},{"not_picked":["Wild Strike","Pummel"],"picked":"Clash"},{"not_picked":["Spot Weakness","Armaments"],"picked":"Perfected Strike"},{"not_picked":["Armaments","Heavy Blade"],"picked":"Cleave"},{"not_picked":["Headbutt","Spot Weakness"],"picked":"Heavy Blade"},{"not_picked":["Dark Embrace","Heavy Blade"],"picked":"Headbutt"},{"not_picked":["Bludgeon","Berserk"],"picked":"Immolate"},{"not_picked":["Anger","Headbutt"],"picked":"Thunderclap"}],"player_experience":257837,"potions_floor_usage":[7,23,23,23],"damage_taken":[{"damage":0,"enemies":"2 Louse","floor":1,"turns":1},{"damage":0,"enemies":"Jaw Worm","floor":2,"turns":1},{"damage":0,"enemies":"Cultist","floor":4,"turns":1},{"damage":4,"enemies":"Red Slaver","floor":5,"turns":4},{"damage":18,"enemies":"3 Sentries","floor":7,"turns":5},{"damage":16,"enemies":"Gremlin Gang","floor":8,"turns":4},{"damage":1,"enemies":"Exordium Thugs","floor":12,"turns":3},{"damage":72,"enemies":"Hexaghost","floor":16,"turns":7},{"damage":15,"enemies":"3 Byrds","floor":18,"turns":4},{"damage":0,"enemies":"Spheric Guardian","floor":22,"turns":2},{"damage":48,"enemies":"Slavers","floor":23,"turns":3}],"event_choices":[{"event_name":"Liars Game","player_choice":"disagreed","floor":3,"damage_taken":0},{"event_name":"World of Goop","player_choice":"Gather Gold","floor":13,"damage_taken":0},{"event_name":"Transmorgrifier","player_choice":"Transform","floor":14,"damage_taken":0},{"event_name":"Cursed Tome","player_choice":"Obtained Book","floor":20,"damage_taken":0},{"event_name":"Transmorgrifier","player_choice":"Transform","floor":21,"damage_taken":0}],"boss_relics":[{"not_picked":["Snecko Eye","White Beast Statue"],"picked":"Black Star"}],"potions_floor_spawned":[2,8,16,18,22],"seed_played":"-1363807745578038930","killed_by":"Slavers","ascension_level":8,"is_trial":false}