{"gold_per_floor":[360,373,1,1,15,43,57,57,81,81,110,110,129,161,161,236,236,249,249,268,285,301,634,634,661,745,745,763,275,275,310,310,384,384,402,105,105,123,139,139,172,186,186,186,214,214,242,254,254,254],"floor_reached":51,"playtime":3760,"items_purged":[],"score":1858,"play_id":"94b3f172-f4cf-4f6c-aa26-6049177fcd7a","local_time":"20180702214938","is_ascension_mode":true,"campfire_choices":[{"data":"Infinite Blades","floor":8,"key":"SMITH"},{"data":"Neutralize","floor":10,"key":"SMITH"},{"data":"Cloak And Dagger","floor":12,"key":"SMITH"},{"data":"Cloak And Dagger","floor":15,"key":"SMITH"},{"data":"After Image","floor":24,"key":"SMITH"},{"data":"Backstab","floor":27,"key":"SMITH"},{"data":"Dagger Spray","floor":32,"key":"SMITH"},{"data":"Finisher","floor":40,"key":"SMITH"},{"data":"Die Die Die","floor":46,"key":"SMITH"},{"data":"Strike_G","floor":49,"key":"PURGE"}],"neow_cost":"FIFTY_PERCENT_DAMAGE","seed_source_timestamp":1294041459692573,"circlet_count":0,"master_deck":["Defend_G","Defend_G","Defend_G","Defend_G","Defend_G","Strike_G","Strike_G","Strike_G","Strike_G","Survivor","Neutralize+1","AscendersBane","Deadly Poison","Quick Slash","Backstab+1","Cloak And Dagger+1","Dagger Spray+1","Infinite Blades+1","Cloak And Dagger+1","Dodge and Roll+1","After Image+1","Backstab","Ghostly+1","Ghostly+1","Ghostly+1","Ghostly+1","Ghostly+1","Backstab","Outmaneuver+1","Outmaneuver+1","PiercingWail+1","Prepared+1","After Image","Backflip+1","Die Die Die+1","Finisher+1","Madness+1","Madness+1","Blade Dance+1","Bandage Up+1","Malaise+1"],"relics":["Ring of the Snake","Dead Branch","Orichalcum","Vajra","Anchor","Toxic Egg 2","Black Star","Peace Pipe","Old Coin","Mercury Hourglass","Blue Candle","Tiny Chest","Bag of Marbles","Ancient Tea Set","Pen Nib","Bag of Preparation","Boot","Oddly Smooth Stone","Sozu","Question Card","Kunai","Gremlin Horn","Ninja Scroll","Art of War","Juzu Bracelet","Pantograph","Ornamental Fan"],"potions_floor_usage":[11,16,25,25,25,33],"damage_taken":[{"damage":1,"enemies":"Cultist","floor":1,"turns":5},{"damage":0,"enemies":"Small Slimes","floor":2,"turns":4},{"damage":0,"enemies":"Jaw Worm","floor":5,"turns":2},{"damage":2,"enemies":"3 Sentries","floor":6,"turns":8},{"damage":4,"enemies":"Red Slaver","floor":7,"turns":4},{"damage":0,"enemies":"Gremlin Nob","floor":11,"turns":3},{"damage":0,"enemies":"Gremlin Gang","floor":13,"turns":2},{"damage":14,"enemies":"Lagavulin","floor":14,"turns":4},{"damage":0,"enemies":"Hexaghost","floor":16,"turns":7},{"damage":0,"enemies":"3 Byrds","floor":18,"turns":5},{"damage":0,"enemies":"2 Thieves","floor":20,"turns":4},{"damage":0,"enemies":"Snecko","floor":21,"turns":4},{"damage":0,"enemies":"Cultist and Chosen","floor":22,"turns":5},{"damage":0,"enemies":"Slavers","floor":23,"turns":5},{"damage":0,"enemies":"Book of Stabbing","floor":25,"turns":6},{"damage":0,"enemies":"Slaver and Parasite","floor":28,"turns":4},{"damage":5,"enemies":"Slavers","floor":31,"turns":5},{"damage":3,"enemies":"Collector","floor":33,"turns":10},{"damage":0,"enemies":"3 Darklings","floor":35,"turns":5},{"damage":0,"enemies":"Orb Walker","floor":38,"turns":1},{"damage":0,"enemies":"Maw","floor":39,"turns":6},{"damage":5,"enemies":"2 Orb Walkers","floor":41,"turns":3},{"damage":0,"enemies":"Sphere and 2 Shapes","floor":42,"turns":1},{"damage":0,"enemies":"Giant Head","floor":45,"turns":6},{"damage":0,"enemies":"Nemesis","floor":47,"turns":3},{"damage":0,"enemies":"4 Shapes","floor":48,"turns":2},{"damage":0,"enemies":"Awakened One","floor":50,"turns":10}],"seed_played":"974300855019359732","potions_obtained":[{"floor":2,"key":"SkillPotion"},{"floor":11,"key":"EssenceOfSteel"},{"floor":20,"key":"SteroidPotion"},{"floor":21,"key":"SkillPotion"},{"floor":33,"key":"Energy Potion"}],"is_trial":false,"path_per_floor":["M","M","$","?","M","E","M","R","T","R","E","R","M","E","R","B",null,"M","?","M","M","M","E","R","E","T","R","M","$","T","E","R","B",null,"M","$","?","M","M","R","E","M","T","?","E","R","E","M","R","B"],"character_chosen":"THE_SILENT","items_purchased":["Dead Branch","Backstab","Bag of Marbles","Ancient Tea Set","Pen Nib","Backflip+1","Question Card","Finisher"],"campfire_rested":0,"item_purchase_floors":[3,3,29,29,29,29,36,36],"current_hp_per_floor":[29,29,29,51,51,49,45,45,45,45,45,45,45,31,31,31,57,57,33,33,33,33,33,33,33,33,33,33,33,33,28,28,25,31,31,31,25,25,25,25,20,20,20,20,26,26,26,26,26,33],"gold":254,"neow_bonus":"TWO_FIFTY_GOLD","is_prod":false,"is_daily":false,"chose_seed":false,"campfire_upgraded":9,"win_rate":0,"timestamp":1530560978,"path_taken":["M","M","$","?","?","E","?","R","T","R","E","R","M","E","R","BOSS","M","?","M","M","M","E","R","E","T","R","M","$","?","E","R","BOSS","M","$","?","M","?","R","E","M","T","?","E","R","E","M","R","BOSS"],"build_version":"2018-06-28","purchased_purges":0,"victory":true,"max_hp_per_floor":[66,66,66,66,66,66,66,66,66,66,66,66,66,66,66,66,66,66,33,33,33,33,33,33,33,33,33,33,33,33,33,33,33,33,33,33,33,33,33,33,33,33,33,33,33,33,33,33,33,33],"card_choices":[{"not_picked":["Acrobatics","Sucker Punch"],"picked":"Deadly Poison","floor":1},{"not_picked":["Slice","Dodge and Roll"],"picked":"Quick Slash","floor":2},{"not_picked":["Deflect","Leg Sweep"],"picked":"Cloak And Dagger","floor":5},{"not_picked":["Prepared","Venomology"],"picked":"Dagger Spray","floor":6},{"not_picked":["Sucker Punch","Distraction"],"picked":"Infinite Blades","floor":7},{"not_picked":["Reflex","All Out Attack","Flying Knee"],"picked":"SKIP","floor":11},{"not_picked":["Bane","Prepared"],"picked":"Cloak And Dagger","floor":13},{"not_picked":["All Out Attack","Finisher"],"picked":"Dodge and Roll","floor":14},{"not_picked":["Die Die Die","Envenom"],"picked":"After Image","floor":16},{"not_picked":["Reflex+1","Masterful Stab"],"picked":"Backstab","floor":18},{"not_picked":["Bane","Poisoned Stab"],"picked":"Backstab","floor":20},{"not_picked":["Caltrops","Masterful Stab"],"picked":"Outmaneuver+1","floor":21},{"not_picked":["Heel Hook+1","Deflect+1"],"picked":"Outmaneuver+1","floor":22},{"not_picked":["Finisher","Bouncing Flask+1"],"picked":"PiercingWail+1","floor":23},{"not_picked":["Deflect+1","Expertise+1"],"picked":"Prepared+1","floor":25},{"not_picked":["Quick Slash","Acrobatics+1"],"picked":"After Image","floor":28},{"not_picked":["Quick Slash","Dagger Spray","Reflex+1"],"picked":"SKIP","floor":31},{"not_picked":["Corpse Explosion","Tactician+1"],"picked":"Die Die Die","floor":33},{"not_picked":["Reflex+1","Poisoned Stab","Bane"],"picked":"SKIP","floor":35},{"not_picked":["Underhanded Strike","Sucker Punch","Dodge and Roll+1","Choke"],"picked":"SKIP","floor":38},{"not_picked":["Bouncing Flask+1","Heel Hook","Prepared+1","PiercingWail+1"],"picked":"SKIP","floor":39},{"not_picked":["Deadly Poison+1","Heel Hook+1","Choke","Acrobatics+1"],"picked":"SKIP","floor":41},{"not_picked":["Eviscerate","Quick Slash","Deadly Poison+1"],"picked":"Blade Dance+1","floor":42},{"not_picked":["Dramatic Entrance","Magnetism","Swift Strike"],"picked":"Bandage Up+1","floor":44},{"not_picked":["Dodge and Roll+1","Infinite Blades","Poisoned Stab","Sucker Punch+1"],"picked":"SKIP","floor":45},{"not_picked":["Dagger Throw","Caltrops+1","Dash","Heel Hook"],"picked":"SKIP","floor":47},{"not_picked":["Endless Agony","Leg Sweep+1","Quick Slash"],"picked":"Malaise+1","floor":48}],"player_experience":736959,"relics_obtained":[{"floor":6,"key":"Orichalcum"},{"floor":9,"key":"Vajra"},{"floor":11,"key":"Anchor"},{"floor":14,"key":"Toxic Egg 2"},{"floor":23,"key":"Peace Pipe"},{"floor":23,"key":"Old Coin"},{"floor":25,"key":"Mercury Hourglass"},{"floor":25,"key":"Blue Candle"},{"floor":26,"key":"Tiny Chest"},{"floor":30,"key":"Bag of Preparation"},{"floor":31,"key":"Boot"},{"floor":31,"key":"Oddly Smooth Stone"},{"floor":41,"key":"Kunai"},{"floor":41,"key":"Gremlin Horn"},{"floor":43,"key":"Ninja Scroll"},{"floor":45,"key":"Art of War"},{"floor":45,"key":"Juzu Bracelet"},{"floor":47,"key":"Pantograph"},{"floor":47,"key":"Ornamental Fan"}],"event_choices":[{"event_name":"Big Fish","player_choice":"Banana","floor":4,"damage_taken":0},{"event_name":"Ghosts","player_choice":"Became a Ghost","floor":19,"damage_taken":0},{"event_name":"Winding Halls","player_choice":"Embrace Madness","floor":37,"damage_taken":0},{"event_name":"SensoryStone","player_choice":"Memory 1","floor":44,"damage_taken":0}],"boss_relics":[{"not_picked":["Orrery","Philosopher\u0027s Stone"],"picked":"Black Star"},{"not_picked":["Pandora\u0027s Box","Runic Dome"],"picked":"Sozu"}],"items_purged_floors":[],"is_endless":false,"potions_floor_spawned":[2,7,11,14,20,21,22,33,35,42],"ascension_level":15}