{"gold_per_floor":[216,232,13,27,0,26,41,41,41,2,13,13,13,39,39,141,141,161,76,93,126,146,146,176,196,223,223,233,0,15,41,41,41],"floor_reached":33,"playtime":1784,"items_purged":[],"score":322,"play_id":"32177426-270e-44e8-87d2-45fbcf751daf","local_time":"20190103235634","is_ascension_mode":false,"campfire_choices":[{"data":"Predator","floor":12.0,"key":"SMITH"},{"floor":15.0,"key":"REST"},{"floor":23.0,"key":"REST"},{"floor":27.0,"key":"REST"},{"floor":32,"key":"REST"}],"neow_cost":"NONE","seed_source_timestamp":822859801349217,"circlet_count":0,"master_deck":["Defend_G","Defend_G","Defend_G","Defend_G","Defend_G","Strike_G","Strike_G","Strike_G","Strike_G","Strike_G","Survivor","Neutralize","Poisoned Stab","Blur","Masterful Stab","Blade Dance","Flying Knee","Malaise","Predator+1","Dodge and Roll","Good Instincts","Bouncing Flask","Poisoned Stab","Corpse Explosion","Night Terror","Bane","Dash","Blur","Cloak And Dagger","Noxious Fumes","Poisoned Stab","Prepared","Apotheosis","Deadly Poison","Riddle With Holes+1","Flying Knee+1"],"special_seed":0,"relics":["Ring of the Serpent","Happy Flower","Paper Crane","Unceasing Top","Bottled Flame","Prayer Wheel","Lantern","Red Mask","Gremlin Horn","Orichalcum","Meat on the Bone"],"potions_floor_usage":[],"damage_taken":[{"damage":0.0,"enemies":"Cultist","floor":1.0,"turns":3.0},{"damage":1.0,"enemies":"Jaw Worm","floor":2.0,"turns":5.0},{"damage":0.0,"enemies":"2 Louse","floor":4.0,"turns":2.0},{"damage":17.0,"enemies":"3 Sentries","floor":6.0,"turns":9.0},{"damage":2.0,"enemies":"Exordium Wildlife","floor":7.0,"turns":5.0},{"damage":0.0,"enemies":"2 Fungi Beasts","floor":11.0,"turns":3.0},{"damage":8.0,"enemies":"Lagavulin","floor":14.0,"turns":6.0},{"damage":28.0,"enemies":"Slime Boss","floor":16.0,"turns":8.0},{"damage":5.0,"enemies":"Spheric Guardian","floor":18.0,"turns":3.0},{"damage":0.0,"enemies":"Chosen","floor":20.0,"turns":4.0},{"damage":0.0,"enemies":"Masked Bandits","floor":21.0,"turns":2.0},{"damage":22.0,"enemies":"Shelled Parasite and Fungi","floor":22.0,"turns":3.0},{"damage":41.0,"enemies":"Slavers","floor":24.0,"turns":5.0},{"damage":2.0,"enemies":"Sentry and Sphere","floor":25.0,"turns":4.0},{"damage":6.0,"enemies":"Snake Plant","floor":28.0,"turns":6.0},{"damage":0,"enemies":"Snecko","floor":30,"turns":5},{"damage":18,"enemies":"Gremlin Leader","floor":31,"turns":7},{"damage":55,"enemies":"Collector","floor":33,"turns":5}],"seed_played":"-3240619425329651357","potions_obtained":[{"floor":6.0,"key":"Explosive Potion"},{"floor":7.0,"key":"PowerPotion"},{"floor":16.0,"key":"Swift Potion"},{"floor":21.0,"key":"PowerPotion"},{"floor":22.0,"key":"SkillPotion"},{"floor":24.0,"key":"Explosive Potion"},{"floor":25.0,"key":"Regen Potion"}],"is_trial":false,"path_per_floor":["M","M","$","M","$","E","M","?","T","$","M","R","T","E","R","B",null,"M","?","M","?","M","R","E","M","T","R","M","$","M","E","R","B"],"character_chosen":"THE_SILENT","items_purchased":["Happy Flower","Masterful Stab","Flying Knee","Bouncing Flask","Apotheosis","Deadly Poison"],"campfire_rested":4,"item_purchase_floors":[3,3,5,10,29,29],"current_hp_per_floor":[70,69,69,69,69,52,50,50,50,50,50,50,50,42,63,35,70,65,65,65,65,43,64,23,21,21,42,51,51,51,33,54,0],"gold":41,"neow_bonus":"HUNDRED_GOLD","is_prod":false,"is_daily":false,"chose_seed":false,"campfire_upgraded":1,"win_rate":0,"timestamp":1546577794,"path_taken":["M","M","$","M","$","E","?","?","T","?","M","R","?","E","R","BOSS","M","?","M","?","M","R","E","M","T","R","M","$","M","E","R","BOSS"],"build_version":"2019-01-03v2","purchased_purges":0,"victory":false,"max_hp_per_floor":[70,70,70,70,70,70,70,70,70,70,70,70,70,70,70,70,70,70,70,70,70,70,70,70,70,70,70,70,70,70,70,70,70],"card_choices":[{"not_picked":["Slice","Quick Slash"],"picked":"Poisoned Stab","floor":1.0},{"not_picked":["Cloak And Dagger","Outmaneuver"],"picked":"Blur","floor":2.0},{"not_picked":["Endless Agony","Underhanded Strike"],"picked":"Blade Dance","floor":4.0},{"not_picked":["Concentrate","Reflex"],"picked":"Malaise","floor":6.0},{"not_picked":["Masterful Stab","Slice"],"picked":"Predator","floor":7.0},{"not_picked":["Dagger Throw","Caltrops"],"picked":"Poisoned Stab","floor":11.0},{"not_picked":["Poisoned Stab","Night Terror"],"picked":"Corpse Explosion","floor":14.0},{"not_picked":["Phantasmal Killer","Die Die Die"],"picked":"Night Terror","floor":16.0},{"not_picked":["Slice","Expertise"],"picked":"Bane","floor":18.0},{"not_picked":["All Out Attack","Dagger Throw","Well Laid Plans"],"picked":"SKIP","floor":18.0},{"not_picked":["All Out Attack","Dagger Throw","Well Laid Plans"],"picked":"SKIP","floor":18.0},{"not_picked":["Heel Hook","Deflect"],"picked":"Dash","floor":20.0},{"not_picked":["Prepared","Eviscerate","Underhanded Strike+1"],"picked":"SKIP","floor":20.0},{"not_picked":["Dagger Throw","Underhanded Strike"],"picked":"Blur","floor":22.0},{"not_picked":["Night Terror","Well Laid Plans","Blade Dance"],"picked":"SKIP","floor":22.0},{"not_picked":["Prepared","Underhanded Strike"],"picked":"Cloak And Dagger","floor":24.0},{"not_picked":["Dagger Throw","Terror+1"],"picked":"Noxious Fumes","floor":25.0},{"not_picked":["Slice","Calculated Gamble","Flying Knee"],"picked":"SKIP","floor":25.0},{"not_picked":["Choke","Night Terror"],"picked":"Poisoned Stab","floor":28.0},{"not_picked":["Prepared","Heel Hook+1","Deflect"],"picked":"SKIP","floor":28.0},{"not_picked":["Heel Hook+1","Deflect"],"picked":"Prepared","floor":28.0},{"not_picked":["Deflect","Underhanded Strike+1"],"picked":"Riddle With Holes+1","floor":30},{"not_picked":["Accuracy","Quick Slash+1"],"picked":"Flying Knee+1","floor":30},{"not_picked":["Flying Knee","Reflex","All Out Attack"],"picked":"SKIP","floor":31}],"player_experience":417882,"relics_obtained":[{"floor":6.0,"key":"Paper Crane"},{"floor":9.0,"key":"Unceasing Top"},{"floor":13.0,"key":"Bottled Flame"},{"floor":14.0,"key":"Prayer Wheel"},{"floor":21.0,"key":"Red Mask"},{"floor":24.0,"key":"Gremlin Horn"},{"floor":26.0,"key":"Orichalcum"},{"floor":31,"key":"Meat on the Bone"}],"event_choices":[{"damage_healed":0.0,"max_hp_gain":0.0,"max_hp_loss":0.0,"gold_gain":0.0,"event_name":"Match and Keep!","player_choice":"2 cards matched","floor":8.0,"gold_loss":0.0,"damage_taken":0.0,"cards_obtained":["Dodge and Roll","Good Instincts"]},{"damage_healed":0.0,"max_hp_gain":0.0,"max_hp_loss":0.0,"gold_gain":0.0,"event_name":"Addict","player_choice":"Obtained Relic","floor":19.0,"gold_loss":85.0,"damage_taken":0.0,"relics_obtained":["Lantern"]},{"damage_healed":0.0,"max_hp_gain":0.0,"max_hp_loss":0.0,"gold_gain":0.0,"event_name":"Masked Bandits","player_choice":"Fought Bandits","floor":21.0,"gold_loss":0.0,"damage_taken":0.0}],"is_beta":false,"boss_relics":[{"not_picked":["Runic Dome","Snecko Eye"],"picked":"Ring of the Serpent"}],"items_purged_floors":[],"is_endless":false,"potions_floor_spawned":[6,7,16,21,22,24,25],"killed_by":"Collector","ascension_level":0}