{"gold_per_floor":[112,112,112,123,138,138,167,167,194,26,101,126,137,170,170,274,274,284,295,295,295,210,210,287,287,287,287,287,287,52,70,70,70],"floor_reached":33,"playtime":2459,"items_purged":["Strike_R","Bite"],"score":414,"play_id":"91363cde-00de-4fa5-93b9-8fc52c2c739b","local_time":"20190203221734","is_ascension_mode":true,"campfire_choices":[{"data":"Intimidate","floor":6.0,"key":"SMITH"},{"data":"Armaments","floor":15.0,"key":"SMITH"},{"data":"Exhume","floor":23.0,"key":"SMITH"},{"data":"True Grit","floor":25.0,"key":"SMITH"},{"data":"Shrug It Off","floor":27.0,"key":"SMITH"},{"data":"Feel No Pain","floor":32,"key":"SMITH"}],"neow_cost":"NONE","seed_source_timestamp":85498850004308,"circlet_count":0,"master_deck":["AscendersBane","Defend_R","Defend_R+1","Defend_R","Bash","Havoc+1","Rampage+1","Shrug It Off+1","Intimidate+1","Armaments+1","Flash of Steel","True Grit+1","Headbutt","Power Through","Exhume+1","True Grit+1","Disarm+1","Bite","Bite","Bite","Bite","Feel No Pain+1","Finesse"],"special_seed":0,"relics":["Burning Blood","Potion Belt","Anchor","Question Card","Mark of Pain","Incense Burner","Darkstone Periapt"],"potions_floor_usage":[],"damage_taken":[{"damage":7.0,"enemies":"Jaw Worm","floor":1.0,"turns":6.0},{"damage":8.0,"enemies":"2 Louse","floor":4.0,"turns":3.0},{"damage":0.0,"enemies":"Cultist","floor":5.0,"turns":4.0},{"damage":16.0,"enemies":"Lagavulin","floor":7.0,"turns":9.0},{"damage":18.0,"enemies":"Gremlin Nob","floor":12.0,"turns":4.0},{"damage":0.0,"enemies":"Blue Slaver","floor":13.0,"turns":4.0},{"damage":22.0,"enemies":"3 Sentries","floor":14.0,"turns":9.0},{"damage":39.0,"enemies":"Hexaghost","floor":16.0,"turns":13.0},{"damage":11.0,"enemies":"Shell Parasite","floor":18.0,"turns":11.0},{"damage":35.0,"enemies":"Spheric Guardian","floor":19.0,"turns":6.0},{"damage":42,"enemies":"3 Cultists","floor":31,"turns":8},{"damage":79,"enemies":"Automaton","floor":33,"turns":12}],"seed_played":"414579406242069455","potions_obtained":[{"floor":7.0,"key":"SteroidPotion"},{"floor":12.0,"key":"Ancient Potion"},{"floor":18.0,"key":"Energy Potion"},{"floor":31,"key":"EssenceOfSteel"}],"is_trial":false,"path_per_floor":["M","?","?","M","M","R","E","?","T","$","?","E","M","E","R","B",null,"M","M","?","?","?","R","T","R","T","R","?","?","$","M","R","B"],"character_chosen":"IRONCLAD","items_purchased":["Flash of Steel","Feel No Pain","Finesse"],"campfire_rested":0,"item_purchase_floors":[10,30,30],"current_hp_per_floor":[71,55,55,53,59,59,49,75,75,75,64,52,60,46,46,15,64,61,34,60,60,60,60,60,60,60,60,60,60,60,40,40,0],"gold":70,"neow_bonus":"TRANSFORM_CARD","is_prod":false,"is_daily":false,"chose_seed":false,"campfire_upgraded":6,"win_rate":0,"timestamp":1549250254,"path_taken":["M","?","?","M","?","R","E","?","T","?","?","E","M","E","R","BOSS","M","M","?","?","?","R","?","R","T","R","?","?","$","?","R","BOSS"],"build_version":"2019-01-23","purchased_purges":2,"victory":false,"max_hp_per_floor":[80,80,80,80,80,80,80,80,80,80,80,80,80,80,80,80,80,80,80,80,80,80,80,80,80,80,80,80,80,80,80,80,80],"card_choices":[{"not_picked":["Headbutt","Warcry"],"picked":"Rampage","floor":1.0},{"not_picked":["Thunderclap","Entrench"],"picked":"Shrug It Off","floor":4.0},{"not_picked":["Carnage","Sword Boomerang"],"picked":"Intimidate","floor":5.0},{"not_picked":["Second Wind","Perfected Strike"],"picked":"Armaments","floor":7.0},{"not_picked":["Hemokinesis","Second Wind"],"picked":"True Grit","floor":12.0},{"not_picked":["Pommel Strike","Bloodletting"],"picked":"Headbutt","floor":13.0},{"not_picked":["True Grit","Battle Trance"],"picked":"Power Through","floor":14.0},{"not_picked":["Limit Break","Immolate","Berserk"],"picked":"Exhume","floor":16.0},{"not_picked":["Shockwave","Blood for Blood+1","Body Slam+1"],"picked":"True Grit+1","floor":18.0},{"not_picked":["Dropkick+1","Body Slam","Entrench"],"picked":"Disarm+1","floor":19.0},{"not_picked":["Twin Strike","True Grit","Anger","Disarm"],"picked":"SKIP","floor":31}],"player_experience":329809,"relics_obtained":[{"floor":7.0,"key":"Potion Belt"},{"floor":9.0,"key":"Anchor"},{"floor":12.0,"key":"Blood Vial"},{"floor":14.0,"key":"Question Card"},{"floor":26.0,"key":"Darkstone Periapt"}],"event_choices":[{"damage_healed":0.0,"max_hp_gain":0.0,"max_hp_loss":0.0,"gold_gain":0.0,"event_name":"Shining Light","player_choice":"Entered Light","floor":2.0,"gold_loss":0.0,"damage_taken":16.0,"cards_upgraded":["Rampage","Defend_R"]},{"damage_healed":0.0,"max_hp_gain":0.0,"max_hp_loss":0.0,"gold_gain":0.0,"event_name":"Accursed Blacksmith","player_choice":"Forge","floor":3.0,"gold_loss":0.0,"damage_taken":0.0,"cards_upgraded":["Havoc"]},{"damage_healed":26.0,"max_hp_gain":0.0,"max_hp_loss":0.0,"gold_gain":0.0,"event_name":"Big Fish","player_choice":"Banana","floor":8.0,"gold_loss":0.0,"damage_taken":0.0},{"damage_healed":0.0,"max_hp_gain":0.0,"max_hp_loss":0.0,"gold_gain":75.0,"event_name":"World of Goop","player_choice":"Gather Gold","floor":11.0,"gold_loss":0.0,"damage_taken":11.0},{"damage_healed":26.0,"max_hp_gain":0.0,"max_hp_loss":0.0,"gold_gain":0.0,"event_name":"The Library","player_choice":"Heal","floor":20.0,"gold_loss":0.0,"damage_taken":0.0},{"damage_healed":0.0,"max_hp_gain":0.0,"max_hp_loss":0.0,"gold_gain":0.0,"event_name":"Ghosts","player_choice":"Ignored","floor":21.0,"gold_loss":0.0,"damage_taken":0.0},{"damage_healed":0.0,"max_hp_gain":0.0,"max_hp_loss":0.0,"gold_gain":0.0,"event_name":"Addict","player_choice":"Obtained Relic","floor":22.0,"gold_loss":85.0,"damage_taken":0.0,"relics_obtained":["Incense Burner"]},{"damage_healed":0.0,"max_hp_gain":0.0,"max_hp_loss":0.0,"gold_gain":0.0,"event_name":"Vampires","player_choice":"Became a vampire (Vial)","floor":28.0,"relics_lost":["Blood Vial"],"gold_loss":0.0,"damage_taken":0.0,"cards_obtained":["Bite","Bite","Bite","Bite","Bite"]},{"cards_removed":["Defend_R"],"damage_healed":0.0,"max_hp_gain":0.0,"max_hp_loss":0.0,"gold_gain":0.0,"event_name":"Back to Basics","player_choice":"Elegance","floor":29.0,"gold_loss":0.0,"damage_taken":0.0}],"is_beta":false,"boss_relics":[{"not_picked":["Astrolabe","Calling Bell"],"picked":"Mark of Pain"}],"items_purged_floors":[10,30],"is_endless":false,"potions_floor_spawned":[7,12,18,31],"killed_by":"Automaton","ascension_level":10}