{"gold_per_floor":[111,111,186,201,30,30,6,21,21,31,47,57,72,87,87,184,184,194,212,230,230],"floor_reached":21,"playtime":1697,"items_purged":["Regret"],"score":177,"play_id":"e6a625b5-da30-42c3-adeb-396db73a2487","local_time":"20181207020421","is_ascension_mode":false,"campfire_choices":[{"data":"Poisoned Stab","floor":6,"key":"SMITH"},{"floor":15,"key":"REST"}],"neow_cost":"NONE","seed_source_timestamp":616970098941790,"circlet_count":0,"master_deck":["Defend_G","Defend_G","Defend_G","Defend_G","Defend_G","Strike_G","Strike_G","Strike_G","Survivor","Neutralize","Quick Slash","PiercingWail","Poisoned Stab+1","Deadly Poison","Blade Dance","Dash","Endless Agony","Flying Knee","Catalyst","Corpse Explosion","Flying Knee","Backstab","Outmaneuver+1"],"relics":["Ring of the Snake","Pantograph","Gremlin Horn","Empty Cage"],"potions_floor_usage":[19,20,20,21,21],"damage_taken":[{"damage":0,"enemies":"Jaw Worm","floor":1,"turns":4},{"damage":2,"enemies":"2 Louse","floor":4,"turns":4},{"damage":0,"enemies":"Cultist","floor":8,"turns":4},{"damage":14,"enemies":"Gremlin Gang","floor":10,"turns":4},{"damage":7,"enemies":"Blue Slaver","floor":11,"turns":4},{"damage":0,"enemies":"Exordium Thugs","floor":12,"turns":4},{"damage":0,"enemies":"Looter","floor":13,"turns":3},{"damage":0,"enemies":"Blue Slaver","floor":14,"turns":4},{"damage":5,"enemies":"Hexaghost","floor":16,"turns":9},{"damage":31,"enemies":"Spheric Guardian","floor":18,"turns":6},{"damage":0,"enemies":"Chosen","floor":19,"turns":4},{"damage":5,"enemies":"Snecko","floor":20,"turns":5},{"damage":43,"enemies":"Centurion and Healer","floor":21,"turns":8}],"seed_played":"-5371547805585278284","potions_obtained":[{"floor":11,"key":"SkillPotion"},{"floor":12,"key":"Fire Potion"},{"floor":13,"key":"Fire Potion"},{"floor":14,"key":"Block Potion"},{"floor":19,"key":"Block Potion"},{"floor":20,"key":"PowerPotion"}],"is_trial":false,"path_per_floor":["M","?","?","M","$","R","$","M","T","M","M","M","M","M","R","B",null,"M","M","M","M"],"character_chosen":"THE_SILENT","items_purchased":["Poisoned Stab","Deadly Poison","Blade Dance"],"campfire_rested":1,"item_purchase_floors":[5,5,7],"current_hp_per_floor":[77,77,66,64,64,64,64,64,64,50,43,43,43,43,66,72,77,46,46,41,0],"gold":230,"neow_bonus":"TEN_PERCENT_HP_BONUS","is_prod":false,"is_daily":false,"chose_seed":false,"campfire_upgraded":1,"win_rate":0.0,"timestamp":1544166261,"path_taken":["M","?","?","M","$","R","?","M","T","M","M","M","?","M","R","BOSS","M","?","M","M"],"build_version":"2018-12-06","purchased_purges":1,"victory":false,"max_hp_per_floor":[77,77,77,77,77,77,77,77,77,77,77,77,77,77,77,77,77,77,77,77,77],"card_choices":[{"not_picked":["Bouncing Flask","Dodge and Roll"],"picked":"Quick Slash","floor":1},{"not_picked":["Acrobatics","Poisoned Stab"],"picked":"PiercingWail","floor":4},{"not_picked":["Leg Sweep","Poisoned Stab"],"picked":"Dash","floor":8},{"not_picked":["Dagger Throw","Riddle With Holes"],"picked":"Endless Agony","floor":10},{"not_picked":["Outmaneuver","Quick Slash"],"picked":"Flying Knee","floor":11},{"not_picked":["Backflip","Slice","Dodge and Roll"],"picked":"SKIP","floor":12},{"not_picked":["Acrobatics","Unload","Sucker Punch"],"picked":"SKIP","floor":13},{"not_picked":["Dagger Throw","Dodge and Roll"],"picked":"Catalyst","floor":14},{"not_picked":["Adrenaline","Phantasmal Killer"],"picked":"Corpse Explosion","floor":16},{"not_picked":["Blade Dance","Prepared+1"],"picked":"Flying Knee","floor":18},{"not_picked":["Acrobatics","Distraction+1"],"picked":"Backstab","floor":19},{"not_picked":["Blur","Sucker Punch"],"picked":"Outmaneuver+1","floor":20}],"player_experience":173619,"relics_obtained":[{"floor":9,"key":"Gremlin Horn"}],"event_choices":[{"damage_healed":0,"gold_gain":0,"player_choice":"Box","damage_taken":0,"relics_obtained":["Pantograph"],"max_hp_gain":0,"max_hp_loss":0,"event_name":"Big Fish","floor":2,"gold_loss":0,"cards_obtained":["Regret"]},{"damage_healed":0,"gold_gain":75,"player_choice":"Gather Gold","damage_taken":11,"max_hp_gain":0,"max_hp_loss":0,"event_name":"World of Goop","floor":3,"gold_loss":0}],"is_beta":false,"boss_relics":[{"not_picked":["Velvet Choker","Black Star"],"picked":"Empty Cage"}],"items_purged_floors":[5],"is_endless":false,"potions_floor_spawned":[11,12,13,14,19,20],"killed_by":"Centurion and Healer","ascension_level":0}