{"path_per_floor":["M","?","$","M","M","E","M","R","T","R","M","R","M","?","R","B",null,"M","M","M","?","M","R"],"character_chosen":"THE_SILENT","items_purchased":["Flash of Steel"],"gold_per_floor":[113,113,15,33,46,72,89,89,114,114,130,130,144,204,204,307,307,317,330,344,259,272,272],"floor_reached":24,"campfire_rested":3,"playtime":6879,"current_hp_per_floor":[69,69,69,69,68,39,25,46,46,70,70,70,63,63,63,17,70,50,50,35,35,7,43],"items_purged":[],"gold":272,"score":200,"play_id":"c9a8e291-01b0-4f16-a1bd-bc26c9980ea3","local_time":"20180313204917","is_prod":false,"is_daily":false,"is_ascension_mode":false,"campfire_upgraded":2,"timestamp":1520934557,"path_taken":["M","?","$","?","?","E","M","R","T","R","M","R","M","?","R","BOSS","M","?","M","?","M","R","M"],"build_version":"2018-03-09","purchased_purges":0,"victory":false,"master_deck":["Defend_G+1","Defend_G","Defend_G","Defend_G","Defend_G","Strike_G","Strike_G","Strike_G","Strike_G","Strike_G","Survivor","Neutralize","Quick Slash+1","Flash of Steel+1","Reflex","Flying Knee","Adrenaline","Prepared","Backflip","Sucker Punch","Burst","Poisoned Stab","Heel Hook","Quick Slash","Bouncing Flask+1"],"max_hp_per_floor":[70,70,70,70,70,70,70,70,70,70,70,70,70,70,70,70,70,70,70,70,70,70,70],"relics":["Ring of the Snake","Anchor","Regal Pillow","Lizard Tail","Matryoshka"],"card_choices":[{"not_picked":["Terror","Masterful Stab"],"picked":"Quick Slash"},{"not_picked":["Infinite Blades","Malaise"],"picked":"Reflex"},{"not_picked":["Quick Slash","Malaise"],"picked":"Flying Knee"},{"not_picked":["Dodge and Roll","Dagger Spray"],"picked":"Adrenaline"},{"not_picked":["Skewer","Deadly Poison"],"picked":"Prepared"},{"not_picked":["Crippling Poison","Dodge and Roll"],"picked":"Backflip"},{"not_picked":["Masterful Stab","Prepared"],"picked":"Sucker Punch"},{"not_picked":["Tools of the Trade","After Image"],"picked":"Burst"},{"not_picked":["Prepared","Sucker Punch"],"picked":"Poisoned Stab"},{"not_picked":["Deflect","Flying Knee"],"picked":"Heel Hook"},{"not_picked":["Masterful Stab","Leg Sweep"],"picked":"Quick Slash"},{"not_picked":["Bane","Reflex"],"picked":"Bouncing Flask"}],"player_experience":23685,"potions_floor_usage":[6,6,16,16,19,19],"damage_taken":[{"damage":1,"enemies":"2 Louse","floor":1,"turns":3},{"damage":0,"enemies":"Small Slimes","floor":4,"turns":2},{"damage":1,"enemies":"Cultist","floor":5,"turns":4},{"damage":29,"enemies":"Lagavulin","floor":6,"turns":8},{"damage":14,"enemies":"Gremlin Gang","floor":7,"turns":6},{"damage":0,"enemies":"Looter","floor":11,"turns":3},{"damage":7,"enemies":"3 Louse","floor":13,"turns":4},{"damage":46,"enemies":"Hexaghost","floor":16,"turns":15},{"damage":20,"enemies":"Spheric Guardian","floor":18,"turns":6},{"damage":0,"enemies":"Chosen","floor":19,"turns":5},{"damage":55,"enemies":"Snake Plant","floor":20,"turns":9},{"damage":28,"enemies":"Centurion and Healer","floor":22,"turns":10},{"damage":46,"enemies":"3 Cultists","floor":24,"turns":6}],"event_choices":[{"event_name":"Living Wall","player_choice":"Grow","floor":2,"damage_taken":0},{"event_name":"Golden Wing","player_choice":"Gained Gold","floor":14,"damage_taken":0},{"event_name":"Addict","player_choice":"Obtained Relic","floor":21,"damage_taken":0}],"boss_relics":[{"not_picked":["Runic Pyramid","Eternal Feather"],"picked":"Lizard Tail"}],"potions_floor_spawned":[1,4,11,13,16,18,22],"seed_played":"7115824377041381701","killed_by":"3 Cultists","ascension_level":0,"is_trial":false}