{"gold_per_floor":[119,119,136,136,147,147,147,147,147,159,159,171,16,30,30,103,103,118,128,128],"floor_reached":20,"playtime":684,"items_purged":[],"score":274,"play_id":"aae86585-f1ea-466f-8699-6a36848e923a","local_time":"20181118035805","is_ascension_mode":true,"campfire_choices":[{"data":"Zap","floor":6,"key":"SMITH"},{"data":"Biased Cognition","floor":11,"key":"SMITH"},{"floor":15,"key":"REST"}],"neow_cost":"NONE","seed_source_timestamp":136896115214833,"circlet_count":0,"master_deck":["AscendersBane","Defend_B","Defend_B","Defend_B","Defend_B","Zap+1","Dualcast","Multi-Cast+1","FTL","Ball Lightning","Leap","Sweeping Beam","Biased Cognition+1","Chaos","Electrodynamics","Fusion+1"],"relics":["Cracked Core","Oddly Smooth Stone","WingedGreaves","PreservedInsect","Empty Cage"],"potions_floor_usage":[16,16,18,20],"damage_taken":[{"damage":4,"enemies":"Small Slimes","floor":1,"turns":3},{"damage":1,"enemies":"Cultist","floor":3,"turns":3},{"damage":3,"enemies":"2 Louse","floor":5,"turns":3},{"damage":0,"enemies":"Large Slime","floor":10,"turns":3},{"damage":16,"enemies":"Lots of Slimes","floor":12,"turns":3},{"damage":7,"enemies":"Blue Slaver","floor":14,"turns":3},{"damage":18,"enemies":"Hexaghost","floor":16,"turns":9},{"damage":7,"enemies":"3 Byrds","floor":18,"turns":3},{"damage":24,"enemies":"Shell Parasite","floor":19,"turns":4},{"damage":49,"enemies":"Shelled Parasite and Fungi","floor":20,"turns":2}],"seed_played":"-1201456687756087873","potions_obtained":[{"floor":1,"key":"Regen Potion"},{"floor":10,"key":"FocusPotion"},{"floor":16,"key":"SkillPotion"},{"floor":19,"key":"AttackPotion"}],"is_trial":false,"path_per_floor":["M","?","M","?","M","R","?","?","T","M","R","M","$","M","R","B",null,"M","M","M"],"character_chosen":"DEFECT","items_purchased":["PreservedInsect"],"campfire_rested":1,"item_purchase_floors":[13],"current_hp_per_floor":[64,64,63,56,53,53,28,28,28,28,28,12,12,5,27,24,62,55,31,0],"gold":128,"neow_bonus":"ONE_RANDOM_RARE_CARD","is_prod":false,"is_daily":false,"chose_seed":false,"campfire_upgraded":2,"win_rate":0,"timestamp":1542542285,"path_taken":["M","?","?","?","M","R","?","?","T","M","R","M","$","M","R","BOSS","M","M","M"],"build_version":"2018-11-15","purchased_purges":0,"victory":false,"max_hp_per_floor":[75,75,75,75,75,75,75,75,75,75,75,75,75,75,75,75,75,75,75,75],"card_choices":[{"not_picked":["Sweeping Beam","Compile Driver"],"picked":"FTL","floor":1},{"not_picked":["Force Field","Turbo"],"picked":"Ball Lightning","floor":3},{"not_picked":["Coolheaded","Tempest"],"picked":"Leap","floor":5},{"not_picked":["Hello World","Beam Cell"],"picked":"Biased Cognition","floor":10},{"not_picked":["Beam Cell","Melter"],"picked":"Chaos","floor":12},{"not_picked":["Rebound","Steam Power","Sweeping Beam"],"picked":"SKIP","floor":14},{"not_picked":["Biased Cognition","Multi-Cast"],"picked":"Electrodynamics","floor":16},{"not_picked":["Cold Snap","Consume","Steam Power"],"picked":"SKIP","floor":18},{"not_picked":["Ball Lightning","Beam Cell"],"picked":"Fusion+1","floor":19}],"player_experience":421317,"relics_obtained":[{"floor":9,"key":"WingedGreaves"}],"event_choices":[{"damage_healed":0,"gold_gain":0,"player_choice":"Forge","damage_taken":0,"max_hp_gain":0,"max_hp_loss":0,"event_name":"Accursed Blacksmith","floor":2,"gold_loss":0,"cards_upgraded":["Multi-Cast"]},{"cards_removed":["Strike_B"],"damage_healed":0,"gold_gain":0,"player_choice":"Card Removal","damage_taken":7,"max_hp_gain":0,"max_hp_loss":0,"event_name":"Golden Wing","floor":4,"gold_loss":0},{"damage_healed":0,"gold_gain":0,"player_choice":"Success","damage_taken":25,"relics_obtained":["Oddly Smooth Stone"],"max_hp_gain":0,"max_hp_loss":0,"event_name":"Scrap Ooze","floor":7,"gold_loss":0},{"damage_healed":0,"gold_gain":0,"cards_transformed":["Strike_B"],"player_choice":"Transformed","damage_taken":0,"max_hp_gain":0,"max_hp_loss":0,"event_name":"Transmorgrifier","floor":8,"gold_loss":0,"cards_obtained":["Sweeping Beam"]}],"is_beta":false,"boss_relics":[{"not_picked":["Cursed Key","Ectoplasm"],"picked":"Empty Cage"}],"items_purged_floors":[],"is_endless":false,"potions_floor_spawned":[1,10,16,19],"killed_by":"Shelled Parasite and Fungi","ascension_level":13}