{"gold_per_floor":[117,43,43,61,75,102,102,134,134,147,165,90,90,116,116,219,219,237,255,255,255,272,306,306,306],"floor_reached":25,"playtime":1520,"items_purged":["Strike_G"],"score":377,"play_id":"96289983-1087-4bd8-b921-0aa924dea217","local_time":"20190307191649","is_ascension_mode":true,"campfire_choices":[{"floor":7.0,"key":"REST"},{"data":"Phantasmal Killer","floor":13.0,"key":"SMITH"},{"data":"Cloak And Dagger","floor":15.0,"key":"SMITH"},{"floor":24,"key":"REST"}],"neow_cost":"PERCENT_DAMAGE","seed_source_timestamp":0,"circlet_count":0,"master_deck":["AscendersBane","Defend_G","Defend_G","Defend_G","Defend_G+1","Strike_G","Strike_G","Strike_G","Survivor+1","Neutralize+1","Infinite Blades","Infinite Blades","PiercingWail","Cloak And Dagger+1","Cloak And Dagger","Phantasmal Killer+1","Prepared","Blade Dance","Well Laid Plans","Glass Knife","Blur","Dodge and Roll"],"special_seed":0,"relics":["Ring of the Snake","War Paint","Meat on the Bone","Ancient Tea Set","Black Star","Nloth\u0027s Gift","Darkstone Periapt","Boot"],"potions_floor_usage":[21,23],"damage_taken":[{"damage":2.0,"enemies":"2 Louse","floor":1.0,"turns":4.0},{"damage":0.0,"enemies":"Cultist","floor":4.0,"turns":4.0},{"damage":4.0,"enemies":"Jaw Worm","floor":5.0,"turns":6.0},{"damage":17.0,"enemies":"Gremlin Nob","floor":6.0,"turns":5.0},{"damage":1.0,"enemies":"3 Sentries","floor":8.0,"turns":10.0},{"damage":9.0,"enemies":"Lots of Slimes","floor":10.0,"turns":5.0},{"damage":4.0,"enemies":"Blue Slaver","floor":11.0,"turns":5.0},{"damage":7.0,"enemies":"Lagavulin","floor":14.0,"turns":6.0},{"damage":14.0,"enemies":"The Guardian","floor":16.0,"turns":11.0},{"damage":0.0,"enemies":"3 Byrds","floor":18.0,"turns":6.0},{"damage":12.0,"enemies":"2 Thieves","floor":19.0,"turns":5.0},{"damage":0,"enemies":"Cultist and Chosen","floor":21,"turns":1},{"damage":27,"enemies":"Centurion and Healer","floor":22,"turns":8},{"damage":35,"enemies":"Slavers","floor":23,"turns":10},{"damage":36,"enemies":"Book of Stabbing","floor":25,"turns":5}],"seed_played":"5262822222361997221","potions_obtained":[{"floor":1.0,"key":"Weak Potion"},{"floor":4.0,"key":"EntropicBrew"},{"floor":5.0,"key":"GhostInAJar"},{"floor":11.0,"key":"FearPotion"},{"floor":18.0,"key":"SteroidPotion"},{"floor":22,"key":"GamblersBrew"}],"is_trial":false,"path_per_floor":["M","$","?","M","M","E","R","E","T","M","M","$","R","E","R","B",null,"M","M","?","M","M","E","R","E"],"character_chosen":"THE_SILENT","items_purchased":["Infinite Blades"],"campfire_rested":2,"item_purchase_floors":[2],"current_hp_per_floor":[43,43,43,43,39,22,43,42,42,45,41,41,41,46,46,44,64,64,52,52,52,37,14,35,0],"gold":306,"neow_bonus":"REMOVE_TWO","is_prod":false,"is_daily":false,"chose_seed":false,"campfire_upgraded":2,"win_rate":0,"timestamp":1551975409,"path_taken":["M","$","?","M","?","E","R","E","T","M","M","$","R","E","R","BOSS","M","M","?","M","?","E","R","E"],"build_version":"2019-01-23","purchased_purges":1,"victory":false,"max_hp_per_floor":[70,70,70,70,70,70,70,70,70,70,70,70,70,70,70,70,70,70,70,70,70,70,70,70,70],"card_choices":[{"not_picked":["Escape Plan","Dash"],"picked":"Infinite Blades","floor":1.0},{"not_picked":["Tactician","Sucker Punch"],"picked":"PiercingWail","floor":4.0},{"not_picked":["Bane","Deflect"],"picked":"Cloak And Dagger","floor":5.0},{"not_picked":["Dodge and Roll","Dagger Spray"],"picked":"Cloak And Dagger","floor":6.0},{"not_picked":["Concentrate","Poisoned Stab"],"picked":"Phantasmal Killer","floor":8.0},{"not_picked":["Reflex","Deadly Poison"],"picked":"Prepared","floor":10.0},{"not_picked":["Outmaneuver","Noxious Fumes"],"picked":"Blade Dance","floor":11.0},{"not_picked":["Prepared","Outmaneuver"],"picked":"Well Laid Plans","floor":14.0},{"not_picked":["Unload","Tools of the Trade"],"picked":"Glass Knife","floor":16.0},{"not_picked":["Prepared","Setup"],"picked":"Blur","floor":18.0},{"not_picked":["Endless Agony","Cloak And Dagger","Quick Slash"],"picked":"SKIP","floor":19.0},{"not_picked":["Flechettes","Heel Hook"],"picked":"Dodge and Roll","floor":22},{"not_picked":["Acrobatics","Dagger Spray","Flying Knee"],"picked":"SKIP","floor":23}],"player_experience":385845,"relics_obtained":[{"floor":6.0,"key":"War Paint"},{"floor":8.0,"key":"Meat on the Bone"},{"floor":9.0,"key":"Vajra"},{"floor":14.0,"key":"Ancient Tea Set"},{"floor":23,"key":"Darkstone Periapt"},{"floor":23,"key":"Boot"}],"event_choices":[{"damage_healed":0.0,"max_hp_gain":0.0,"max_hp_loss":0.0,"gold_gain":0.0,"event_name":"Upgrade Shrine","player_choice":"Upgraded","floor":3.0,"gold_loss":0.0,"damage_taken":0.0,"cards_upgraded":["Neutralize"]},{"damage_healed":0.0,"max_hp_gain":0.0,"max_hp_loss":0.0,"gold_gain":0.0,"event_name":"N\u0027loth","player_choice":"Traded Relic","floor":20.0,"relics_lost":["Vajra"],"gold_loss":0.0,"damage_taken":0.0,"relics_obtained":["Nloth\u0027s Gift"]}],"is_beta":false,"boss_relics":[{"not_picked":["HoveringKite","Pandora\u0027s Box"],"picked":"Black Star"}],"items_purged_floors":[12],"is_endless":false,"potions_floor_spawned":[1,4,5,11,18,21,22],"killed_by":"Book of Stabbing","ascension_level":11}