{"path_per_floor":["M","?","?","?","$","R","E","M","T","?","M","R","M","E","R","B",null,"M","?","M","M","M","E","M","$","T","E","R","M","M","M","R"],"character_chosen":"THE_SILENT","items_purchased":["Poisoned Stab","Catalyst","Caltrops+1","Vajra","Snake Skull","Choke"],"gold_per_floor":[109,184,359,359,180,180,215,234,234,298,318,318,337,363,363,467,467,482,452,467,481,499,531,542,30,30,64,64,83,100,113,113,113],"floor_reached":33,"campfire_rested":0,"playtime":4474,"item_purchase_floors":[5,5,25,25,25,25],"current_hp_per_floor":[70,59,59,52,52,52,45,40,40,35,47,47,47,46,46,23,70,60,60,43,37,33,26,24,24,24,28,28,31,37,37,37,0],"items_purged":["Doubt","Pain"],"gold":113,"score":324,"play_id":"714d90fd-d8dc-4896-a2a4-622ffc0cd622","local_time":"20180609182120","is_prod":false,"is_daily":false,"chose_seed":false,"is_ascension_mode":false,"campfire_upgraded":3,"win_rate":0.0,"timestamp":1528593680,"campfire_choices":[{"data":"Bouncing Flask","floor":6,"key":"SMITH"},{"data":"Poisoned Stab","floor":12,"key":"SMITH"},{"data":"Catalyst","floor":15,"key":"SMITH"},{"data":"1","floor":28,"key":"LIFT"},{"data":"2","floor":32,"key":"LIFT"}],"path_taken":["M","?","?","?","$","R","E","?","T","?","M","R","M","E","R","BOSS","M","?","M","M","M","E","M","$","T","E","R","M","M","M","R","BOSS"],"build_version":"2018-06-07v3","seed_source_timestamp":575057388763408,"purchased_purges":2,"victory":false,"master_deck":["Defend_G","Defend_G","Defend_G","Defend_G","Defend_G","Strike_G","Strike_G","Strike_G","Strike_G","Strike_G","Survivor","Neutralize+1","Bouncing Flask+1","Poisoned Stab+1","Catalyst+1","Finisher","Bane","Slice","Dash","Masterful Stab","Dodge and Roll","Die Die Die","Writhe","Writhe","Malaise","Bane","Distraction","Deadly Poison+1","Adrenaline","Slice+1","Caltrops+1","Choke","Calculated Gamble+1","Infinite Blades+1","Flying Knee+1","Slice+1"],"max_hp_per_floor":[70,70,70,70,70,70,70,70,70,70,70,70,70,70,70,70,70,70,70,70,70,70,70,70,70,70,70,70,70,70,70,70,70],"relics":["Ring of the Snake","Meat on the Bone","Centennial Puzzle","Dodecahedron","Frozen Egg 2","Lantern","Calling Bell","Happy Flower","Blue Candle","Gambling Chip","Matryoshka","Vajra","Snake Skull","Orichalcum","Bottled Tornado","Girya"],"card_choices":[{"not_picked":["Quick Slash","Underhanded Strike"],"picked":"Bouncing Flask","floor":1},{"not_picked":["Reflex","Acrobatics"],"picked":"Finisher","floor":7},{"not_picked":["Caltrops","Backflip"],"picked":"Bane","floor":8},{"not_picked":["Underhanded Strike","Catalyst"],"picked":"Slice","floor":10},{"not_picked":["Tactician","Deflect"],"picked":"Dash","floor":11},{"not_picked":["Acrobatics","Underhanded Strike"],"picked":"Masterful Stab","floor":13},{"not_picked":["Blur","Masterful Stab"],"picked":"Dodge and Roll","floor":14},{"not_picked":["Tools of the Trade+1","Doppelganger"],"picked":"Die Die Die","floor":16},{"not_picked":["Sucker Punch","Outmaneuver+1"],"picked":"Malaise","floor":18},{"not_picked":["Sucker Punch","PiercingWail+1"],"picked":"Bane","floor":20},{"not_picked":["Outmaneuver","Dodge and Roll"],"picked":"Distraction","floor":21},{"not_picked":["Quick Slash","Dagger Spray+1"],"picked":"Deadly Poison+1","floor":22},{"not_picked":["Footwork+1","Skewer"],"picked":"Adrenaline","floor":23},{"not_picked":["Underhanded Strike+1","Outmaneuver"],"picked":"Slice+1","floor":24},{"not_picked":["Dagger Throw","Escape Plan"],"picked":"Calculated Gamble+1","floor":27},{"not_picked":["Flying Knee","Dagger Spray"],"picked":"Infinite Blades+1","floor":29},{"not_picked":["Sucker Punch","Backflip"],"picked":"Flying Knee+1","floor":30},{"not_picked":["Bouncing Flask+1","Backflip+1"],"picked":"Slice+1","floor":31}],"player_experience":55542,"potions_floor_usage":[14,16,16,23,23,24,24,33],"damage_taken":[{"damage":0,"enemies":"Jaw Worm","floor":1,"turns":4},{"damage":19,"enemies":"3 Sentries","floor":7,"turns":10},{"damage":5,"enemies":"Small Slimes","floor":8,"turns":2},{"damage":17,"enemies":"3 Sentries","floor":10,"turns":6},{"damage":0,"enemies":"2 Louse","floor":11,"turns":1},{"damage":0,"enemies":"Blue Slaver","floor":13,"turns":2},{"damage":1,"enemies":"Gremlin Nob","floor":14,"turns":3},{"damage":35,"enemies":"Slime Boss","floor":16,"turns":10},{"damage":10,"enemies":"3 Byrds","floor":18,"turns":4},{"damage":17,"enemies":"2 Thieves","floor":20,"turns":4},{"damage":6,"enemies":"Snecko","floor":21,"turns":3},{"damage":16,"enemies":"Chosen and Byrds","floor":22,"turns":5},{"damage":19,"enemies":"Gremlin Leader","floor":23,"turns":5},{"damage":23,"enemies":"Cultist and Chosen","floor":24,"turns":4},{"damage":8,"enemies":"Book of Stabbing","floor":27,"turns":5},{"damage":9,"enemies":"Snake Plant","floor":29,"turns":1},{"damage":6,"enemies":"Snecko","floor":30,"turns":3},{"damage":0,"enemies":"Centurion and Healer","floor":31,"turns":4},{"damage":71,"enemies":"Automaton","floor":33,"turns":6}],"relics_obtained":[{"floor":7,"key":"Centennial Puzzle"},{"floor":9,"key":"Dodecahedron"},{"floor":14,"key":"Lantern"},{"floor":17,"key":"Happy Flower"},{"floor":17,"key":"Blue Candle"},{"floor":17,"key":"Gambling Chip"},{"floor":23,"key":"Matryoshka"},{"floor":26,"key":"Orichalcum"},{"floor":26,"key":"Bottled Tornado"},{"floor":27,"key":"Girya"}],"event_choices":[{"event_name":"World of Goop","player_choice":"Gather Gold","floor":2,"damage_taken":0},{"event_name":"Liars Game","player_choice":"agreed","floor":3,"damage_taken":0},{"event_name":"Scrap Ooze","player_choice":"success","floor":4,"damage_taken":7},{"event_name":"Dead Adventurer","player_choice":"Searched \u00273\u0027 times","floor":10,"damage_taken":0},{"event_name":"The Woman in Blue","player_choice":"Bought 2 Potions","floor":19,"damage_taken":0}],"boss_relics":[{"not_picked":["Snecko Eye","Runic Dome"],"picked":"Calling Bell"}],"items_purged_floors":[5,25],"potions_floor_spawned":[8,11,13,16,22,23,27],"seed_played":"-4998937740229332694","killed_by":"Automaton","ascension_level":0,"potions_obtained":[{"floor":8,"key":"PowerPotion"},{"floor":11,"key":"EssenceOfSteel"},{"floor":13,"key":"Energy Potion"},{"floor":16,"key":"AttackPotion"},{"floor":19,"key":"SkillPotion"},{"floor":19,"key":"Swift Potion"},{"floor":22,"key":"EssenceOfSteel"},{"floor":23,"key":"Regen Potion"},{"floor":27,"key":"Dexterity Potion"}],"is_trial":false}