{"gold_per_floor":[16,27,47,22,22,22,22,22,45,45,117,7,25,39,39,136,136,154,174,99,14,25,25,25,25,25,37,37,37,37,117,117,217,217,237,252,265,265,57,69,94,116,175,187,219,231,243,270,282,294],"floor_reached":50,"playtime":2388,"items_purged":["Strike_G"],"score":582,"play_id":"894132eb-e5f2-4314-89c0-0c4fcf0beef5","local_time":"20181212032813","is_ascension_mode":false,"campfire_choices":[{"data":"Blade Dance","floor":6,"key":"SMITH"},{"data":"Blade Dance","floor":8,"key":"SMITH"},{"data":"Backstab","floor":10,"key":"SMITH"},{"data":"Accuracy","floor":15,"key":"SMITH"},{"data":"Finisher","floor":23,"key":"SMITH"},{"data":"Cloak And Dagger","floor":28,"key":"SMITH"},{"data":"Glass Knife","floor":30,"key":"SMITH"},{"data":"Adrenaline","floor":32,"key":"SMITH"},{"data":"Cloak And Dagger","floor":40,"key":"SMITH"},{"floor":47,"key":"REST"},{"data":"Deflect","floor":49,"key":"SMITH"}],"neow_cost":"NO_GOLD","seed_source_timestamp":1053310511883254,"circlet_count":0,"master_deck":["Defend_G+1","Defend_G","Defend_G","Defend_G","Defend_G","Strike_G","Strike_G","Strike_G","Survivor","Neutralize","Blade Dance+1","Blade Dance+1","Concentrate","Poisoned Stab","Deflect+1","Backstab+1","Blade Dance+1","Accuracy+1","Finisher+1","Glass Knife+1","Deflect","Concentrate","Cloak And Dagger+1","Blade Dance+1","Masterful Stab","Accuracy+1","Finisher+1","Adrenaline+1","Deflect+1","Cloak And Dagger+1","Blade Dance+1","Deflect","Blade Dance+1","Madness","Madness","Deflect+1"],"relics":["Ring of the Snake","Prayer Wheel","War Paint","Art of War","Mummified Hand","WristBlade","Tough Bandages","Ornamental Fan","Letter Opener","Eternal Feather","MawBank","Centennial Puzzle"],"potions_floor_usage":[13,16,22,27,33,35,35,41,45,45,50],"damage_taken":[{"damage":1,"enemies":"Cultist","floor":1,"turns":6},{"damage":0,"enemies":"2 Louse","floor":2,"turns":3},{"damage":4,"enemies":"Jaw Worm","floor":3,"turns":6},{"damage":0,"enemies":"Exordium Thugs","floor":13,"turns":4},{"damage":0,"enemies":"2 Fungi Beasts","floor":14,"turns":2},{"damage":26,"enemies":"Slime Boss","floor":16,"turns":7},{"damage":0,"enemies":"Chosen","floor":18,"turns":4},{"damage":2,"enemies":"2 Thieves","floor":19,"turns":2},{"damage":5,"enemies":"Snake Plant","floor":22,"turns":3},{"damage":0,"enemies":"Snecko","floor":27,"turns":2},{"damage":0,"enemies":"Champ","floor":33,"turns":6},{"damage":0,"enemies":"3 Shapes","floor":35,"turns":2},{"damage":4,"enemies":"3 Darklings","floor":36,"turns":3},{"damage":16,"enemies":"Jaw Worm Horde","floor":37,"turns":4},{"damage":0,"enemies":"Maw","floor":41,"turns":3},{"damage":0,"enemies":"4 Shapes","floor":42,"turns":4},{"damage":25,"enemies":"Transient","floor":45,"turns":5},{"damage":15,"enemies":"Jaw Worm Horde","floor":48,"turns":3},{"damage":76,"enemies":"Donu and Deca","floor":50,"turns":8}],"seed_played":"3038660903833356330","potions_obtained":[{"floor":3,"key":"Swift Potion"},{"floor":14,"key":"Strength Potion"},{"floor":16,"key":"FearPotion"},{"floor":19,"key":"Regen Potion"},{"floor":22,"key":"Ancient Potion"},{"floor":33,"key":"EntropicBrew"},{"floor":36,"key":"Ancient Potion"},{"floor":42,"key":"SkillPotion"}],"is_trial":false,"path_per_floor":["M","M","M","$","?","R","?","R","T","R","T","$","M","M","R","B",null,"M","M","?","?","M","R","$","$","T","M","R","?","R","T","R","B",null,"M","M","M","?","$","R","M","M","T","?","M","?","R","M","R","B"],"character_chosen":"THE_SILENT","items_purchased":["Blade Dance","Accuracy","Deflect","MawBank"],"campfire_rested":1,"item_purchase_floors":[4,12,39,39],"current_hp_per_floor":[69,69,65,65,65,65,65,65,65,65,65,65,65,65,65,39,70,70,68,68,68,69,69,69,69,69,69,69,69,69,69,69,69,70,70,66,50,50,50,68,68,68,68,59,34,34,70,55,70,0],"gold":294,"neow_bonus":"ONE_RARE_RELIC","is_prod":false,"is_daily":false,"chose_seed":false,"campfire_upgraded":10,"win_rate":0.0,"timestamp":1544603293,"path_taken":["M","?","M","?","?","R","?","R","T","R","?","$","M","?","R","BOSS","M","M","?","?","M","R","?","$","T","?","R","?","R","?","R","BOSS","M","M","?","?","$","R","M","M","T","?","M","?","R","M","R","BOSS"],"build_version":"2018-12-06","purchased_purges":1,"victory":false,"max_hp_per_floor":[70,70,70,70,70,70,70,70,70,70,70,70,70,70,70,70,70,70,70,70,70,70,70,70,70,70,70,70,70,70,70,70,70,70,70,70,70,70,70,70,70,70,70,70,70,70,70,70,70,70],"card_choices":[{"not_picked":["Sucker Punch","Riddle With Holes"],"picked":"Blade Dance","floor":1},{"not_picked":["Quick Slash","Slice"],"picked":"Blade Dance","floor":1},{"not_picked":["Sucker Punch","Dagger Spray"],"picked":"Concentrate","floor":2},{"not_picked":["Prepared","Distraction"],"picked":"Poisoned Stab","floor":2},{"not_picked":["Poisoned Stab","Eviscerate"],"picked":"Deflect","floor":3},{"not_picked":["Dodge and Roll","Outmaneuver"],"picked":"Backstab","floor":3},{"not_picked":["Backflip","Predator"],"picked":"Finisher","floor":13},{"not_picked":["Bouncing Flask","Heel Hook"],"picked":"Glass Knife","floor":13},{"not_picked":["Finisher","Backflip"],"picked":"Deflect","floor":14},{"not_picked":["Prepared","Sucker Punch"],"picked":"Concentrate","floor":14},{"not_picked":["Prepared","PiercingWail+1"],"picked":"Cloak And Dagger","floor":18},{"not_picked":["Acrobatics+1","Dodge and Roll","Dagger Throw"],"picked":"SKIP","floor":18},{"not_picked":["Bouncing Flask","Blur"],"picked":"Blade Dance+1","floor":19},{"not_picked":["Underhanded Strike","Dash"],"picked":"Masterful Stab","floor":19},{"not_picked":["Outmaneuver","Prepared"],"picked":"Accuracy+1","floor":22},{"not_picked":["Cloak And Dagger","Underhanded Strike"],"picked":"Finisher+1","floor":22},{"not_picked":["Acrobatics","Outmaneuver"],"picked":"Adrenaline","floor":27},{"not_picked":["Riddle With Holes+1","Bane"],"picked":"Deflect+1","floor":27},{"not_picked":["PiercingWail+1","Endless Agony"],"picked":"Cloak And Dagger","floor":35},{"not_picked":["Dagger Spray+1","Noxious Fumes+1","Sucker Punch+1"],"picked":"SKIP","floor":35},{"not_picked":["Flying Knee","Dagger Spray+1"],"picked":"Blade Dance+1","floor":36},{"not_picked":["Noxious Fumes+1","Bouncing Flask+1","Prepared"],"picked":"SKIP","floor":36},{"not_picked":["Dodge and Roll","Underhanded Strike","Choke+1"],"picked":"SKIP","floor":37},{"not_picked":["Setup+1","Flechettes+1","Backflip+1"],"picked":"SKIP","floor":37},{"not_picked":["Terror","Flying Knee"],"picked":"Blade Dance+1","floor":41},{"not_picked":["Flying Knee+1","Tools of the Trade","Slice"],"picked":"SKIP","floor":41},{"not_picked":["Deadly Poison","Finisher+1","Backflip+1"],"picked":"SKIP","floor":42},{"not_picked":["Acrobatics+1","Glass Knife","Backflip"],"picked":"SKIP","floor":42},{"not_picked":["Sucker Punch","Distraction+1","Bane"],"picked":"SKIP","floor":45},{"not_picked":["PiercingWail","Acrobatics","Flying Knee+1"],"picked":"SKIP","floor":45},{"not_picked":["Acrobatics","Leg Sweep"],"picked":"Deflect+1","floor":48},{"not_picked":["Choke+1","Bane","Skewer+1"],"picked":"SKIP","floor":48}],"player_experience":257431,"relics_obtained":[{"floor":9,"key":"Art of War"},{"floor":11,"key":"Mummified Hand"},{"floor":26,"key":"Ornamental Fan"},{"floor":31,"key":"Letter Opener"},{"floor":43,"key":"Centennial Puzzle"}],"event_choices":[{"damage_healed":0,"gold_gain":0,"player_choice":"Leave","damage_taken":0,"max_hp_gain":0,"max_hp_loss":0,"event_name":"The Cleric","floor":5,"gold_loss":0},{"damage_healed":0,"gold_gain":0,"player_choice":"Searched \u00271\u0027 times","damage_taken":0,"relics_obtained":["War Paint"],"max_hp_gain":0,"max_hp_loss":0,"event_name":"Dead Adventurer","floor":7,"gold_loss":0},{"cards_removed":["Strike_G"],"damage_healed":0,"gold_gain":0,"player_choice":"Gave Gold","damage_taken":0,"max_hp_gain":0,"max_hp_loss":0,"event_name":"Beggar","floor":20,"gold_loss":75},{"damage_healed":0,"gold_gain":0,"player_choice":"Obtained Relic","damage_taken":0,"relics_obtained":["Tough Bandages"],"max_hp_gain":0,"max_hp_loss":0,"event_name":"Addict","floor":21,"gold_loss":85},{"damage_healed":0,"gold_gain":0,"player_choice":"Ignored","damage_taken":0,"max_hp_gain":0,"max_hp_loss":0,"event_name":"Vampires","floor":29,"gold_loss":0},{"damage_healed":0,"gold_gain":0,"player_choice":"Ignored","damage_taken":0,"max_hp_gain":0,"max_hp_loss":0,"event_name":"Tomb of Lord Red Mask","floor":38,"gold_loss":0},{"damage_healed":0,"gold_gain":0,"player_choice":"Embrace Madness","damage_taken":9,"max_hp_gain":0,"max_hp_loss":0,"event_name":"Winding Halls","floor":44,"gold_loss":0,"cards_obtained":["Madness","Madness"]},{"damage_healed":0,"gold_gain":0,"player_choice":"Ignored","damage_taken":0,"max_hp_gain":0,"max_hp_loss":0,"event_name":"The Moai Head","floor":46,"gold_loss":0}],"is_beta":false,"boss_relics":[{"not_picked":["Runic Dome","Sozu"],"picked":"WristBlade"},{"not_picked":["Pandora\u0027s Box","Coffee Dripper"],"picked":"Eternal Feather"}],"items_purged_floors":[12],"is_endless":false,"potions_floor_spawned":[3,14,16,19,22,33,36,42],"killed_by":"Donu and Deca","ascension_level":0}