{"gold_per_floor":[117,192,210,175,21,21,21,21,21,54,84,94,109,109,109,204,204,217,217,230,230,329,329,329,329,329,329,343,360,377,98,98,200,200,215,228,188,207,220,220,0,0,0,15,15,28,28,44,44,44,44,44,44,72,72],"floor_reached":55,"playtime":1000,"items_purged":["Defend_R"],"score":722,"play_id":"7e737ff7-6c64-457d-9fc2-8ebb5ee910ab","local_time":"20181030235515","is_ascension_mode":false,"campfire_choices":[{"floor":6,"key":"RECALL"},{"data":"Perfected Strike","floor":8,"key":"SMITH"},{"data":"Whirlwind","floor":15,"key":"SMITH"},{"data":"1","floor":23,"key":"LIFT"},{"data":"2","floor":25,"key":"LIFT"},{"data":"3","floor":27,"key":"LIFT"},{"data":"Perfected Strike","floor":32,"key":"SMITH"},{"data":"Perfected Strike","floor":40,"key":"SMITH"},{"data":"Sword Boomerang","floor":42,"key":"SMITH"},{"data":"Whirlwind","floor":45,"key":"SMITH"},{"data":"Inflame","floor":49,"key":"SMITH"},{"data":"Bash","floor":52,"key":"SMITH"}],"neow_cost":"NONE","seed_source_timestamp":794226583963447,"circlet_count":0,"master_deck":["Strike_R","Strike_R+1","Strike_R+1","Strike_R","Strike_R","Defend_R","Defend_R","Defend_R+1","Bash+1","Perfected Strike+1","Headbutt","Flame Barrier+1","Sword Boomerang+1","Perfected Strike+1","Whirlwind+1","Reaper","Twin Strike","Inflame+1","Perfected Strike+1","Clothesline+1","Metallicize+1","True Grit+1","Twin Strike","Ghostly Armor+1","Armaments+1","Whirlwind+1","Parasite","Spot Weakness+1","Shockwave+1","Shrug It Off+1"],"relics":["Burning Blood","Bag of Marbles","Pen Nib","Girya","Odd Mushroom","Sozu","MutagenicStrength","Toxic Egg 2","Bronze Scales","Runic Dome","Red Mask","StoneCalendar","Art of War"],"potions_floor_usage":[10,11,16,55],"damage_taken":[{"damage":7,"enemies":"2 Louse","floor":1,"turns":2},{"damage":6,"enemies":"Jaw Worm","floor":3,"turns":2},{"damage":31,"enemies":"Lagavulin","floor":10,"turns":5},{"damage":8,"enemies":"The Mushroom Lair","floor":11,"turns":3},{"damage":0,"enemies":"Cultist","floor":12,"turns":1},{"damage":0,"enemies":"Large Slime","floor":13,"turns":2},{"damage":0,"enemies":"Slime Boss","floor":16,"turns":5},{"damage":5,"enemies":"3 Byrds","floor":18,"turns":2},{"damage":20,"enemies":"2 Thieves","floor":20,"turns":3},{"damage":5,"enemies":"Snake Plant","floor":28,"turns":2},{"damage":0,"enemies":"Snecko","floor":29,"turns":2},{"damage":10,"enemies":"Cultist and Chosen","floor":30,"turns":4},{"damage":65,"enemies":"Champ","floor":33,"turns":8},{"damage":6,"enemies":"3 Shapes","floor":35,"turns":1},{"damage":15,"enemies":"Orb Walker","floor":36,"turns":2},{"damage":24,"enemies":"Jaw Worm Horde","floor":38,"turns":2},{"damage":4,"enemies":"Sphere and 2 Shapes","floor":39,"turns":3},{"damage":0,"enemies":"Transient","floor":44,"turns":5},{"damage":25,"enemies":"Writhing Mass","floor":46,"turns":3},{"damage":0,"enemies":"4 Shapes","floor":48,"turns":2},{"damage":45,"enemies":"Donu and Deca","floor":50,"turns":7},{"damage":32,"enemies":"Shield and Spear","floor":54,"turns":4},{"damage":77,"enemies":"The Heart","floor":55,"turns":6}],"seed_played":"1409211023075455313","potions_obtained":[{"floor":1,"key":"Regen Potion"},{"floor":10,"key":"Explosive Potion"},{"floor":11,"key":"SteroidPotion"},{"floor":12,"key":"Swift Potion"}],"is_trial":false,"path_per_floor":["M","?","M","$","$","R","?","R","T","E","?","M","M","?","R","B",null,"M","?","M","?","?","R","?","R","T","R","M","M","M","$","R","B",null,"M","M","?","M","M","R","?","R","T","M","R","M","?","M","R","B",null,"R","$","E"],"character_chosen":"IRONCLAD","items_purchased":["Flame Barrier","Pen Nib","True Grit+1","Bronze Scales"],"campfire_rested":0,"item_purchase_floors":[4,5,31,31],"current_hp_per_floor":[79,68,68,68,68,68,52,52,52,41,39,45,51,51,51,57,80,80,65,55,55,55,55,55,55,55,55,56,62,71,71,71,12,85,85,76,76,67,69,69,69,69,69,85,85,78,78,81,81,64,81,81,81,55,0],"gold":72,"neow_bonus":"RANDOM_COMMON_RELIC","is_prod":false,"is_daily":false,"chose_seed":false,"campfire_upgraded":8,"win_rate":0,"timestamp":1540911315,"path_taken":["M","?","M","?","$","R","?","R","T","E","?","?","M","?","R","BOSS","M","?","?","?","?","R","?","R","T","R","M","M","M","$","R","BOSS","M","M","?","?","M","R","?","R","T","M","R","M","?","?","R","BOSS","R","$","E","BOSS"],"build_version":"2018-10-29v2","purchased_purges":1,"victory":false,"max_hp_per_floor":[80,80,80,80,80,80,80,80,80,80,80,80,80,80,80,80,80,80,85,85,85,85,85,85,85,85,85,85,85,85,85,85,85,85,85,85,85,85,85,85,85,85,85,85,85,85,81,81,81,81,81,81,81,81,81],"card_choices":[{"not_picked":["Pummel","Havoc"],"picked":"Perfected Strike","floor":1},{"not_picked":["True Grit","Sword Boomerang"],"picked":"Headbutt","floor":3},{"not_picked":["Uppercut","Intimidate"],"picked":"Sword Boomerang","floor":10},{"not_picked":["Pummel","Thunderclap"],"picked":"Perfected Strike","floor":11},{"not_picked":["Fire Breathing","Iron Wave"],"picked":"Whirlwind","floor":12},{"not_picked":["Sword Boomerang","Anger","Armaments"],"picked":"SKIP","floor":13},{"not_picked":["Dark Embrace","Bludgeon"],"picked":"Reaper","floor":16},{"not_picked":["Iron Wave","Burning Pact"],"picked":"Twin Strike","floor":18},{"not_picked":["Fire Breathing","Shrug It Off"],"picked":"Inflame","floor":20},{"not_picked":["Anger","Inflame"],"picked":"Perfected Strike","floor":28},{"not_picked":["Havoc+1","True Grit+1"],"picked":"Clothesline+1","floor":29},{"not_picked":["Reaper","Rampage+1"],"picked":"Metallicize+1","floor":30},{"not_picked":["Cleave+1","Hemokinesis+1","Disarm+1"],"picked":"SKIP","floor":35},{"not_picked":["Iron Wave+1","True Grit+1"],"picked":"Twin Strike","floor":36},{"not_picked":["Body Slam","Twin Strike+1"],"picked":"Ghostly Armor+1","floor":38},{"not_picked":["Thunderclap","Wild Strike"],"picked":"Armaments+1","floor":39},{"not_picked":["Body Slam","Feed"],"picked":"Whirlwind","floor":44},{"not_picked":["Warcry+1","Inflame+1"],"picked":"Spot Weakness+1","floor":46},{"not_picked":["Armaments+1","Body Slam"],"picked":"Shockwave+1","floor":48},{"not_picked":["Flame Barrier+1","Dropkick"],"picked":"Shrug It Off+1","floor":54}],"player_experience":540386,"relics_obtained":[{"floor":10,"key":"Girya"},{"floor":11,"key":"Odd Mushroom"},{"floor":26,"key":"Toxic Egg 2"},{"floor":43,"key":"StoneCalendar"},{"floor":54,"key":"Art of War"}],"event_choices":[{"damage_healed":0,"gold_gain":75,"player_choice":"Gather Gold","damage_taken":11,"max_hp_gain":0,"max_hp_loss":0,"event_name":"World of Goop","floor":2,"gold_loss":0},{"damage_healed":0,"gold_gain":0,"player_choice":"Entered Light","damage_taken":16,"max_hp_gain":0,"max_hp_loss":0,"event_name":"Shining Light","floor":7,"gold_loss":0,"cards_upgraded":["Flame Barrier","Strike_R"]},{"damage_healed":0,"gold_gain":0,"player_choice":"Fought Mushrooms","damage_taken":0,"max_hp_gain":0,"max_hp_loss":0,"event_name":"Mushrooms","floor":11,"gold_loss":0},{"damage_healed":0,"gold_gain":0,"player_choice":"Ignored","damage_taken":0,"max_hp_gain":0,"max_hp_loss":0,"event_name":"Golden Idol","floor":14,"gold_loss":0},{"damage_healed":0,"gold_gain":0,"player_choice":"Shed Blood","damage_taken":20,"max_hp_gain":5,"max_hp_loss":0,"event_name":"Forgotten Altar","floor":19,"gold_loss":0},{"damage_healed":0,"gold_gain":0,"player_choice":"Inject Mutagens","damage_taken":0,"relics_obtained":["MutagenicStrength"],"max_hp_gain":0,"max_hp_loss":0,"event_name":"Drug Dealer","floor":21,"gold_loss":0},{"damage_healed":0,"gold_gain":99,"player_choice":"Stole From Cult","damage_taken":0,"max_hp_gain":0,"max_hp_loss":0,"event_name":"Nest","floor":22,"gold_loss":0},{"damage_healed":0,"gold_gain":0,"player_choice":"Ignored","damage_taken":0,"max_hp_gain":0,"max_hp_loss":0,"event_name":"Vampires","floor":24,"gold_loss":0},{"damage_healed":0,"gold_gain":0,"player_choice":"Upgraded Two","damage_taken":0,"max_hp_gain":0,"max_hp_loss":0,"event_name":"Designer","floor":37,"gold_loss":40,"cards_upgraded":["Defend_R","Strike_R"]},{"damage_healed":0,"gold_gain":0,"player_choice":"Paid","damage_taken":0,"relics_obtained":["Red Mask"],"max_hp_gain":0,"max_hp_loss":0,"event_name":"Tomb of Lord Red Mask","floor":41,"gold_loss":220},{"damage_healed":0,"gold_gain":0,"player_choice":"Max HP","damage_taken":0,"max_hp_gain":0,"max_hp_loss":4,"event_name":"Winding Halls","floor":47,"gold_loss":0}],"is_beta":true,"boss_relics":[{"not_picked":["Philosopher\u0027s Stone","Fusion Hammer"],"picked":"Sozu"},{"not_picked":["Empty Cage","Orrery"],"picked":"Runic Dome"}],"items_purged_floors":[31],"is_endless":false,"potions_floor_spawned":[1,10,11,12,18,20,30,35,38,44],"killed_by":"The Heart","ascension_level":0}