{"gold_per_floor":[116,66,86,96,110,144,155,11,37,48,75,75,93,123,123,225,225,239,114,114,125,140,140,159,159,227,237,237],"floor_reached":28,"playtime":2097,"items_purged":["Strike_B","Strike_B"],"score":256,"play_id":"99131cfe-37d6-497c-8916-9213c5ee15be","local_time":"20180921010134","is_ascension_mode":true,"campfire_choices":[{"data":"White Noise","floor":12,"key":"SMITH"},{"data":"White Noise","floor":15,"key":"SMITH"},{"data":"Beam Cell","floor":23,"key":"SMITH"},{"data":"Creative AI","floor":25,"key":"SMITH"}],"neow_cost":"","seed_source_timestamp":159456522538306,"circlet_count":0,"master_deck":["Strike_B","Strike_B","Defend_B","Defend_B","Defend_B","Zap","Dualcast","FTL","Chill","Gash","Beam Cell+1","Force Field","Loop","White Noise+1","White Noise+1","Streamline","Creative AI+1","Capacitor","FTL+1","Beam Cell","Beam Cell"],"relics":["Cracked Core","Gambling Chip","Bag of Marbles","Happy Flower","Smiling Mask","Coffee Dripper","Bottled Flame"],"potions_floor_usage":[27],"damage_taken":[{"damage":0,"enemies":"2 Louse","floor":1,"turns":4},{"damage":1,"enemies":"Jaw Worm","floor":3,"turns":3},{"damage":0,"enemies":"Small Slimes","floor":4,"turns":2},{"damage":4,"enemies":"Red Slaver","floor":5,"turns":4},{"damage":25,"enemies":"Gremlin Nob","floor":6,"turns":4},{"damage":10,"enemies":"Blue Slaver","floor":7,"turns":4},{"damage":1,"enemies":"Lots of Slimes","floor":10,"turns":5},{"damage":9,"enemies":"3 Sentries","floor":11,"turns":2},{"damage":3,"enemies":"Looter","floor":13,"turns":3},{"damage":11,"enemies":"Lagavulin","floor":14,"turns":5},{"damage":5,"enemies":"Hexaghost","floor":16,"turns":8},{"damage":10,"enemies":"Chosen","floor":18,"turns":3},{"damage":30,"enemies":"2 Thieves","floor":21,"turns":4},{"damage":10,"enemies":"Centurion and Healer","floor":22,"turns":6},{"damage":6,"enemies":"Chosen and Byrds","floor":24,"turns":4},{"damage":9,"enemies":"Snecko","floor":27,"turns":5},{"damage":13,"enemies":"Slavers","floor":28,"turns":1}],"seed_played":"6642912044938546811","potions_obtained":[{"floor":4,"key":"FearPotion"},{"floor":6,"key":"Energy Potion"},{"floor":7,"key":"Weak Potion"}],"is_trial":false,"path_per_floor":["M","?","M","M","M","E","M","$","T","M","E","R","M","E","R","B",null,"M","$","?","M","M","R","M","R","T","M"],"character_chosen":"DEFECT","items_purchased":["Loop","Capacitor"],"campfire_rested":0,"item_purchase_floors":[8,19],"current_hp_per_floor":[75,75,74,74,70,45,35,35,35,34,25,25,22,11,11,6,75,65,65,65,35,25,25,19,19,19,10,0],"gold":237,"neow_bonus":"","is_prod":false,"is_daily":false,"chose_seed":false,"campfire_upgraded":4,"win_rate":0,"timestamp":1537516894,"path_taken":["M","?","?","M","M","E","M","$","T","M","E","R","M","E","R","BOSS","M","$","?","?","M","R","M","R","T","M","E"],"build_version":"2018-09-20","purchased_purges":2,"victory":false,"max_hp_per_floor":[75,75,75,75,75,75,75,75,75,75,75,75,75,75,75,75,75,75,75,75,75,75,75,75,75,75,75,75],"card_choices":[{"not_picked":["Stack","Cold Snap"],"picked":"FTL","floor":1},{"not_picked":["Rebound","Hello World"],"picked":"Chill","floor":3},{"not_picked":["Reprogram","Aggregate"],"picked":"Gash","floor":4},{"not_picked":["Ball Lightning","Stack"],"picked":"Beam Cell","floor":5},{"not_picked":["Darkness","Glacier","Turbo"],"picked":"SKIP","floor":6},{"not_picked":["Turbo","Darkness"],"picked":"Force Field","floor":7},{"not_picked":["Rip and Tear","Steam"],"picked":"White Noise","floor":10},{"not_picked":["Hello World","Recycle"],"picked":"White Noise","floor":11},{"not_picked":["Compile Driver","Coolheaded","Steam"],"picked":"SKIP","floor":13},{"not_picked":["Ball Lightning","Stack"],"picked":"Streamline","floor":14},{"not_picked":["Hyperbeam","Buffer"],"picked":"Creative AI","floor":16},{"not_picked":["Barrage","Ball Lightning+1","Skim"],"picked":"SKIP","floor":18},{"not_picked":["Steam+1","Blizzard"],"picked":"FTL+1","floor":21},{"not_picked":["Barrage","Cold Snap","Stack"],"picked":"SKIP","floor":22},{"not_picked":["Steam","Coolheaded"],"picked":"Beam Cell","floor":24},{"not_picked":["Compile Driver+1","Turbo"],"picked":"Beam Cell","floor":27}],"player_experience":143295,"relics_obtained":[{"floor":6,"key":"Gambling Chip"},{"floor":9,"key":"Bag of Marbles"},{"floor":11,"key":"Happy Flower"},{"floor":14,"key":"Smiling Mask"},{"floor":26,"key":"Bottled Flame"}],"event_choices":[{"event_name":"The Cleric","player_choice":"Card Removal","floor":2,"damage_taken":0},{"event_name":"Ghosts","player_choice":"Ignored","floor":20,"damage_taken":0}],"is_beta":false,"boss_relics":[{"not_picked":["Busted Crown","Lizard Tail"],"picked":"Coffee Dripper"}],"items_purged_floors":[8,19],"is_endless":false,"potions_floor_spawned":[4,6,7,11,13,21,22,27],"killed_by":"Slavers","ascension_level":1}