{"gold_per_floor":[119,139,64,74,74,74,84,119,145,145,145,145,145,295,295,368,368,379,2,2,21,21,21,47,47,47,57,1,1],"floor_reached":29,"playtime":819,"items_purged":["Strike_B"],"score":578,"play_id":"b1b1eb2d-b196-447e-8306-778eec4fbe9e","local_time":"20181103231955","is_ascension_mode":true,"campfire_choices":[{"floor":6,"key":"REST"},{"floor":10,"key":"REST"},{"floor":12,"key":"REST"},{"data":"Zap","floor":15,"key":"SMITH"},{"floor":23,"key":"REST"},{"data":"Dualcast","floor":25,"key":"SMITH"}],"neow_cost":"PERCENT_DAMAGE","seed_source_timestamp":183404451974464,"circlet_count":0,"master_deck":["AscendersBane","Strike_B","Strike_B","Strike_B","Defend_B","Defend_B","Defend_B","Defend_B","Zap+1","Dualcast+1","Electrodynamics","Genetic Algorithm","Reinforced Body","Undo","Doubt","Machine Learning","Parasite","Clumsy","Decay","FTL","Cold Snap","Ball Lightning","Conserve Battery"],"relics":["Cracked Core","CultistMask","Bronze Scales","Anchor","Meat on the Bone","Blue Candle","Calling Bell","Boot","Kunai","Du-Vu Doll","Ice Cream","Art of War","Omamori"],"potions_floor_usage":[8,18,22],"damage_taken":[{"damage":1,"enemies":"Cultist","floor":1,"turns":3},{"damage":1,"enemies":"2 Louse","floor":2,"turns":2},{"damage":4,"enemies":"Jaw Worm","floor":4,"turns":3},{"damage":11,"enemies":"Looter","floor":7,"turns":3},{"damage":32,"enemies":"Gremlin Nob","floor":8,"turns":4},{"damage":28,"enemies":"The Guardian","floor":16,"turns":15},{"damage":27,"enemies":"Shell Parasite","floor":18,"turns":7},{"damage":1,"enemies":"Chosen","floor":21,"turns":4},{"damage":28,"enemies":"Colosseum Slavers","floor":22,"turns":4},{"damage":20,"enemies":"Gremlin Leader","floor":24,"turns":5},{"damage":17,"enemies":"Snecko","floor":27,"turns":5},{"damage":28,"enemies":"Shelled Parasite and Fungi","floor":29,"turns":3}],"seed_played":"-6431181770387581646","potions_obtained":[{"floor":2,"key":"Poison Potion"},{"floor":16,"key":"Weak Potion"},{"floor":21,"key":"AttackPotion"},{"floor":24,"key":"Poison Potion"}],"is_trial":false,"path_per_floor":["M","M","$","M","?","R","M","E","T","R","T","R","T","?","R","B",null,"M","$","?","M","?","R","E","R","T","M","$","M"],"character_chosen":"DEFECT","items_purchased":["Ice Cream","Cold Snap","Conserve Battery"],"campfire_rested":4,"item_purchase_floors":[19,19,28],"current_hp_per_floor":[45,44,44,40,40,61,50,18,18,39,39,60,60,60,60,44,64,37,37,37,36,20,41,33,33,33,28,28,0],"gold":1,"neow_bonus":"THREE_RARE_CARDS","is_prod":false,"is_daily":false,"chose_seed":false,"campfire_upgraded":2,"win_rate":0,"timestamp":1541312395,"path_taken":["M","?","$","M","?","R","?","E","T","R","?","R","?","?","R","BOSS","M","$","?","M","?","R","E","R","T","M","?","?"],"build_version":"2018-11-01","purchased_purges":1,"victory":false,"max_hp_per_floor":[71,71,71,71,71,71,71,71,71,71,71,71,71,71,71,71,71,71,71,71,71,71,71,71,71,71,71,71,71],"card_choices":[{"not_picked":["Fission","Machine Learning"],"picked":"Electrodynamics","floor":0},{"not_picked":["Beam Cell","Streamline","Tempest"],"picked":"SKIP","floor":1},{"not_picked":["Rebound","Beam Cell","Gash"],"picked":"SKIP","floor":2},{"not_picked":["Sweeping Beam","Stack"],"picked":"Genetic Algorithm","floor":4},{"not_picked":["Turbo","Chaos"],"picked":"Reinforced Body","floor":7},{"not_picked":["Creative AI","Leap"],"picked":"Undo","floor":8},{"not_picked":["All For One","Meteor Strike"],"picked":"Machine Learning","floor":16},{"not_picked":["Rebound","Genetic Algorithm"],"picked":"FTL","floor":18},{"not_picked":["Barrage","Scrape","Streamline"],"picked":"SKIP","floor":21},{"not_picked":["Gash","Double Energy"],"picked":"Ball Lightning","floor":24},{"not_picked":["Creative AI","Ball Lightning","Streamline+1"],"picked":"SKIP","floor":27}],"player_experience":607698,"relics_obtained":[{"floor":8,"key":"Bronze Scales"},{"floor":9,"key":"Anchor"},{"floor":11,"key":"Meat on the Bone"},{"floor":13,"key":"Blue Candle"},{"floor":17,"key":"Boot"},{"floor":17,"key":"Kunai"},{"floor":17,"key":"Du-Vu Doll"},{"floor":24,"key":"Art of War"},{"floor":26,"key":"Omamori"}],"event_choices":[{"damage_healed":0,"gold_gain":0,"player_choice":"Trade","damage_taken":0,"relics_obtained":["CultistMask"],"max_hp_gain":0,"max_hp_loss":0,"event_name":"FaceTrader","floor":5,"gold_loss":0},{"damage_healed":0,"gold_gain":150,"player_choice":"AGREE","damage_taken":0,"max_hp_gain":0,"max_hp_loss":0,"event_name":"Liars Game","floor":14,"gold_loss":0,"cards_obtained":["Doubt"]},{"damage_healed":0,"gold_gain":0,"player_choice":"Ignored","damage_taken":0,"max_hp_gain":0,"max_hp_loss":0,"event_name":"Beggar","floor":20,"gold_loss":0},{"damage_healed":0,"gold_gain":0,"player_choice":"Fight","damage_taken":0,"max_hp_gain":0,"max_hp_loss":0,"event_name":"Colosseum","floor":22,"gold_loss":0},{"damage_healed":0,"gold_gain":0,"player_choice":"Fled From Nobs","damage_taken":0,"max_hp_gain":0,"max_hp_loss":0,"event_name":"Colosseum","floor":22,"gold_loss":0}],"is_beta":false,"boss_relics":[{"not_picked":["FrozenCore","Fusion Hammer"],"picked":"Calling Bell"}],"items_purged_floors":[3],"is_endless":false,"potions_floor_spawned":[2,16,21,24],"killed_by":"Shelled Parasite and Fungi","ascension_level":20}