{"gold_per_floor":[109,109,34,50,101,126,126,154,154,172,172,201,218,230,230,329,329,341,341,351,371,73,73,73,86,134,59,76,76,76,87,87,87],"floor_reached":33,"playtime":1232,"items_purged":["Defend_R","Defend_R"],"score":345,"play_id":"9a4ed252-e6a9-4e93-90d7-4c4b10499c88","local_time":"20190202155817","is_ascension_mode":true,"campfire_choices":[{"floor":7,"key":"REST"},{"data":"Clothesline","floor":11,"key":"SMITH"},{"floor":15,"key":"REST"},{"floor":23,"key":"RECALL"},{"floor":29,"key":"REST"},{"floor":32,"key":"REST"}],"neow_cost":"NONE","seed_source_timestamp":2132751041278452,"circlet_count":0,"master_deck":["Defend_R+1","Defend_R+1","Bash","Clothesline+1","Wild Strike","Shockwave","Flex","Iron Wave","Thunderclap","Immolate","Wild Strike","Bite","Bite","Bite","Bite","Bite","Dropkick+1","Shrug It Off","Headbutt","Dropkick"],"relics":["Burning Blood","Pen Nib","Red Skull","Magic Flower","Sundial","Bottled Flame","Fusion Hammer","Omamori","Bag of Marbles"],"potions_floor_usage":[8,18,33,33,33],"damage_taken":[{"damage":8,"enemies":"2 Louse","floor":1,"turns":2},{"damage":5,"enemies":"Jaw Worm","floor":4,"turns":4},{"damage":24,"enemies":"Gremlin Nob","floor":6,"turns":4},{"damage":30,"enemies":"Lagavulin","floor":8,"turns":4},{"damage":4,"enemies":"Cultist","floor":10,"turns":3},{"damage":24,"enemies":"Gremlin Nob","floor":12,"turns":4},{"damage":4,"enemies":"Blue Slaver","floor":13,"turns":2},{"damage":0,"enemies":"Large Slime","floor":14,"turns":4},{"damage":63,"enemies":"The Guardian","floor":16,"turns":10},{"damage":3,"enemies":"3 Byrds","floor":18,"turns":2},{"damage":9,"enemies":"Shell Parasite","floor":20,"turns":5},{"damage":35,"enemies":"Centurion and Healer","floor":21,"turns":5},{"damage":3,"enemies":"Snecko","floor":25,"turns":5},{"damage":8,"enemies":"3 Cultists","floor":28,"turns":3},{"damage":0,"enemies":"Snake Plant","floor":31,"turns":2},{"damage":94,"enemies":"Collector","floor":33,"turns":11}],"seed_played":"-7766501168385063588","potions_obtained":[{"floor":1,"key":"AttackPotion"},{"floor":6,"key":"LiquidBronze"},{"floor":10,"key":"SpeedPotion"},{"floor":14,"key":"Weak Potion"},{"floor":16,"key":"Fire Potion"},{"floor":25,"key":"Poison Potion"},{"floor":31,"key":"Block Potion"}],"is_trial":false,"path_per_floor":["M","?","$","M","T","E","R","E","T","M","R","E","M","M","R","B",null,"M","?","M","M","$","R","?","M","T","?","M","R","$","M","R","B"],"character_chosen":"IRONCLAD","items_purchased":["Shrug It Off","Omamori"],"campfire_rested":4,"item_purchase_floors":[22,22],"current_hp_per_floor":[78,71,71,72,72,54,78,54,54,59,59,44,49,58,80,26,80,80,56,56,42,42,42,42,56,56,56,56,56,56,56,56,0],"gold":87,"neow_bonus":"TRANSFORM_CARD","is_prod":false,"is_daily":false,"chose_seed":false,"campfire_upgraded":1,"win_rate":0,"timestamp":1549141097,"path_taken":["M","?","$","M","?","E","R","E","T","?","R","E","M","M","R","BOSS","M","?","M","M","$","R","?","M","T","?","M","R","$","?","R","BOSS"],"build_version":"2019-01-23","purchased_purges":2,"victory":false,"max_hp_per_floor":[80,80,80,80,80,80,80,80,80,80,80,80,80,80,80,80,80,80,56,56,56,56,56,56,56,56,56,56,56,56,56,56,56],"card_choices":[{"not_picked":["Corruption","Perfected Strike"],"picked":"Clothesline","floor":1},{"not_picked":["Perfected Strike","Burning Pact"],"picked":"Wild Strike","floor":4},{"not_picked":["Burning Pact","Brutality","Spot Weakness"],"picked":"SKIP","floor":6},{"not_picked":["Wild Strike","Whirlwind"],"picked":"Shockwave","floor":8},{"not_picked":["Combust","Clothesline","Clash"],"picked":"SKIP","floor":10},{"not_picked":["Body Slam","Searing Blow"],"picked":"Flex","floor":12},{"not_picked":["Spot Weakness","Body Slam"],"picked":"Iron Wave","floor":13},{"not_picked":["Pommel Strike","Anger"],"picked":"Thunderclap","floor":14},{"not_picked":["Bludgeon","Reaper"],"picked":"Immolate","floor":16},{"not_picked":["Anger","Blood for Blood"],"picked":"Wild Strike","floor":18},{"not_picked":["Warcry+1","Body Slam","Sword Boomerang"],"picked":"SKIP","floor":20},{"not_picked":["Rampage","Intimidate"],"picked":"Dropkick+1","floor":21},{"not_picked":["Body Slam+1","Cleave+1"],"picked":"Headbutt","floor":25},{"not_picked":["Inflame","Combust"],"picked":"Dropkick","floor":28},{"not_picked":["Pommel Strike+1","Body Slam","Flex"],"picked":"SKIP","floor":31}],"player_experience":135288,"relics_obtained":[{"floor":5,"key":"Pen Nib"},{"floor":6,"key":"Red Skull"},{"floor":8,"key":"Magic Flower"},{"floor":9,"key":"Sundial"},{"floor":12,"key":"Bottled Flame"},{"floor":26,"key":"Bag of Marbles"}],"event_choices":[{"cards_removed":["Strike_R"],"damage_healed":0,"gold_gain":0,"player_choice":"Card Removal","damage_taken":7,"max_hp_gain":0,"max_hp_loss":0,"event_name":"Golden Wing","floor":2,"gold_loss":0},{"damage_healed":0,"gold_gain":0,"player_choice":"Became a vampire","damage_taken":0,"max_hp_gain":0,"max_hp_loss":24,"event_name":"Vampires","floor":19,"gold_loss":0,"cards_obtained":["Bite","Bite","Bite","Bite","Bite"]},{"damage_healed":0,"gold_gain":0,"player_choice":"Simplicity","damage_taken":0,"max_hp_gain":0,"max_hp_loss":0,"event_name":"Back to Basics","floor":24,"gold_loss":0,"cards_upgraded":["Defend_R","Defend_R"]},{"cards_removed":["Disarm"],"damage_healed":0,"gold_gain":0,"player_choice":"Gave Gold","damage_taken":0,"max_hp_gain":0,"max_hp_loss":0,"event_name":"Beggar","floor":27,"gold_loss":75}],"is_beta":false,"boss_relics":[{"not_picked":["Astrolabe","Coffee Dripper"],"picked":"Fusion Hammer"}],"items_purged_floors":[3,22],"is_endless":false,"potions_floor_spawned":[1,6,10,14,16,25,31],"killed_by":"Collector","ascension_level":4}