{"gold_per_floor":[113,129,54,54,65,92,92,120,145,145,165,165,115,115,115,241,241,265,288,168,168],"floor_reached":21,"playtime":815,"items_purged":["Strike_R","Strike_R","Clothesline+1"],"score":332,"play_id":"d457e3c6-9923-4bf4-b115-57ae18055c7b","local_time":"20190218103400","is_ascension_mode":true,"campfire_choices":[{"data":"Rampage","floor":7,"key":"SMITH"},{"data":"Bash","floor":12,"key":"SMITH"},{"data":"Impervious","floor":15,"key":"SMITH"}],"neow_cost":"PERCENT_DAMAGE","seed_source_timestamp":214123350135667,"circlet_count":0,"master_deck":["Defend_R","Bash+1","Rampage+1","Burning Pact","Headbutt","Inflame","Impervious+1","Shrug It Off+1","Hemokinesis+1","Rampage"],"relics":["Burning Blood","Ancient Tea Set","Smiling Mask","Bag of Preparation","Golden Idol","Astrolabe"],"potions_floor_usage":[8,11],"damage_taken":[{"damage":1,"enemies":"Cultist","floor":1,"turns":3},{"damage":14,"enemies":"Small Slimes","floor":2,"turns":4},{"damage":3,"enemies":"2 Louse","floor":5,"turns":4},{"damage":21,"enemies":"Gremlin Nob","floor":6,"turns":4},{"damage":20,"enemies":"Lagavulin","floor":8,"turns":5},{"damage":0,"enemies":"2 Fungi Beasts","floor":11,"turns":2},{"damage":0,"enemies":"Slime Boss","floor":16,"turns":6},{"damage":24,"enemies":"2 Thieves","floor":18,"turns":3},{"damage":31,"enemies":"3 Byrds","floor":19,"turns":10},{"damage":37,"enemies":"Shelled Parasite and Fungi","floor":21,"turns":5}],"seed_played":"-6394517918276710930","potions_obtained":[{"floor":2,"key":"GamblersBrew"},{"floor":8,"key":"AttackPotion"},{"floor":19,"key":"Swift Potion"}],"is_trial":false,"path_per_floor":["M","M","$","?","M","E","R","E","T","?","M","R","$","?","R","B",null,"M","M","$","M"],"character_chosen":"IRONCLAD","items_purchased":["Rampage"],"campfire_rested":0,"item_purchase_floors":[20],"current_hp_per_floor":[56,48,48,53,56,41,41,27,27,27,33,33,33,33,33,39,69,51,26,26,0],"gold":168,"neow_bonus":"REMOVE_TWO","is_prod":false,"is_daily":false,"chose_seed":false,"campfire_upgraded":3,"win_rate":0,"timestamp":1550475240,"path_taken":["M","M","?","?","M","E","R","E","T","?","M","R","$","?","R","BOSS","M","M","$","M"],"build_version":"2019-01-23","purchased_purges":3,"victory":false,"max_hp_per_floor":[80,80,80,85,85,85,85,85,85,79,79,79,79,79,79,79,79,79,79,79,79],"card_choices":[{"not_picked":["Perfected Strike","Flex"],"picked":"Rampage","floor":1},{"not_picked":["Flex","Whirlwind"],"picked":"Burning Pact","floor":2},{"not_picked":["Infernal Blade","Perfected Strike"],"picked":"Headbutt","floor":5},{"not_picked":["Iron Wave","Seeing Red","Armaments"],"picked":"SKIP","floor":6},{"not_picked":["Dark Embrace","Hemokinesis"],"picked":"Inflame","floor":8},{"not_picked":["Sword Boomerang","Headbutt","Combust"],"picked":"SKIP","floor":11},{"not_picked":["Twin Strike","Flex","Wild Strike"],"picked":"SKIP","floor":18},{"not_picked":["Thunderclap","True Grit","Havoc"],"picked":"SKIP","floor":19}],"player_experience":313152,"relics_obtained":[{"floor":6,"key":"Ancient Tea Set"},{"floor":8,"key":"Smiling Mask"},{"floor":9,"key":"Bag of Preparation"}],"event_choices":[{"damage_healed":0,"gold_gain":0,"player_choice":"Donut","damage_taken":0,"max_hp_gain":5,"max_hp_loss":0,"event_name":"Big Fish","floor":4,"gold_loss":0},{"damage_healed":0,"gold_gain":0,"player_choice":"Lose Max HP","damage_taken":0,"relics_obtained":["Golden Idol"],"max_hp_gain":0,"max_hp_loss":6,"event_name":"Golden Idol","floor":10,"gold_loss":0},{"damage_healed":0,"gold_gain":0,"cards_transformed":["Defend_R"],"player_choice":"Transformed","damage_taken":0,"max_hp_gain":0,"max_hp_loss":0,"event_name":"Transmorgrifier","floor":14,"gold_loss":0,"cards_obtained":["Impervious"]}],"is_beta":false,"boss_relics":[{"not_picked":["Runic Cube","Tiny House"],"picked":"Astrolabe"}],"items_purged_floors":[3,13,20],"is_endless":false,"potions_floor_spawned":[2,8,19],"killed_by":"Shelled Parasite and Fungi","ascension_level":8}