{"path_per_floor":["M","?","?","?","?","R","M","R","T","M","M","$","M","?","R","B",null,"M","?","M","$","?","R","?","M","T","M","T","E","R","M","R","B",null,"M","?","T","?","M","R"],"character_chosen":"DEFECT","items_purchased":["Loop","Cables","Panache"],"gold_per_floor":[117,292,292,242,242,242,258,258,258,273,297,219,237,337,337,468,468,492,492,507,49,49,49,49,67,91,106,129,162,162,182,182,279,279,290,290,290,290,303,303,303],"floor_reached":41,"campfire_rested":2,"playtime":1210,"item_purchase_floors":[12,21,21],"current_hp_per_floor":[68,68,68,68,68,68,68,68,68,68,64,64,50,50,50,34,69,37,37,37,37,37,57,57,48,53,65,69,42,69,69,69,20,69,66,56,56,56,62,62,0],"items_purged":[],"gold":303,"score":399,"play_id":"8e42b04b-f621-40ca-9ae8-f8ad2f08d5e7","local_time":"20180603201634","is_prod":false,"is_daily":false,"chose_seed":false,"is_ascension_mode":false,"campfire_upgraded":5,"win_rate":0,"timestamp":1528020994,"campfire_choices":[{"data":"Dualcast","floor":6,"key":"SMITH"},{"data":"Heatsinks","floor":8,"key":"SMITH"},{"data":"Loop","floor":15,"key":"SMITH"},{"floor":23,"key":"REST"},{"floor":30,"key":"REST"},{"data":"Panache","floor":32,"key":"SMITH"},{"data":"Creative AI","floor":40,"key":"SMITH"}],"path_taken":["M","?","?","?","?","R","M","R","T","M","?","$","M","?","R","BOSS","M","?","M","$","?","R","?","M","T","M","?","E","R","M","R","BOSS","M","?","?","?","?","R","E"],"build_version":"2018-05-30v2","seed_source_timestamp":6737706083923,"purchased_purges":0,"victory":false,"master_deck":["Strike_B+1","Strike_B+1","Strike_B+1","Defend_B+1","Defend_B+1","Defend_B+1","Defend_B+1","Zap+1","Dualcast+1","Heatsinks+1","Loop+1","Biased Cognition","Panache+1","Self Repair","Beam Cell","Gash","Creative AI+1","Loop+1","Swift Strike","Mind Blast","Dark Shackles","Static Discharge"],"max_hp_per_floor":[75,75,69,69,69,69,69,69,69,69,69,69,69,69,69,69,69,69,69,69,69,69,69,69,69,69,69,69,69,69,69,69,69,69,69,69,69,69,69,69,69],"relics":["Cracked Core","Bloody Idol","Matryoshka","Sozu","Cables","Regal Pillow","Oddly Smooth Stone","Potion Belt","Pen Nib","Shuriken","Nuclear Battery","Lantern"],"card_choices":[{"not_picked":["Redo","Doom and Gloom","Rip and Tear"],"picked":"SKIP","floor":1},{"not_picked":["Coolheaded","Darkness"],"picked":"Heatsinks","floor":7},{"not_picked":["Fusion","Lockon","Compile Driver"],"picked":"SKIP","floor":10},{"not_picked":["Rip and Tear","Tempest","Cold Snap"],"picked":"SKIP","floor":11},{"not_picked":["Steam Power","Turbo","Reinforced Body"],"picked":"SKIP","floor":13},{"not_picked":["Reboot","Rainbow"],"picked":"Biased Cognition","floor":16},{"not_picked":["Recycle","Hologram+1","Leap"],"picked":"SKIP","floor":18},{"not_picked":["Melter","Rebound+1","Compile Driver+1"],"picked":"SKIP","floor":20},{"not_picked":["Coolheaded","Compile Driver"],"picked":"Self Repair","floor":25},{"not_picked":["Redo","Double Energy","Scrape+1"],"picked":"SKIP","floor":27},{"not_picked":["Rip and Tear","Chaos+1"],"picked":"Beam Cell","floor":29},{"not_picked":["Sweeping Beam","Redo"],"picked":"Gash","floor":31},{"not_picked":["Meteor Strike","Amplify"],"picked":"Creative AI","floor":33},{"not_picked":["Compile Driver+1","Reinforced Body"],"picked":"Loop+1","floor":35},{"not_picked":["Blind","Good Instincts"],"picked":"Swift Strike","floor":36},{"not_picked":["Deep Breath","Trip"],"picked":"Mind Blast","floor":36},{"not_picked":["Good Instincts","Flash of Steel"],"picked":"Dark Shackles","floor":36},{"not_picked":["Ball Lightning+1","Heatsinks"],"picked":"Static Discharge","floor":39}],"player_experience":350959,"potions_floor_usage":[11,16,16],"damage_taken":[{"damage":7,"enemies":"Small Slimes","floor":1,"turns":3},{"damage":0,"enemies":"2 Louse","floor":7,"turns":2},{"damage":0,"enemies":"Cultist","floor":10,"turns":3},{"damage":4,"enemies":"2 Fungi Beasts","floor":11,"turns":2},{"damage":14,"enemies":"Blue Slaver","floor":13,"turns":3},{"damage":16,"enemies":"Slime Boss","floor":16,"turns":4},{"damage":32,"enemies":"2 Thieves","floor":18,"turns":4},{"damage":0,"enemies":"Spheric Guardian","floor":20,"turns":3},{"damage":14,"enemies":"Centurion and Healer","floor":25,"turns":8},{"damage":0,"enemies":"Snecko","floor":27,"turns":5},{"damage":39,"enemies":"Book of Stabbing","floor":29,"turns":6},{"damage":0,"enemies":"Chosen and Byrds","floor":31,"turns":4},{"damage":61,"enemies":"Champ","floor":33,"turns":11},{"damage":15,"enemies":"Flame Bruiser 1 Orb","floor":35,"turns":5},{"damage":6,"enemies":"Orb Walker","floor":39,"turns":3},{"damage":67,"enemies":"Nemesis","floor":41,"turns":4}],"relics_obtained":[{"floor":9,"key":"Matryoshka"},{"floor":26,"key":"Regal Pillow"},{"floor":26,"key":"Oddly Smooth Stone"},{"floor":28,"key":"Potion Belt"},{"floor":28,"key":"Pen Nib"},{"floor":29,"key":"Shuriken"},{"floor":37,"key":"Lantern"}],"event_choices":[{"event_name":"Liars Game","player_choice":"agreed","floor":2,"damage_taken":0},{"event_name":"Golden Idol","player_choice":"Lose Max HP","floor":3,"damage_taken":0},{"event_name":"The Cleric","player_choice":"Card Removal","floor":4,"damage_taken":0},{"event_name":"Living Wall","player_choice":"Forget","floor":5,"damage_taken":0},{"event_name":"Wheel of Change","player_choice":"Gold","floor":14,"damage_taken":0},{"event_name":"Back to Basics","player_choice":"Simplicity","floor":19,"damage_taken":0},{"event_name":"Drug Dealer","player_choice":"Ignored","floor":22,"damage_taken":0},{"event_name":"Forgotten Altar","player_choice":"Gave Idol","floor":24,"damage_taken":0},{"event_name":"SensoryStone","player_choice":"Memory 3","floor":36,"damage_taken":0},{"event_name":"The Woman in Blue","player_choice":"Bought 0 Potions","floor":38,"damage_taken":0}],"boss_relics":[{"not_picked":["Philosopher\u0027s Stone","Runic Pyramid"],"picked":"Sozu"},{"not_picked":["Velvet Choker","Runic Dome"],"picked":"Nuclear Battery"}],"items_purged_floors":[],"potions_floor_spawned":[7,10,13,20,33,39],"seed_played":"5412250818917551495","killed_by":"Nemesis","ascension_level":0,"potions_obtained":[{"floor":7,"key":"Weak Potion"},{"floor":10,"key":"Fire Potion"},{"floor":13,"key":"AttackPotion"}],"is_trial":false}