{"path_per_floor":["M","?","?","M","M","E","M","R","T","?","M","R","M","M","R","B",null,"M","?","M","M","?","R"],"character_chosen":"IRONCLAD","items_purchased":[],"gold_per_floor":[109,109,109,134,149,180,198,198,198,198,214,214,227,240,240,363,363,386,386,396,407,407,407],"floor_reached":24,"campfire_rested":1,"playtime":1640,"current_hp_per_floor":[80,80,60,66,72,29,21,45,45,45,48,48,38,44,44,7,80,42,42,37,32,32,32],"items_purged":[],"gold":407,"play_id":"efbd978e-4b37-4345-8dc5-2a21192c26f1","is_prod":false,"is_daily":false,"is_ascension_mode":false,"campfire_upgraded":3,"path_taken":["M","?","?","?","M","E","M","R","T","?","M","R","?","M","R","BOSS","M","?","M","M","?","R","M"],"build_version":"2018-02-01-PROD3","purchased_purges":0,"victory":false,"master_deck":["Strike_R","Strike_R","Strike_R","Strike_R","Defend_R","Defend_R","Defend_R","Defend_R","Bash","Headbutt","Immolate","Uppercut+1","Metallicize","Inflame","Searing Blow+2","Berserk","Battle Trance","Disarm+1"],"max_hp_per_floor":[80,80,80,80,80,80,80,80,80,80,80,80,80,80,80,80,80,80,80,80,80,80,80],"relics":["Black Blood","NeowsBlessing","Bloody Idol","Champion Belt","Ice Cream","Vajra"],"card_choices":[{"not_picked":["Body Slam","Rage"],"picked":"Headbutt"},{"not_picked":["Sever Soul","Twin Strike"],"picked":"Immolate"},{"not_picked":["Wild Strike","Body Slam"],"picked":"Uppercut"},{"not_picked":["Clash","Flame Barrier"],"picked":"Metallicize"},{"not_picked":["Shrug It Off","Metallicize"],"picked":"Inflame"},{"not_picked":["Flex","Thunderclap"],"picked":"Searing Blow"},{"not_picked":["Impervious","Barricade"],"picked":"Berserk"},{"not_picked":["Body Slam","Clash"],"picked":"Battle Trance"},{"not_picked":["Clash","Armaments"],"picked":"Disarm"}],"player_experience":71498,"potions_floor_usage":[14,16,16,18],"damage_taken":[{"damage":0,"enemies":"2 Louse","floor":1,"turns":1},{"damage":0,"enemies":"Blue Slaver","floor":4,"turns":1},{"damage":0,"enemies":"Jaw Worm","floor":5,"turns":1},{"damage":49,"enemies":"Lagavulin","floor":6,"turns":7},{"damage":14,"enemies":"Large Slime","floor":7,"turns":7},{"damage":3,"enemies":"Exordium Thugs","floor":11,"turns":3},{"damage":16,"enemies":"Lots of Slimes","floor":13,"turns":5},{"damage":0,"enemies":"Red Slaver","floor":14,"turns":3},{"damage":58,"enemies":"Slime Boss","floor":16,"turns":11},{"damage":48,"enemies":"3 Byrds","floor":18,"turns":6},{"damage":20,"enemies":"Spheric Guardian","floor":20,"turns":5},{"damage":20,"enemies":"Centurion and Healer","floor":21,"turns":7},{"damage":39,"enemies":"Cultist and Chosen","floor":24,"turns":6}],"event_choices":[{"event_name":"Bonfire Elementals","player_choice":"BASIC","floor":2,"damage_taken":0},{"event_name":"Golden Idol","player_choice":"Take Damage","floor":3,"damage_taken":0},{"event_name":"Accursed Blacksmith","player_choice":"Rummage","floor":10,"damage_taken":0},{"event_name":"Forgotten Altar","player_choice":"Gave Idol","floor":19,"damage_taken":0},{"event_name":"Fountain of Cleansing","player_choice":"Removed Curse","floor":22,"damage_taken":0}],"boss_relics":[{"not_picked":["Philosopher\u0027s Stone","White Beast Statue"],"picked":"Black Blood"}],"potions_floor_spawned":[7,11,13,16,20],"seed_played":"-2142486456017052098","killed_by":"Cultist and Chosen","ascension_level":0,"is_trial":false}