{"path_per_floor":["M","M","M","M","?","R","E","R","T","M","R","E","R","$","R","B",null,"M","M","?","M","M","R","M","M","T","R","?","R","?","?","R","B",null,"M","M","?","$","?","R","M","E","T","?","$","?","R"],"character_chosen":"IRONCLAD","items_purchased":["Inflame","Flex"],"gold_per_floor":[117,130,148,162,162,162,197,197,197,210,210,236,236,91,91,192,192,192,192,192,192,192,192,192,192,192,192,192,192,192,192,192,192,192,192,192,192,47,47,47,47,47,47,47,47,47,47],"floor_reached":48,"campfire_rested":3,"playtime":1951,"current_hp_per_floor":[85,87,87,70,63,63,29,29,29,25,51,38,38,38,64,29,73,64,57,57,49,45,45,38,44,44,44,44,44,44,44,70,27,72,55,60,49,49,49,49,30,38,38,38,38,38,38],"items_purged":["Defend_R","Anger"],"gold":47,"score":620,"play_id":"17d55d3d-209c-462d-8b53-73a16049d890","local_time":"20180306171306","is_prod":false,"is_daily":false,"is_ascension_mode":true,"campfire_upgraded":8,"timestamp":1520323986,"path_taken":["M","M","M","M","?","R","E","R","T","M","R","E","R","?","R","BOSS","M","M","?","M","M","R","M","M","T","R","?","R","?","?","R","BOSS","M","M","?","$","?","R","M","E","T","?","?","?","R","M"],"build_version":"2018-03-01-PROD1","purchased_purges":3,"victory":false,"master_deck":["Strike_R","Strike_R","Strike_R","Strike_R","Strike_R","Defend_R+1","Defend_R+1","Bash+1","Clash+1","Armaments+1","Dropkick","Inflame+1","Double Tap+1","Battle Trance+1","Ghostly Armor+1","Clash+1","Limit Break+1","Whirlwind","Pommel Strike+1","Madness","Madness","Flex+1","Double Tap+1"],"max_hp_per_floor":[87,87,87,87,87,87,87,87,87,87,87,87,87,87,87,87,87,87,87,87,87,87,87,87,87,87,87,87,87,87,87,87,87,87,87,87,87,87,87,87,87,87,87,87,87,87,87],"relics":["Burning Blood","Strawberry","Self Forming Clay","Champion Belt","War Paint","Ectoplasm","Blood Vial","Runic Dome","Anchor","Omamori"],"card_choices":[{"not_picked":["Cleave","Intimidate"],"picked":"Clash"},{"not_picked":["Rupture","Reckless Charge"],"picked":"Armaments"},{"not_picked":["Havoc","Exhume"],"picked":"Dropkick"},{"not_picked":["Brutality","Exhume"],"picked":"Double Tap"},{"not_picked":["Havoc","Armaments"],"picked":"Anger"},{"not_picked":["Thunderclap","Pommel Strike"],"picked":"Battle Trance"},{"not_picked":["Infernal Blade","Body Slam"],"picked":"Ghostly Armor"},{"not_picked":["Headbutt","Sword Boomerang"],"picked":"Clash"},{"not_picked":["Dark Embrace","Double Tap"],"picked":"Limit Break"},{"not_picked":["Perfected Strike","Pommel Strike"],"picked":"Whirlwind"},{"not_picked":["Clash","Clothesline"],"picked":"Pommel Strike"}],"player_experience":267506,"potions_floor_usage":[10,33,41,42],"damage_taken":[{"damage":0,"enemies":"Small Slimes","floor":1,"turns":3},{"damage":4,"enemies":"2 Louse","floor":2,"turns":3},{"damage":2,"enemies":"Jaw Worm","floor":3,"turns":3},{"damage":23,"enemies":"Exordium Thugs","floor":4,"turns":5},{"damage":40,"enemies":"3 Sentries","floor":7,"turns":9},{"damage":10,"enemies":"Red Slaver","floor":10,"turns":2},{"damage":19,"enemies":"Lagavulin","floor":12,"turns":7},{"damage":41,"enemies":"The Guardian","floor":16,"turns":11},{"damage":15,"enemies":"Spheric Guardian","floor":18,"turns":4},{"damage":13,"enemies":"Chosen","floor":19,"turns":4},{"damage":14,"enemies":"Snecko","floor":21,"turns":5},{"damage":10,"enemies":"3 Cultists","floor":22,"turns":4},{"damage":13,"enemies":"Cultist and Chosen","floor":24,"turns":5},{"damage":0,"enemies":"Centurion and Healer","floor":25,"turns":4},{"damage":51,"enemies":"Collector","floor":33,"turns":6},{"damage":25,"enemies":"3 Shapes","floor":35,"turns":5},{"damage":3,"enemies":"Orb Walker","floor":36,"turns":3},{"damage":27,"enemies":"3 Darklings","floor":41,"turns":6},{"damage":0,"enemies":"Giant Head","floor":42,"turns":4},{"damage":47,"enemies":"Sphere and 2 Shapes","floor":48,"turns":6}],"event_choices":[{"event_name":"Golden Wing","player_choice":"Card Removal","floor":5,"damage_taken":0},{"event_name":"Match and Keep!","player_choice":"0 cards matched","floor":20,"damage_taken":0},{"event_name":"Drug Dealer","player_choice":"Ignored","floor":28,"damage_taken":0},{"event_name":"The Mausoleum","player_choice":"No","floor":30,"damage_taken":0},{"event_name":"Upgrade Shrine","player_choice":"Upgraded","floor":31,"damage_taken":0},{"event_name":"Winding Halls","player_choice":"Embrace Madness","floor":37,"damage_taken":0},{"event_name":"Duplicator","player_choice":"One dupe","floor":39,"damage_taken":0},{"event_name":"Mysterious Sphere","player_choice":"Ignore","floor":44,"damage_taken":0},{"event_name":"The Lab","player_choice":"Got Potions","floor":46,"damage_taken":0}],"boss_relics":[{"not_picked":["White Beast Statue","Black Star"],"picked":"Ectoplasm"},{"not_picked":["Runic Pyramid","Tiny House"],"picked":"Runic Dome"}],"potions_floor_spawned":[4,7,10,21,33,35,36],"seed_played":"-6695767385367173563","killed_by":"Sphere and 2 Shapes","ascension_level":8,"is_trial":false}