{"gold_per_floor":[109,8,8,8,25,25,59,69,94,94,105,380,380,394,394,394],"floor_reached":16,"playtime":770,"items_purged":["Defend_G"],"score":105,"play_id":"b397b418-e3f5-48db-8035-78af53062123","local_time":"20190308120532","is_ascension_mode":true,"campfire_choices":[{"data":"Finisher","floor":6,"key":"SMITH"},{"floor":13,"key":"REST"},{"floor":15,"key":"REST"}],"neow_cost":"NONE","seed_source_timestamp":8244657825089,"circlet_count":0,"master_deck":["Defend_G","Defend_G","Defend_G","Defend_G","Strike_G","Strike_G","Strike_G","Strike_G","Strike_G","Survivor","Neutralize","Panacea","Finisher+1","Sucker Punch","Catalyst","Deflect","Blade Dance","Flying Knee","Quick Slash"],"relics":["Ring of the Snake","Centennial Puzzle","Pantograph","Omamori"],"potions_floor_usage":[11,16],"damage_taken":[{"damage":2,"enemies":"Small Slimes","floor":1,"turns":6},{"damage":0,"enemies":"Cultist","floor":5,"turns":4},{"damage":28,"enemies":"Gremlin Nob","floor":7,"turns":5},{"damage":3,"enemies":"Jaw Worm","floor":8,"turns":3},{"damage":3,"enemies":"Lots of Slimes","floor":11,"turns":4},{"damage":7,"enemies":"Looter","floor":14,"turns":3},{"damage":73,"enemies":"Hexaghost","floor":16,"turns":13}],"seed_played":"-1783514813260168870","potions_obtained":[{"floor":5,"key":"Weak Potion"},{"floor":8,"key":"PowerPotion"}],"is_trial":false,"path_per_floor":["M","$","?","?","M","R","E","M","T","$","M","?","R","M","R","B"],"character_chosen":"THE_SILENT","items_purchased":["Sucker Punch"],"campfire_rested":2,"item_purchase_floors":[2],"current_hp_per_floor":[68,68,65,65,65,65,37,34,34,34,31,31,52,45,66,0],"gold":394,"neow_bonus":"RANDOM_COLORLESS","is_prod":false,"is_daily":false,"chose_seed":false,"campfire_upgraded":1,"win_rate":0,"timestamp":1552007132,"path_taken":["M","$","?","?","M","R","E","M","T","$","?","?","R","M","R","BOSS"],"build_version":"2019-02-06","purchased_purges":1,"victory":false,"max_hp_per_floor":[70,70,70,70,70,70,70,70,70,70,70,70,70,70,70,70],"card_choices":[{"not_picked":["Dagger Spray","Slice"],"picked":"Finisher","floor":1},{"not_picked":["All Out Attack","Choke"],"picked":"Deflect","floor":5},{"not_picked":["Setup","Slice"],"picked":"Blade Dance","floor":7},{"not_picked":["Dodge and Roll","Underhanded Strike"],"picked":"Flying Knee","floor":8},{"not_picked":["Outmaneuver","All Out Attack"],"picked":"Quick Slash","floor":11},{"not_picked":["Distraction","Acrobatics","Masterful Stab"],"picked":"SKIP","floor":14}],"player_experience":504118,"relics_obtained":[{"floor":7,"key":"Pantograph"},{"floor":9,"key":"Omamori"}],"event_choices":[{"damage_healed":0,"gold_gain":0,"player_choice":"Success","damage_taken":3,"relics_obtained":["Centennial Puzzle"],"max_hp_gain":0,"max_hp_loss":0,"event_name":"Scrap Ooze","floor":3,"gold_loss":0},{"damage_healed":0,"gold_gain":0,"player_choice":"1 cards matched","damage_taken":0,"max_hp_gain":0,"max_hp_loss":0,"event_name":"Match and Keep!","floor":4,"gold_loss":0,"cards_obtained":["Catalyst"]},{"damage_healed":0,"gold_gain":275,"player_choice":"Desecrate","damage_taken":0,"max_hp_gain":0,"max_hp_loss":0,"event_name":"Golden Shrine","floor":12,"gold_loss":0,"cards_obtained":["Regret"]}],"is_beta":true,"boss_relics":[],"items_purged_floors":[2],"is_endless":false,"potions_floor_spawned":[5,8],"killed_by":"Hexaghost","ascension_level":1}