{"gold_per_floor":[112,37,57,157,167,167,198,198,198,214,241,252,252,281,281,380,380,394,394,394,334,28,28,28],"floor_reached":24,"playtime":1011,"items_purged":["Defend_R","Strike_R"],"score":244,"play_id":"539099db-3c68-461b-8bf1-4fb45e10c56d","local_time":"20190308003418","is_ascension_mode":true,"campfire_choices":[{"data":"Demon Form","floor":6,"key":"SMITH"},{"data":"Heavy Blade","floor":8,"key":"SMITH"},{"floor":15,"key":"REST"},{"floor":23,"key":"REST"}],"neow_cost":"NONE","seed_source_timestamp":39835654967500,"circlet_count":0,"master_deck":["Strike_R","Strike_R","Strike_R","Strike_R","Defend_R","Defend_R","Defend_R","Bash","Demon Form+1","Metallicize","Searing Blow","Heavy Blade+1","Rupture","Metallicize","Burning Pact","Armaments","Exhume","Flame Barrier","Metallicize"],"relics":["Burning Blood","Paper Frog","Juzu Bracelet","Ornamental Fan","Sundial","Eternal Feather","ClockworkSouvenir"],"potions_floor_usage":[11,14,16],"damage_taken":[{"damage":0,"enemies":"Small Slimes","floor":1,"turns":4},{"damage":9,"enemies":"Cultist","floor":3,"turns":5},{"damage":0,"enemies":"2 Louse","floor":5,"turns":4},{"damage":34,"enemies":"Gremlin Nob","floor":7,"turns":5},{"damage":11,"enemies":"Looter","floor":10,"turns":3},{"damage":18,"enemies":"Lagavulin","floor":11,"turns":7},{"damage":13,"enemies":"Large Slime","floor":12,"turns":6},{"damage":31,"enemies":"3 Sentries","floor":14,"turns":6},{"damage":29,"enemies":"Hexaghost","floor":16,"turns":6},{"damage":47,"enemies":"Spheric Guardian","floor":18,"turns":6},{"damage":28,"enemies":"2 Thieves","floor":21,"turns":4},{"damage":53,"enemies":"Book of Stabbing","floor":24,"turns":6}],"seed_played":"-6791567754315796415","potions_obtained":[{"floor":3,"key":"Explosive Potion"},{"floor":7,"key":"Regen Potion"},{"floor":14,"key":"Fire Potion"},{"floor":18,"key":"Swift Potion"}],"is_trial":false,"path_per_floor":["M","$","M","?","M","R","E","R","T","M","E","M","?","E","R","B",null,"M","?","?","M","$","R","E"],"character_chosen":"IRONCLAD","items_purchased":["ClockworkSouvenir"],"campfire_rested":2,"item_purchase_floors":[22],"current_hp_per_floor":[80,80,77,77,80,80,52,52,52,47,50,43,43,18,42,19,80,39,39,39,17,17,50,0],"gold":28,"neow_bonus":"ONE_RANDOM_RARE_CARD","is_prod":false,"is_daily":false,"chose_seed":false,"campfire_upgraded":2,"win_rate":0,"timestamp":1552026858,"path_taken":["M","$","M","?","M","R","E","R","T","M","E","M","?","E","R","BOSS","M","?","?","M","$","R","E"],"build_version":"2019-01-23","purchased_purges":2,"victory":false,"max_hp_per_floor":[80,80,80,80,80,80,80,80,80,80,80,80,80,80,80,80,80,80,80,80,80,80,80,80],"card_choices":[{"not_picked":["Iron Wave","Pommel Strike"],"picked":"Metallicize","floor":1},{"not_picked":["Clothesline","Iron Wave"],"picked":"Searing Blow","floor":3},{"not_picked":["Pummel","Anger"],"picked":"Heavy Blade","floor":5},{"not_picked":["Fiend Fire","Evolve"],"picked":"Rupture","floor":7},{"not_picked":["Twin Strike","Shrug It Off"],"picked":"Metallicize","floor":10},{"not_picked":["Offering","Uppercut"],"picked":"Burning Pact","floor":11},{"not_picked":["Clothesline","Burning Pact","True Grit"],"picked":"SKIP","floor":12},{"not_picked":["True Grit","Cleave"],"picked":"Armaments","floor":14},{"not_picked":["Immolate","Dark Embrace"],"picked":"Exhume","floor":16},{"not_picked":["Pommel Strike","Dual Wield+1"],"picked":"Flame Barrier","floor":18},{"not_picked":["Pommel Strike","Armaments"],"picked":"Metallicize","floor":21}],"player_experience":317871,"relics_obtained":[{"floor":7,"key":"Paper Frog"},{"floor":9,"key":"Juzu Bracelet"},{"floor":11,"key":"Ornamental Fan"},{"floor":14,"key":"Sundial"}],"event_choices":[{"damage_healed":0,"gold_gain":100,"player_choice":"Pray","damage_taken":0,"max_hp_gain":0,"max_hp_loss":0,"event_name":"Golden Shrine","floor":4,"gold_loss":0},{"damage_healed":0,"gold_gain":0,"player_choice":"Ignored","damage_taken":0,"max_hp_gain":0,"max_hp_loss":0,"event_name":"Liars Game","floor":13,"gold_loss":0},{"damage_healed":0,"gold_gain":0,"player_choice":"Ignored","damage_taken":0,"max_hp_gain":0,"max_hp_loss":0,"event_name":"Cursed Tome","floor":19,"gold_loss":0},{"damage_healed":0,"gold_gain":0,"player_choice":"Ignored","damage_taken":0,"max_hp_gain":0,"max_hp_loss":0,"event_name":"Ghosts","floor":20,"gold_loss":0}],"is_beta":false,"boss_relics":[{"not_picked":["Astrolabe","Runic Dome"],"picked":"Eternal Feather"}],"items_purged_floors":[2,22],"is_endless":false,"potions_floor_spawned":[3,7,14,18],"killed_by":"Book of Stabbing","ascension_level":3}