{"path_per_floor":["M","M","?","?","M","R","E","R","T","R","?","M","M","?","R","B",null,"M","M","M","M","M","R","?","T","T","R","M","R","$","M","R","B",null,"M","$","$","M","M","R","M","?","T","M","R","M","M","T","R"],"character_chosen":"IRONCLAD","items_purchased":["Pen Nib","Shuriken"],"gold_per_floor":[119,138,138,138,156,156,189,189,265,265,245,259,278,278,278,408,408,426,449,473,492,510,510,433,433,433,433,454,454,232,252,252,373,373,397,43,43,68,81,81,105,0,26,46,46,67,91,91,91,91],"floor_reached":50,"campfire_rested":2,"playtime":2149,"item_purchase_floors":[30,36],"current_hp_per_floor":[80,80,80,73,79,79,73,73,73,73,73,77,80,74,74,74,74,68,69,74,73,71,71,71,71,71,71,44,66,66,69,69,15,74,56,56,56,64,72,72,59,59,59,39,61,63,73,73,73,0],"items_purged":["Strike_R","Strike_R"],"gold":91,"score":498,"play_id":"fec1f1d4-f404-43b2-90b8-f85ba2297285","local_time":"20180624213017","is_prod":false,"is_daily":false,"chose_seed":false,"is_ascension_mode":false,"campfire_upgraded":9,"win_rate":0,"timestamp":1529839817,"campfire_choices":[{"data":"Clash","floor":6,"key":"SMITH"},{"data":"Defend_R","floor":8,"key":"SMITH"},{"data":"Strike_R","floor":10,"key":"SMITH"},{"data":"Immolate","floor":15,"key":"SMITH"},{"data":"Combust","floor":23,"key":"SMITH"},{"data":"Rage","floor":27,"key":"SMITH"},{"floor":29,"key":"REST"},{"data":"Flame Barrier","floor":32,"key":"SMITH"},{"data":"Searing Blow+1","floor":40,"key":"SMITH"},{"floor":45,"key":"REST"},{"data":"Searing Blow+2","floor":49,"key":"SMITH"}],"path_taken":["M","M","?","?","M","R","E","R","T","R","?","M","M","?","R","BOSS","M","M","?","M","?","R","?","?","T","R","M","R","?","M","R","BOSS","M","?","$","M","M","R","M","?","T","M","R","?","M","?","R","BOSS"],"build_version":"2018-06-21","seed_source_timestamp":16165603748185,"purchased_purges":2,"circlet_count":0,"victory":false,"master_deck":["Strike_R+1","Strike_R+1","Strike_R+1","Defend_R","Defend_R","Defend_R+1","Defend_R","Bash","Clash+1","Anger","Intimidate","Dropkick","Immolate+1","Combust+1","Clash+1","Rage+1","J.A.X.","Uppercut","Flame Barrier+1","Feed","Flame Barrier","Searing Blow+3","Ghostly Armor+1","Rage+1"],"max_hp_per_floor":[80,80,80,80,80,80,80,80,80,80,80,80,80,74,74,74,74,74,74,74,74,74,74,74,74,74,74,74,74,74,74,74,74,74,74,74,74,74,74,74,74,74,74,74,74,74,74,74,74,74],"relics":["Black Blood","Whetstone","Orichalcum","Happy Flower","Matryoshka","Golden Idol","Dream Catcher","Bronze Scales","Anchor","Potion Belt","Pen Nib","Philosopher\u0027s Stone","Shuriken","Red Mask","Bag of Preparation","Du-Vu Doll"],"card_choices":[{"not_picked":["Wild Strike","Seeing Red"],"picked":"Clash","floor":1},{"not_picked":["Headbutt","Armaments"],"picked":"Anger","floor":2},{"not_picked":["Clothesline","Perfected Strike","Pommel Strike"],"picked":"SKIP","floor":5},{"not_picked":["Flex","True Grit"],"picked":"Intimidate","floor":7},{"not_picked":["Cleave","Feel No Pain"],"picked":"Dropkick","floor":12},{"not_picked":["Rupture","Feel No Pain"],"picked":"Immolate","floor":13},{"not_picked":["Cleave+1","Perfected Strike"],"picked":"Combust","floor":18},{"not_picked":["Havoc","Burning Pact+1","Seeing Red"],"picked":"SKIP","floor":19},{"not_picked":["Headbutt","Carnage"],"picked":"Clash+1","floor":20},{"not_picked":["Sword Boomerang","Entrench+1","Headbutt"],"picked":"SKIP","floor":21},{"not_picked":["Twin Strike","Armaments+1"],"picked":"Rage","floor":22},{"not_picked":["Headbutt","Pommel Strike+1","Twin Strike"],"picked":"SKIP","floor":28},{"not_picked":["Perfected Strike+1","Heavy Blade"],"picked":"Uppercut","floor":29},{"not_picked":["Cleave+1","Disarm"],"picked":"Flame Barrier","floor":31},{"not_picked":["Double Tap","Bludgeon"],"picked":"Feed","floor":33},{"not_picked":["Headbutt+1","Cleave+1","Pommel Strike"],"picked":"SKIP","floor":35},{"not_picked":["Heavy Blade+1","Sword Boomerang"],"picked":"Flame Barrier","floor":38},{"not_picked":["Disarm+1","Fire Breathing"],"picked":"Searing Blow+1","floor":39},{"not_picked":["Shrug It Off+1","True Grit"],"picked":"Ghostly Armor+1","floor":41},{"not_picked":["Shrug It Off","Pommel Strike+1"],"picked":"Rage+1","floor":44},{"not_picked":["Dark Embrace","Sword Boomerang","Cleave+1"],"picked":"SKIP","floor":46},{"not_picked":["Clothesline+1","Wild Strike+1","Cleave"],"picked":"SKIP","floor":47}],"player_experience":462147,"potions_floor_usage":[5,7,7,7,19,19,20,31,33,38,41,50],"damage_taken":[{"damage":2,"enemies":"2 Louse","floor":1,"turns":3},{"damage":1,"enemies":"Cultist","floor":2,"turns":3},{"damage":0,"enemies":"Small Slimes","floor":5,"turns":1},{"damage":20,"enemies":"Lagavulin","floor":7,"turns":4},{"damage":2,"enemies":"Blue Slaver","floor":12,"turns":3},{"damage":2,"enemies":"Looter","floor":13,"turns":2},{"damage":0,"enemies":"Slime Boss","floor":16,"turns":6},{"damage":16,"enemies":"Spheric Guardian","floor":18,"turns":4},{"damage":16,"enemies":"2 Thieves","floor":19,"turns":3},{"damage":2,"enemies":"3 Cultists","floor":20,"turns":4},{"damage":11,"enemies":"Centurion and Healer","floor":21,"turns":5},{"damage":12,"enemies":"Cultist and Chosen","floor":22,"turns":4},{"damage":37,"enemies":"Sentry and Sphere","floor":28,"turns":6},{"damage":7,"enemies":"3 Cultists","floor":31,"turns":3},{"damage":64,"enemies":"Automaton","floor":33,"turns":10},{"damage":28,"enemies":"Flame Bruiser 1 Orb","floor":35,"turns":5},{"damage":2,"enemies":"Orb Walker","floor":38,"turns":3},{"damage":2,"enemies":"Sphere and 2 Shapes","floor":39,"turns":2},{"damage":23,"enemies":"Transient","floor":41,"turns":5},{"damage":30,"enemies":"Maw","floor":44,"turns":7},{"damage":8,"enemies":"Spire Growth","floor":46,"turns":4},{"damage":0,"enemies":"3 Darklings","floor":47,"turns":1},{"damage":73,"enemies":"Awakened One","floor":50,"turns":6}],"relics_obtained":[{"floor":7,"key":"Happy Flower"},{"floor":9,"key":"Matryoshka"},{"floor":25,"key":"Dream Catcher"},{"floor":25,"key":"Bronze Scales"},{"floor":26,"key":"Anchor"},{"floor":26,"key":"Potion Belt"},{"floor":43,"key":"Bag of Preparation"},{"floor":48,"key":"Du-Vu Doll"}],"event_choices":[{"event_name":"The Lab","player_choice":"Got Potions","floor":3,"damage_taken":0},{"event_name":"Scrap Ooze","player_choice":"success","floor":4,"damage_taken":7},{"event_name":"The Woman in Blue","player_choice":"Bought 1 Potion","floor":11,"damage_taken":0},{"event_name":"Golden Idol","player_choice":"Lose Max HP","floor":14,"damage_taken":0},{"event_name":"Drug Dealer","player_choice":"Got JAXXED","floor":24,"damage_taken":0},{"event_name":"Tomb of Lord Red Mask","player_choice":"Paid","floor":42,"damage_taken":0}],"boss_relics":[{"not_picked":["Orrery","Velvet Choker"],"picked":"Black Blood"},{"not_picked":["Fusion Hammer","Snecko Eye"],"picked":"Philosopher\u0027s Stone"}],"items_purged_floors":[30,36],"is_endless":true,"potions_floor_spawned":[2,5,18,19,22,31,35,39,47],"seed_played":"-4817829773059573390","killed_by":"Awakened One","ascension_level":0,"potions_obtained":[{"floor":2,"key":"Explosive Potion"},{"floor":3,"key":"Fire Potion"},{"floor":3,"key":"BloodPotion"},{"floor":5,"key":"Fire Potion"},{"floor":11,"key":"BloodPotion"},{"floor":18,"key":"SkillPotion"},{"floor":19,"key":"Block Potion"},{"floor":22,"key":"Explosive Potion"},{"floor":31,"key":"LiquidBronze"},{"floor":35,"key":"SkillPotion"},{"floor":39,"key":"Fire Potion"},{"floor":47,"key":"Swift Potion"}],"is_trial":false}