{"gold_per_floor":[109,184,202,202,152,152,168,168,194,219,234,234,257,182,182,310,310,334,334,74,74,95,95,133,152,152,193,209,224,324,349,349,469,469,494,416,439,283,301,301,111,0,0,21,34,47,47,60,60,60],"floor_reached":50,"playtime":1726,"items_purged":["Defend_R"],"score":478,"play_id":"460c8d40-9e97-46c0-9141-3c6f38ef8020","local_time":"20181217083900","is_ascension_mode":false,"campfire_choices":[{"data":"Perfected Strike","floor":6,"key":"SMITH"},{"data":"Twin Strike","floor":12,"key":"SMITH"},{"data":"Pommel Strike","floor":15,"key":"SMITH"},{"data":"Shrug It Off","floor":23,"key":"SMITH"},{"data":"Shrug It Off","floor":32,"key":"SMITH"},{"data":"Seeing Red","floor":40,"key":"SMITH"},{"data":"Pommel Strike","floor":47,"key":"SMITH"},{"data":"Impervious","floor":49,"key":"SMITH"}],"neow_cost":"NONE","seed_source_timestamp":359770731355093,"circlet_count":0,"master_deck":["Strike_R+1","Strike_R+1","Strike_R+1","Strike_R+1","Defend_R+1","Defend_R+1","Perfected Strike+1","Pommel Strike+1","Wild Strike","Twin Strike+1","Twin Strike+1","Perfected Strike+1","Shrug It Off+1","Perfected Strike+1","Shrug It Off+1","Wild Strike","Impervious+1","Pommel Strike+1","Twin Strike","Seeing Red+1"],"relics":["Burning Blood","Golden Idol","Bag of Marbles","Cursed Key","DollysMirror","Meat on the Bone","Bronze Scales","Orrery","Ancient Tea Set","HandDrill","Red Mask"],"potions_floor_usage":[16,50,50,50],"damage_taken":[{"damage":11,"enemies":"Jaw Worm","floor":1,"turns":3},{"damage":3,"enemies":"2 Louse","floor":3,"turns":2},{"damage":0,"enemies":"Small Slimes","floor":7,"turns":2},{"damage":0,"enemies":"3 Louse","floor":10,"turns":3},{"damage":0,"enemies":"Blue Slaver","floor":11,"turns":1},{"damage":0,"enemies":"Large Slime","floor":13,"turns":3},{"damage":47,"enemies":"Hexaghost","floor":16,"turns":7},{"damage":0,"enemies":"Spheric Guardian","floor":18,"turns":2},{"damage":2,"enemies":"2 Thieves","floor":22,"turns":2},{"damage":17,"enemies":"Book of Stabbing","floor":24,"turns":3},{"damage":0,"enemies":"Sentry and Sphere","floor":25,"turns":3},{"damage":22,"enemies":"Slavers","floor":27,"turns":3},{"damage":0,"enemies":"Snecko","floor":28,"turns":2},{"damage":2,"enemies":"Cultist and Chosen","floor":29,"turns":3},{"damage":0,"enemies":"Snake Plant","floor":31,"turns":1},{"damage":73,"enemies":"Automaton","floor":33,"turns":7},{"damage":16,"enemies":"3 Darklings","floor":35,"turns":4},{"damage":0,"enemies":"Orb Walker","floor":37,"turns":1},{"damage":7,"enemies":"4 Shapes","floor":39,"turns":4},{"damage":2,"enemies":"Sphere and 2 Shapes","floor":44,"turns":3},{"damage":0,"enemies":"Spire Growth","floor":45,"turns":3},{"damage":0,"enemies":"Jaw Worm Horde","floor":46,"turns":2},{"damage":0,"enemies":"Writhing Mass","floor":48,"turns":3},{"damage":106,"enemies":"Awakened One","floor":50,"turns":9}],"seed_played":"-1023627501274766352","potions_obtained":[{"floor":3,"key":"BloodPotion"},{"floor":7,"key":"Fire Potion"},{"floor":10,"key":"BloodPotion"},{"floor":16,"key":"BloodPotion"}],"is_trial":false,"path_per_floor":["M","?","M","?","?","R","M","?","T","M","M","R","M","$","R","B",null,"M","?","$","?","M","R","E","M","T","E","M","M","?","M","R","B",null,"M","$","M","$","M","R","$","?","T","M","M","M","R","M","R","B"],"character_chosen":"IRONCLAD","items_purchased":["DollysMirror","Shrug It Off","Seeing Red","Ancient Tea Set","HandDrill"],"campfire_rested":0,"item_purchase_floors":[20,20,36,38,41],"current_hp_per_floor":[75,64,67,47,47,47,53,46,46,52,58,58,64,64,64,23,80,80,80,80,80,80,80,69,75,75,59,65,69,69,75,75,20,80,70,70,76,76,75,75,75,75,75,79,80,80,80,80,80,0],"gold":60,"neow_bonus":"UPGRADE_CARD","is_prod":false,"is_daily":false,"chose_seed":false,"campfire_upgraded":8,"win_rate":0,"timestamp":1545053940,"path_taken":["M","?","M","?","?","R","M","?","T","M","M","R","M","$","R","BOSS","M","?","$","?","M","R","E","M","T","E","?","M","?","M","R","BOSS","M","$","M","?","M","R","$","?","T","M","M","M","R","M","R","BOSS"],"build_version":"2018-12-13","purchased_purges":1,"victory":false,"max_hp_per_floor":[80,80,80,80,80,80,80,80,80,80,80,80,80,80,80,80,80,80,80,80,80,80,80,80,80,80,80,80,80,80,80,80,80,80,80,80,80,80,80,80,80,80,80,80,80,80,80,80,80,80],"card_choices":[{"not_picked":["Headbutt","True Grit"],"picked":"Perfected Strike","floor":1},{"not_picked":["Heavy Blade","Metallicize"],"picked":"Pommel Strike","floor":3},{"not_picked":["Body Slam","Ghostly Armor","Searing Blow"],"picked":"SKIP","floor":7},{"not_picked":["Corruption","Clash"],"picked":"Wild Strike","floor":10},{"not_picked":["Warcry","Anger"],"picked":"Twin Strike","floor":11},{"not_picked":["Body Slam","Headbutt","Thunderclap"],"picked":"SKIP","floor":13},{"not_picked":["Evolve+1","Infernal Blade"],"picked":"Twin Strike+1","floor":18},{"not_picked":["Pummel","Havoc+1"],"picked":"Perfected Strike+1","floor":22},{"not_picked":["Armaments","Headbutt+1","Clash"],"picked":"SKIP","floor":24},{"not_picked":["Flex","Sword Boomerang","Fire Breathing"],"picked":"SKIP","floor":25},{"not_picked":["Havoc","Body Slam","Intimidate"],"picked":"SKIP","floor":27},{"not_picked":["Clothesline","Rage","Armaments"],"picked":"SKIP","floor":28},{"not_picked":["Evolve","Entrench"],"picked":"Shrug It Off","floor":29},{"not_picked":["Carnage","Headbutt+1"],"picked":"Wild Strike","floor":31},{"not_picked":["Limit Break","Bludgeon"],"picked":"Impervious","floor":33},{"not_picked":["Pummel","True Grit"],"picked":"Pommel Strike","floor":34},{"not_picked":["Iron Wave+1","Burning Pact"],"picked":"Twin Strike","floor":34},{"not_picked":["Clash","Iron Wave","Heavy Blade"],"picked":"SKIP","floor":35},{"not_picked":["Cleave","Clothesline+1","Havoc+1"],"picked":"SKIP","floor":37},{"not_picked":["Reckless Charge","Hemokinesis","Shockwave"],"picked":"SKIP","floor":39},{"not_picked":["Havoc+1","Demon Form","Shrug It Off"],"picked":"SKIP","floor":44},{"not_picked":["Spot Weakness+1","Hemokinesis+1","Shockwave+1"],"picked":"SKIP","floor":45},{"not_picked":["Body Slam","Pummel+1","Blood for Blood+1"],"picked":"SKIP","floor":46},{"not_picked":["Wild Strike","Clash+1","Pommel Strike"],"picked":"SKIP","floor":48}],"player_experience":317148,"relics_obtained":[{"floor":9,"key":"Bag of Marbles"},{"floor":24,"key":"Meat on the Bone"},{"floor":27,"key":"Bronze Scales"}],"event_choices":[{"damage_healed":0,"gold_gain":75,"player_choice":"Gather Gold","damage_taken":11,"max_hp_gain":0,"max_hp_loss":0,"event_name":"World of Goop","floor":2,"gold_loss":0},{"damage_healed":0,"gold_gain":0,"player_choice":"Take Damage","damage_taken":20,"relics_obtained":["Golden Idol"],"max_hp_gain":0,"max_hp_loss":0,"event_name":"Golden Idol","floor":4,"gold_loss":0},{"cards_removed":["Bash"],"damage_healed":0,"gold_gain":0,"player_choice":"Card Removal","damage_taken":0,"max_hp_gain":0,"max_hp_loss":0,"event_name":"The Cleric","floor":5,"gold_loss":50},{"cards_removed":["Defend_R"],"damage_healed":0,"gold_gain":0,"player_choice":"Card Removal","damage_taken":7,"max_hp_gain":0,"max_hp_loss":0,"event_name":"Golden Wing","floor":8,"gold_loss":0},{"damage_healed":0,"gold_gain":0,"player_choice":"Simplicity","damage_taken":0,"max_hp_gain":0,"max_hp_loss":0,"event_name":"Back to Basics","floor":19,"gold_loss":0,"cards_upgraded":["Strike_R","Strike_R","Strike_R","Strike_R","Defend_R","Defend_R"]},{"cards_removed":["Strike_R"],"damage_healed":0,"gold_gain":0,"player_choice":"Card Removal","damage_taken":0,"max_hp_gain":0,"max_hp_loss":0,"event_name":"Wheel of Change","floor":21,"gold_loss":0},{"damage_healed":0,"gold_gain":100,"player_choice":"Pray","damage_taken":0,"max_hp_gain":0,"max_hp_loss":0,"event_name":"Golden Shrine","floor":30,"gold_loss":0},{"damage_healed":0,"gold_gain":0,"player_choice":"Paid","damage_taken":0,"relics_obtained":["Red Mask"],"max_hp_gain":0,"max_hp_loss":0,"event_name":"Tomb of Lord Red Mask","floor":42,"gold_loss":111}],"is_beta":false,"boss_relics":[{"not_picked":["Busted Crown","Runic Pyramid"],"picked":"Cursed Key"},{"not_picked":["Velvet Choker","White Beast Statue"],"picked":"Orrery"}],"items_purged_floors":[14],"is_endless":false,"potions_floor_spawned":[3,7,10,16,18,22,29,44,46,48],"killed_by":"Awakened One","ascension_level":0}