{"gold_per_floor":[113,63,74,74,74,74,108,108,131,150,150,6,33,49,49,126,126,145,145,157,167,185,185,185],"floor_reached":24,"playtime":1265,"items_purged":[],"score":365,"play_id":"1527e526-1ed8-4f77-915c-4bfddf9c9712","local_time":"20190214170629","is_ascension_mode":true,"campfire_choices":[{"data":"Zap","floor":6.0,"key":"SMITH"},{"data":"Hologram","floor":8.0,"key":"SMITH"},{"data":"Chill","floor":11.0,"key":"SMITH"},{"data":"Creative AI","floor":15.0,"key":"SMITH"},{"floor":23,"key":"REST"}],"neow_cost":"NONE","seed_source_timestamp":148919953182740,"circlet_count":0,"master_deck":["AscendersBane","Strike_B","Strike_B","Strike_B+1","Defend_B","Defend_B","Zap+1","Dualcast","Chill+1","Compile Driver+1","Hologram+1","Conserve Battery","Creative AI+1","Ball Lightning","Heatsinks","Seek","White Noise","Defragment","Blizzard","Cold Snap","Auto Shields","Glacier","Storm","Redo","Conserve Battery"],"special_seed":0,"relics":["Cracked Core","NeowsBlessing","Torii","Whetstone","Pen Nib","Odd Mushroom","Orrery"],"potions_floor_usage":[21],"damage_taken":[{"damage":0.0,"enemies":"2 Louse","floor":1.0,"turns":1.0},{"damage":0.0,"enemies":"Small Slimes","floor":3.0,"turns":1.0},{"damage":0.0,"enemies":"Lagavulin","floor":7.0,"turns":1.0},{"damage":7.0,"enemies":"Jaw Worm","floor":10.0,"turns":3.0},{"damage":7.0,"enemies":"The Mushroom Lair","floor":13.0,"turns":5.0},{"damage":0.0,"enemies":"Red Slaver","floor":14.0,"turns":3.0},{"damage":37.0,"enemies":"Slime Boss","floor":16.0,"turns":8.0},{"damage":14,"enemies":"2 Thieves","floor":18,"turns":5},{"damage":1,"enemies":"Shell Parasite","floor":20,"turns":6},{"damage":18,"enemies":"3 Cultists","floor":21,"turns":6},{"damage":26,"enemies":"Cultist and Chosen","floor":22,"turns":7},{"damage":28,"enemies":"Slavers","floor":24,"turns":4}],"seed_played":"-5015609510352768507","potions_obtained":[{"floor":3.0,"key":"Strength Potion"},{"floor":7.0,"key":"Fruit Juice"},{"floor":18,"key":"AttackPotion"}],"is_trial":false,"path_per_floor":["M","?","M","?","?","R","E","R","T","M","R","$","?","M","R","B",null,"M","?","M","M","M","R","E"],"character_chosen":"DEFECT","items_purchased":["Creative AI"],"campfire_rested":1,"item_purchase_floors":[12],"current_hp_per_floor":[68,68,68,61,54,54,59,59,59,52,52,52,45,45,45,8,62,48,48,47,29,3,27,0],"gold":185,"neow_bonus":"THREE_ENEMY_KILL","is_prod":false,"is_daily":false,"chose_seed":false,"campfire_upgraded":4,"win_rate":0,"timestamp":1550181989,"path_taken":["M","?","M","?","?","R","E","R","T","M","R","$","?","M","R","BOSS","M","?","M","M","M","R","E"],"build_version":"2019-01-23","purchased_purges":0,"victory":false,"max_hp_per_floor":[75,75,75,75,75,75,80,80,80,80,80,80,80,80,80,80,80,80,80,80,80,80,80,80],"card_choices":[{"not_picked":["Go for the Eyes","Auto Shields"],"picked":"Chill","floor":1.0},{"not_picked":["Leap","Storm"],"picked":"Compile Driver","floor":3.0},{"not_picked":["Steam","Turbo"],"picked":"Hologram","floor":7.0},{"not_picked":["Redo","Rebound"],"picked":"Conserve Battery","floor":10.0},{"not_picked":["Gash","Turbo"],"picked":"Ball Lightning","floor":13.0},{"not_picked":["Gash","Auto Shields"],"picked":"Heatsinks","floor":14.0},{"not_picked":["Thunder Strike","Creative AI"],"picked":"Seek","floor":16.0},{"not_picked":["Sweeping Beam","Coolheaded"],"picked":"White Noise","floor":17.0},{"not_picked":["FTL","Hologram"],"picked":"Defragment","floor":17.0},{"not_picked":["Gash","Barrage"],"picked":"Blizzard","floor":17.0},{"not_picked":["Conserve Battery","Meteor Strike"],"picked":"Cold Snap","floor":17.0},{"not_picked":["Coolheaded","Rebound"],"picked":"Auto Shields","floor":17.0},{"not_picked":["Turbo","Lockon"],"picked":"Glacier","floor":18},{"not_picked":["Redo","Turbo"],"picked":"Storm","floor":20},{"not_picked":["Compile Driver","Leap"],"picked":"Redo","floor":21},{"not_picked":["Hello World+1","Stack"],"picked":"Conserve Battery","floor":22}],"player_experience":429751,"relics_obtained":[{"floor":7.0,"key":"Whetstone"},{"floor":9.0,"key":"Pen Nib"},{"floor":13.0,"key":"Odd Mushroom"}],"event_choices":[{"cards_removed":["Strike_B"],"damage_healed":0.0,"max_hp_gain":0.0,"max_hp_loss":0.0,"gold_gain":0.0,"event_name":"The Cleric","player_choice":"Card Removal","floor":2.0,"gold_loss":50.0,"damage_taken":0.0},{"damage_healed":0.0,"max_hp_gain":0.0,"max_hp_loss":0.0,"gold_gain":0.0,"event_name":"Scrap Ooze","player_choice":"Success","floor":4.0,"gold_loss":0.0,"damage_taken":7.0,"relics_obtained":["Torii"]},{"cards_removed":["Defend_B"],"damage_healed":0.0,"max_hp_gain":0.0,"max_hp_loss":0.0,"gold_gain":0.0,"event_name":"Golden Wing","player_choice":"Card Removal","floor":5.0,"gold_loss":0.0,"damage_taken":7.0},{"damage_healed":0.0,"max_hp_gain":0.0,"max_hp_loss":0.0,"gold_gain":0.0,"event_name":"Mushrooms","player_choice":"Fought Mushrooms","floor":13.0,"gold_loss":0.0,"damage_taken":0.0},{"cards_removed":["Defend_B"],"damage_healed":0,"gold_gain":0,"player_choice":"Purged","damage_taken":0,"max_hp_gain":0,"max_hp_loss":0,"event_name":"Purifier","floor":19,"gold_loss":0}],"is_beta":false,"boss_relics":[{"not_picked":["Pandora\u0027s Box","Calling Bell"],"picked":"Orrery"}],"items_purged_floors":[],"is_endless":false,"potions_floor_spawned":[3,7,18],"killed_by":"Slavers","ascension_level":13}