{"gold_per_floor":[15,32,32,44,119,119,137,155,155,189,207,224,253,268,268,339,339,358,358,41,41,41,73,92,92,92,92,123,136,60,94,94,166,166,180,180,196,45,62,97,97,113,113,113,123,151,169,203,203,203,203,203,9,34,34],"floor_reached":56,"playtime":4451,"items_purged":["Strike_G"],"score":2022,"play_id":"46151cf1-daf4-4835-bffe-eb13f7c8e141","local_time":"20190214162502","is_ascension_mode":true,"campfire_choices":[{"data":"Neutralize","floor":6.0,"key":"SMITH"},{"data":"Footwork","floor":15.0,"key":"SMITH"},{"data":"Catalyst","floor":25.0,"key":"SMITH"},{"data":"Adrenaline","floor":27.0,"key":"SMITH"},{"data":"1","floor":32.0,"key":"LIFT"},{"data":"2","floor":41.0,"key":"LIFT"},{"floor":44.0,"key":"RECALL"},{"data":"3","floor":49.0,"key":"LIFT"},{"data":"Night Terror","floor":52.0,"key":"SMITH"}],"neow_cost":"NO_GOLD","seed_source_timestamp":142182590970345,"circlet_count":0,"master_deck":["AscendersBane","Defend_G+1","Defend_G","Defend_G","Defend_G","Defend_G","Strike_G","Strike_G","Strike_G","Survivor","Neutralize+1","Poisoned Stab","Footwork+1","Quick Slash","Poisoned Stab","Catalyst+1","Cloak And Dagger","Deadly Poison","Noxious Fumes","Concentrate","Endless Agony","Adrenaline+1","RitualDagger","Poisoned Stab","PiercingWail","Footwork","Backflip","Adrenaline+1","PiercingWail","Tools of the Trade","Tactician","Dagger Throw+1","Deadly Poison","Night Terror+1","Acrobatics","Backflip","Deflect","Bane+1","Apotheosis"],"special_seed":0,"relics":["Ring of the Snake","Mango","Sundial","Darkstone Periapt","Philosopher\u0027s Stone","Kunai","Incense Burner","Girya","Oddly Smooth Stone","Anchor","Runic Pyramid","Regal Pillow","War Paint","Snake Skull","Gambling Chip","Bag of Marbles","Blood Vial","Mummified Hand"],"potions_floor_usage":[55],"damage_taken":[{"damage":0.0,"enemies":"Jaw Worm","floor":1.0,"turns":5.0},{"damage":0.0,"enemies":"2 Louse","floor":2.0,"turns":3.0},{"damage":0.0,"enemies":"Cultist","floor":4.0,"turns":5.0},{"damage":6.0,"enemies":"Lots of Slimes","floor":7.0,"turns":7.0},{"damage":18.0,"enemies":"Gremlin Gang","floor":8.0,"turns":6.0},{"damage":10.0,"enemies":"Lagavulin","floor":10.0,"turns":6.0},{"damage":0.0,"enemies":"Exordium Wildlife","floor":11.0,"turns":5.0},{"damage":3.0,"enemies":"Blue Slaver","floor":12.0,"turns":4.0},{"damage":15.0,"enemies":"3 Sentries","floor":13.0,"turns":7.0},{"damage":2.0,"enemies":"Large Slime","floor":14.0,"turns":7.0},{"damage":7.0,"enemies":"The Guardian","floor":16.0,"turns":8.0},{"damage":11.0,"enemies":"Chosen","floor":18.0,"turns":6.0},{"damage":9.0,"enemies":"Gremlin Leader","floor":23.0,"turns":7.0},{"damage":0.0,"enemies":"Shell Parasite","floor":24.0,"turns":4.0},{"damage":21.0,"enemies":"Slavers","floor":28.0,"turns":7.0},{"damage":8.0,"enemies":"Sentry and Sphere","floor":29.0,"turns":6.0},{"damage":20.0,"enemies":"Book of Stabbing","floor":31.0,"turns":7.0},{"damage":6.0,"enemies":"Automaton","floor":33.0,"turns":11.0},{"damage":0.0,"enemies":"3 Darklings","floor":35.0,"turns":7.0},{"damage":0.0,"enemies":"Orb Walker","floor":37.0,"turns":3.0},{"damage":6.0,"enemies":"Maw","floor":39.0,"turns":7.0},{"damage":3.0,"enemies":"Reptomancer","floor":40.0,"turns":6.0},{"damage":1.0,"enemies":"Transient","floor":42.0,"turns":5.0},{"damage":0.0,"enemies":"Writhing Mass","floor":45.0,"turns":4.0},{"damage":0.0,"enemies":"Nemesis","floor":46.0,"turns":5.0},{"damage":5.0,"enemies":"Spire Growth","floor":47.0,"turns":5.0},{"damage":1.0,"enemies":"Giant Head","floor":48.0,"turns":7.0},{"damage":10.0,"enemies":"Donu and Deca","floor":50.0,"turns":12.0},{"damage":0.0,"enemies":"Shield and Spear","floor":54.0,"turns":7.0},{"damage":74,"enemies":"The Heart","floor":55,"turns":10}],"seed_played":"-228938639303684654","potions_obtained":[{"floor":4.0,"key":"Ancient Potion"},{"floor":8.0,"key":"SneckoOil"},{"floor":13.0,"key":"EntropicBrew"},{"floor":14.0,"key":"Energy Potion"},{"floor":16.0,"key":"AttackPotion"},{"floor":23.0,"key":"Dexterity Potion"},{"floor":28.0,"key":"GhostInAJar"}],"is_trial":false,"path_per_floor":["M","M","?","M","?","R","M","M","T","E","M","M","E","M","R","B",null,"M","?","$","?","$","E","M","R","T","R","E","M","$","E","R","B",null,"M","?","M","$","M","E","R","M","T","R","M","E","M","E","R","B",null,"R","$","E","B",null],"character_chosen":"THE_SILENT","items_purchased":["Kunai","Adrenaline","War Paint","Apotheosis"],"campfire_rested":0,"item_purchase_floors":[20,30,38,53],"current_hp_per_floor":[77,77,77,77,69,69,63,45,45,35,35,32,17,15,15,8,65,54,48,48,76,76,67,67,67,67,67,46,38,38,18,18,12,66,66,66,66,66,60,57,57,56,56,56,56,56,51,50,50,42,74,74,74,76,4],"gold":34,"neow_bonus":"ONE_RARE_RELIC","is_prod":false,"is_daily":false,"chose_seed":false,"campfire_upgraded":5,"win_rate":0,"timestamp":1550179502,"path_taken":["M","M","?","M","?","R","?","?","T","E","M","?","E","M","R","BOSS","M","?","$","?","?","E","M","R","T","R","E","M","?","E","R","BOSS","M","?","?","$","M","E","R","M","T","R","M","E","M","E","R","BOSS","R","$","E","BOSS"],"build_version":"2019-01-23","purchased_purges":1,"victory":true,"max_hp_per_floor":[84,84,84,84,84,84,84,84,84,84,84,84,84,84,84,84,84,84,84,84,84,84,84,84,84,84,84,84,84,84,84,84,84,84,84,84,84,84,84,84,84,84,84,84,84,84,84,84,84,84,84,84,84,84,84],"card_choices":[{"not_picked":["Infinite Blades","Slice"],"picked":"Poisoned Stab","floor":1.0},{"not_picked":["Blade Dance","Cloak And Dagger"],"picked":"Footwork","floor":2.0},{"not_picked":["Flechettes","Quick Slash"],"picked":"Poisoned Stab","floor":4.0},{"not_picked":["Setup","Skewer","Choke"],"picked":"SKIP","floor":7.0},{"not_picked":["Terror","A Thousand Cuts"],"picked":"Catalyst","floor":8.0},{"not_picked":["Backflip","A Thousand Cuts"],"picked":"Cloak And Dagger","floor":10.0},{"not_picked":["Bane","Dagger Throw"],"picked":"Deadly Poison","floor":11.0},{"not_picked":["Calculated Gamble","Setup"],"picked":"Noxious Fumes","floor":12.0},{"not_picked":["Expertise","Underhanded Strike"],"picked":"Concentrate","floor":13.0},{"not_picked":["Eviscerate","Slice"],"picked":"Endless Agony","floor":14.0},{"not_picked":["Bullet Time","Wraith Form v2"],"picked":"Adrenaline","floor":16.0},{"not_picked":["Accuracy","Dagger Throw"],"picked":"Expertise","floor":18.0},{"not_picked":["Outmaneuver","Tactician"],"picked":"Poisoned Stab","floor":23.0},{"not_picked":["Quick Slash","Deadly Poison"],"picked":"PiercingWail","floor":24.0},{"not_picked":["Expertise","Deflect"],"picked":"Footwork","floor":28.0},{"not_picked":["Poisoned Stab","Deadly Poison"],"picked":"Backflip","floor":29.0},{"not_picked":["Phantasmal Killer","Underhanded Strike"],"picked":"PiercingWail","floor":31.0},{"not_picked":["Night Terror","Envenom"],"picked":"Tools of the Trade","floor":33.0},{"not_picked":["Eviscerate","Footwork"],"picked":"Tactician","floor":35.0},{"not_picked":["Backflip","Flying Knee"],"picked":"Dagger Throw+1","floor":37.0},{"not_picked":["Choke","Blade Dance"],"picked":"Deadly Poison","floor":39.0},{"not_picked":["Masterful Stab","Well Laid Plans"],"picked":"Night Terror","floor":40.0},{"not_picked":["Bane","Prepared"],"picked":"Acrobatics","floor":42.0},{"not_picked":["Masterful Stab","Outmaneuver"],"picked":"Backflip","floor":45.0},{"not_picked":["Well Laid Plans","Flechettes"],"picked":"Deflect","floor":46.0},{"not_picked":["Flying Knee","Backstab+1","PiercingWail"],"picked":"SKIP","floor":47.0},{"not_picked":["Quick Slash+1","PiercingWail"],"picked":"Bane+1","floor":48.0},{"not_picked":["Flechettes","Backstab+1","Accuracy"],"picked":"SKIP","floor":54.0}],"player_experience":424922,"relics_obtained":[{"floor":10.0,"key":"Sundial"},{"floor":13.0,"key":"Darkstone Periapt"},{"floor":23.0,"key":"Incense Burner"},{"floor":26.0,"key":"Girya"},{"floor":28.0,"key":"Oddly Smooth Stone"},{"floor":31.0,"key":"Anchor"},{"floor":40.0,"key":"Snake Skull"},{"floor":43.0,"key":"Gambling Chip"},{"floor":46.0,"key":"Bag of Marbles"},{"floor":48.0,"key":"Blood Vial"},{"floor":54.0,"key":"Mummified Hand"}],"event_choices":[{"damage_healed":0.0,"max_hp_gain":0.0,"max_hp_loss":0.0,"gold_gain":0.0,"cards_transformed":["Strike_G"],"event_name":"Living Wall","player_choice":"Change","floor":3.0,"gold_loss":0.0,"damage_taken":0.0,"cards_obtained":["Quick Slash"]},{"damage_healed":0.0,"max_hp_gain":0.0,"max_hp_loss":0.0,"gold_gain":75.0,"event_name":"FaceTrader","player_choice":"Touch","floor":5.0,"gold_loss":0.0,"damage_taken":8.0},{"damage_healed":0.0,"max_hp_gain":0.0,"max_hp_loss":0.0,"gold_gain":0.0,"event_name":"Nest","player_choice":"Joined the Cult","floor":19.0,"gold_loss":0.0,"damage_taken":6.0,"cards_obtained":["RitualDagger"]},{"damage_healed":28.0,"max_hp_gain":0.0,"max_hp_loss":0.0,"gold_gain":0.0,"event_name":"The Library","player_choice":"Heal","floor":21.0,"gold_loss":0.0,"damage_taken":0.0},{"cards_removed":["Expertise"],"damage_healed":0.0,"max_hp_gain":0.0,"max_hp_loss":0.0,"gold_gain":0.0,"event_name":"WeMeetAgain","player_choice":"Gave Card","floor":36.0,"gold_loss":0.0,"damage_taken":0.0,"relics_obtained":["Regal Pillow"]}],"is_beta":false,"boss_relics":[{"not_picked":["Fusion Hammer","White Beast Statue"],"picked":"Philosopher\u0027s Stone"},{"not_picked":["Sozu","Pandora\u0027s Box"],"picked":"Runic Pyramid"}],"items_purged_floors":[20],"is_endless":false,"potions_floor_spawned":[4,8,13,14,16,23,28,31,33,35,39,45,47],"ascension_level":13}