{"gold_per_floor":[12,12,187,200,49,49,75,75,122,135,163,163,179,190,190,286,286,299,310,310,10,10,10,42,59,106,16,35,35,35,46,46,144,144,160,160,60,72,16,45,45,70,70,100,113,113,113,126,126,126],"floor_reached":51,"playtime":2865,"items_purged":["Doubt","Strike_R"],"score":859,"play_id":"a3635a76-e6c7-492d-acb3-1ab5f580965e","local_time":"20180930025808","is_ascension_mode":true,"campfire_choices":[{"data":"Demon Form","floor":6,"key":"SMITH"},{"floor":15,"key":"REST"},{"floor":23,"key":"REST"},{"floor":29,"key":"REST"},{"floor":32,"key":"REST"},{"data":"Feed","floor":41,"key":"SMITH"},{"floor":46,"key":"REST"},{"floor":49,"key":"REST"}],"neow_cost":"NO_GOLD","seed_source_timestamp":556286617190406,"circlet_count":0,"master_deck":["Strike_R","Defend_R","Defend_R","Defend_R","Defend_R","Bash","Demon Form+1","Blood for Blood","Anger","Rupture","Spot Weakness","Pommel Strike+1","Cleave","Sever Soul","Disarm","Twin Strike","Brutality","Flex+1","Flex+1","Necronomicurse","Impervious","Twin Strike","Twin Strike+1","Feed+1","Spot Weakness+1","Rampage+1","Iron Wave+1","Second Wind+1","Sentinel+1","True Grit+1","Sword Boomerang+1"],"relics":["Burning Blood","Ginger","Vajra","Incense Burner","Eternal Feather","Necronomicon","Unceasing Top","GremlinMask","Darkstone Periapt","Blood Vial","Runic Pyramid","Magic Flower","Orichalcum","Toxic Egg 2","Charon\u0027s Ashes","Pear"],"potions_floor_usage":[16,24,25,25,28,40,50,50],"damage_taken":[{"damage":6,"enemies":"Cultist","floor":1,"turns":3},{"damage":14,"enemies":"Small Slimes","floor":4,"turns":4},{"damage":31,"enemies":"Gremlin Nob","floor":7,"turns":5},{"damage":0,"enemies":"2 Louse","floor":10,"turns":2},{"damage":26,"enemies":"Lagavulin","floor":11,"turns":6},{"damage":11,"enemies":"Looter","floor":13,"turns":2},{"damage":20,"enemies":"Exordium Thugs","floor":14,"turns":6},{"damage":1,"enemies":"Slime Boss","floor":16,"turns":8},{"damage":47,"enemies":"3 Byrds","floor":18,"turns":5},{"damage":14,"enemies":"Chosen","floor":19,"turns":4},{"damage":37,"enemies":"Book of Stabbing","floor":24,"turns":5},{"damage":23,"enemies":"Centurion and Healer","floor":25,"turns":3},{"damage":12,"enemies":"Cultist and Chosen","floor":28,"turns":3},{"damage":20,"enemies":"3 Cultists","floor":31,"turns":4},{"damage":44,"enemies":"Champ","floor":33,"turns":9},{"damage":26,"enemies":"3 Darklings","floor":35,"turns":6},{"damage":21,"enemies":"Orb Walker","floor":38,"turns":3},{"damage":42,"enemies":"Giant Head","floor":40,"turns":7},{"damage":38,"enemies":"2 Orb Walkers","floor":42,"turns":5},{"damage":16,"enemies":"Giant Head","floor":44,"turns":7},{"damage":11,"enemies":"Maw","floor":45,"turns":6},{"damage":31,"enemies":"Reptomancer","floor":48,"turns":4},{"damage":74,"enemies":"Donu and Deca","floor":50,"turns":7}],"seed_played":"3586540853267858364","potions_obtained":[{"floor":4,"key":"SkillPotion"},{"floor":11,"key":"GamblersBrew"},{"floor":14,"key":"FearPotion"},{"floor":16,"key":"BloodPotion"},{"floor":18,"key":"Block Potion"},{"floor":25,"key":"Swift Potion"},{"floor":33,"key":"AttackPotion"},{"floor":42,"key":"Strength Potion"},{"floor":45,"key":"Dexterity Potion"},{"floor":48,"key":"SpeedPotion"}],"is_trial":false,"path_per_floor":["M","?","?","M","$","R","E","?","T","M","E","?","M","M","R","B",null,"M","M","?","$","?","R","E","M","T","?","M","R","$","M","R","B",null,"M","?","$","M","?","E","R","E","T","E","M","R","$","M","R","B"],"character_chosen":"IRONCLAD","items_purchased":["Rupture","Unceasing Top"],"campfire_rested":6,"item_purchase_floors":[5,21],"current_hp_per_floor":[80,80,80,72,72,72,47,40,40,46,26,26,21,7,31,36,80,39,31,15,15,15,51,20,11,11,11,7,43,43,31,70,34,80,60,60,60,50,50,25,40,20,20,32,39,89,89,70,108,49],"gold":126,"neow_bonus":"THREE_RARE_CARDS","is_prod":false,"is_daily":false,"chose_seed":false,"campfire_upgraded":2,"win_rate":0,"timestamp":1538301488,"path_taken":["M","?","?","?","$","R","E","?","T","?","E","?","M","?","R","BOSS","M","M","?","$","?","R","E","M","T","?","M","R","?","M","R","BOSS","M","?","$","M","?","E","R","E","T","E","M","R","$","M","R","BOSS"],"build_version":"2018-09-27","purchased_purges":2,"victory":true,"max_hp_per_floor":[80,80,80,80,80,80,80,80,80,80,80,80,80,80,80,80,80,80,80,80,80,80,80,80,80,80,80,80,80,80,80,80,80,80,80,80,80,83,83,86,86,90,90,104,108,108,108,108,108,112],"card_choices":[{"not_picked":["Barricade","Feed"],"picked":"Demon Form","floor":0},{"not_picked":["True Grit","Uppercut"],"picked":"Blood for Blood","floor":1},{"not_picked":["Havoc","Searing Blow"],"picked":"Anger","floor":4},{"not_picked":["Heavy Blade","Perfected Strike"],"picked":"Spot Weakness","floor":7},{"not_picked":["Sentinel","Uppercut"],"picked":"Pommel Strike","floor":10},{"not_picked":["Flame Barrier","Intimidate"],"picked":"Cleave","floor":11},{"not_picked":["Havoc","Warcry"],"picked":"Disarm","floor":13},{"not_picked":["Metallicize","Fiend Fire"],"picked":"Twin Strike","floor":14},{"not_picked":["Immolate","Dark Embrace"],"picked":"Brutality","floor":16},{"not_picked":["Second Wind+1","Warcry"],"picked":"Flex+1","floor":18},{"not_picked":["Whirlwind+1","Twin Strike"],"picked":"Flex+1","floor":19},{"not_picked":["Power Through","Ghostly Armor"],"picked":"Impervious","floor":24},{"not_picked":["Warcry","Sword Boomerang"],"picked":"Twin Strike","floor":25},{"not_picked":["Ghostly Armor+1","Dual Wield"],"picked":"Twin Strike+1","floor":28},{"not_picked":["Flex","Power Through"],"picked":"Intimidate+1","floor":31},{"not_picked":["Impervious","Fiend Fire"],"picked":"Feed","floor":33},{"not_picked":["Havoc+1","Perfected Strike"],"picked":"Spot Weakness+1","floor":35},{"not_picked":["Armaments","Shrug It Off"],"picked":"Rampage+1","floor":38},{"not_picked":["Burning Pact","Cleave"],"picked":"Iron Wave+1","floor":40},{"not_picked":["Clash","Reckless Charge+1"],"picked":"Second Wind","floor":42},{"not_picked":["Twin Strike+1","Corruption+1"],"picked":"Sentinel+1","floor":44},{"not_picked":["Headbutt+1","Burning Pact+1"],"picked":"True Grit+1","floor":45},{"not_picked":["Clash","Entrench+1"],"picked":"Sword Boomerang+1","floor":48}],"player_experience":201990,"relics_obtained":[{"floor":7,"key":"Ginger"},{"floor":9,"key":"Vajra"},{"floor":11,"key":"Incense Burner"},{"floor":20,"key":"Necronomicon"},{"floor":24,"key":"Darkstone Periapt"},{"floor":26,"key":"Blood Vial"},{"floor":40,"key":"Orichalcum"},{"floor":42,"key":"Toxic Egg 2"},{"floor":43,"key":"Charon\u0027s Ashes"},{"floor":44,"key":"Pear"}],"event_choices":[{"event_name":"The Cleric","player_choice":"Leave","floor":2,"damage_taken":0},{"event_name":"Liars Game","player_choice":"agreed","floor":3,"damage_taken":0},{"event_name":"Golden Wing","player_choice":"Card Removal","floor":8,"damage_taken":0},{"event_name":"Transmorgrifier","player_choice":"Transform","floor":12,"damage_taken":0},{"event_name":"Cursed Tome","player_choice":"Obtained Book","floor":20,"damage_taken":0},{"event_name":"FaceTrader","player_choice":"Trade","floor":22,"damage_taken":0},{"event_name":"Designer","player_choice":"Full Service","floor":27,"damage_taken":0},{"event_name":"Falling","player_choice":"Removed Skill","floor":36,"damage_taken":0},{"event_name":"WeMeetAgain","player_choice":"Gold","floor":39,"damage_taken":0}],"is_beta":false,"boss_relics":[{"not_picked":["Empty Cage","Black Star"],"picked":"Eternal Feather"},{"not_picked":["Pandora\u0027s Box","Snecko Eye"],"picked":"Runic Pyramid"}],"items_purged_floors":[5,37],"is_endless":false,"potions_floor_spawned":[4,11,14,16,18,25,33,42,45,48],"ascension_level":2}