{"gold_per_floor":[109,125,105,122,137,137,137,172,172,172,59,59,78,78,78,78],"floor_reached":16,"playtime":464,"items_purged":["Strike_B"],"score":125,"play_id":"7da52ed2-87d3-445e-bb62-c17966deb92c","local_time":"20180916131000","is_ascension_mode":true,"campfire_choices":[{"data":"Fission","floor":6,"key":"SMITH"},{"data":"White Noise","floor":10,"key":"SMITH"},{"data":"Streamline","floor":12,"key":"SMITH"},{"floor":15,"key":"REST"}],"neow_cost":"NONE","seed_source_timestamp":154737841013333,"circlet_count":0,"master_deck":["Strike_B","Strike_B","Strike_B","Defend_B","Defend_B","Defend_B","Defend_B","Zap","Dualcast","Fission+1","Hologram","White Noise+1","Streamline+1","Barrage","Core Surge","Darkness","Beam Cell"],"relics":["Cracked Core","Sundial","Meat on the Bone","Bag of Marbles","Ginger"],"potions_floor_usage":[16],"damage_taken":[{"damage":4,"enemies":"2 Louse","floor":1,"turns":2},{"damage":1,"enemies":"Cultist","floor":2,"turns":4},{"damage":3,"enemies":"Jaw Worm","floor":4,"turns":4},{"damage":4,"enemies":"3 Louse","floor":5,"turns":2},{"damage":34,"enemies":"Gremlin Nob","floor":8,"turns":4},{"damage":1,"enemies":"Looter","floor":13,"turns":2},{"damage":52,"enemies":"The Guardian","floor":16,"turns":6}],"seed_played":"8529020560390037098","potions_obtained":[{"floor":1,"key":"Strength Potion"},{"floor":3,"key":"Ancient Potion"},{"floor":5,"key":"Strength Potion"},{"floor":8,"key":"PowerPotion"}],"is_trial":false,"path_per_floor":["M","M","?","M","M","R","T","E","T","R","$","R","M","?","R"],"character_chosen":"DEFECT","items_purchased":["Darkness"],"campfire_rested":1,"item_purchase_floors":[11],"current_hp_per_floor":[71,70,70,67,63,63,63,29,29,29,29,29,40,22,44,0],"gold":78,"neow_bonus":"ONE_RANDOM_RARE_CARD","is_prod":false,"is_daily":false,"chose_seed":false,"campfire_upgraded":3,"win_rate":0,"timestamp":1537117800,"path_taken":["M","M","?","M","?","R","?","E","T","R","$","R","M","?","R","BOSS"],"build_version":"2018-09-06","purchased_purges":1,"victory":false,"max_hp_per_floor":[75,75,75,75,75,75,75,75,75,75,75,75,75,75,75,75],"card_choices":[{"not_picked":["Reprogram","Stack"],"picked":"Hologram","floor":1},{"not_picked":["Undo","Steam"],"picked":"White Noise","floor":2},{"not_picked":["Gash","Recycle"],"picked":"Streamline","floor":4},{"not_picked":["Rebound","Compile Driver"],"picked":"Barrage","floor":5},{"not_picked":["Steam","Chaos"],"picked":"Core Surge","floor":8},{"not_picked":["Gash","Go for the Eyes"],"picked":"Beam Cell","floor":13}],"player_experience":191570,"relics_obtained":[{"floor":7,"key":"Sundial"},{"floor":8,"key":"Meat on the Bone"},{"floor":9,"key":"Bag of Marbles"}],"event_choices":[{"event_name":"The Woman in Blue","player_choice":"Bought 1 Potion","floor":3,"damage_taken":0},{"event_name":"Scrap Ooze","player_choice":"success","floor":14,"damage_taken":18}],"is_beta":false,"boss_relics":[],"items_purged_floors":[11],"is_endless":false,"potions_floor_spawned":[1,5,8],"killed_by":"The Guardian","ascension_level":5}