{"gold_per_floor":[213,173,188,202,218,249,266,301,328,346,36,36,36,51,51,155,205,195,206,12,31,31,31,58,58,58,58,58,91,91,91,91,91],"floor_reached":33,"playtime":1175,"items_purged":[],"score":443,"play_id":"2daa9534-2097-4df3-8043-7582777e6f15","local_time":"20190303213631","is_ascension_mode":true,"campfire_choices":[{"floor":13,"key":"REST"},{"data":"Armaments","floor":15,"key":"SMITH"},{"floor":23,"key":"REST"},{"floor":25,"key":"REST"},{"floor":28,"key":"REST"},{"floor":32,"key":"REST"}],"neow_cost":"NONE","seed_source_timestamp":245035520912987,"circlet_count":0,"master_deck":["AscendersBane","Strike_R","Strike_R","Strike_R","Strike_R","Strike_R","Defend_R","Defend_R","Defend_R","Defend_R+1","Bash","Perfected Strike","Perfected Strike+1","Battle Trance","Metallicize","Flame Barrier","Warcry","Dropkick","Armaments+1","Feed","Wild Strike","Clothesline+1","Whirlwind","Thunderclap","Twin Strike","Shrug It Off+1"],"relics":["Burning Blood","Champion Belt","Happy Flower","Bronze Scales","Turnip","Tiny House","Sling","Dream Catcher","Unceasing Top","Pen Nib","MutagenicStrength"],"potions_floor_usage":[5,6,8,16,24,24,33],"damage_taken":[{"damage":7,"enemies":"Small Slimes","floor":1,"turns":4},{"damage":1,"enemies":"Cultist","floor":3,"turns":3},{"damage":2,"enemies":"Jaw Worm","floor":4,"turns":3},{"damage":22,"enemies":"Lots of Slimes","floor":5,"turns":3},{"damage":25,"enemies":"3 Sentries","floor":6,"turns":6},{"damage":9,"enemies":"Blue Slaver","floor":7,"turns":3},{"damage":18,"enemies":"Lagavulin","floor":8,"turns":6},{"damage":5,"enemies":"Looter","floor":10,"turns":2},{"damage":2,"enemies":"2 Fungi Beasts","floor":14,"turns":3},{"damage":7,"enemies":"Hexaghost","floor":16,"turns":8},{"damage":22,"enemies":"2 Thieves","floor":18,"turns":4},{"damage":0,"enemies":"Chosen","floor":19,"turns":3},{"damage":52,"enemies":"Shelled Parasite and Fungi","floor":21,"turns":8},{"damage":60,"enemies":"Gremlin Leader","floor":24,"turns":8},{"damage":44,"enemies":"Book of Stabbing","floor":29,"turns":5},{"damage":112,"enemies":"Champ","floor":33,"turns":8}],"seed_played":"-8765101121575876608","potions_obtained":[{"floor":2,"key":"FairyPotion"},{"floor":2,"key":"Fire Potion"},{"floor":2,"key":"AttackPotion"},{"floor":6,"key":"SpeedPotion"},{"floor":7,"key":"Poison Potion"},{"floor":8,"key":"SkillPotion"},{"floor":10,"key":"Regen Potion"},{"floor":14,"key":"Weak Potion"},{"floor":17,"key":"BloodPotion"},{"floor":24,"key":"GamblersBrew"},{"floor":29,"key":"Poison Potion"}],"is_trial":false,"path_per_floor":["M","?","M","M","M","E","M","E","T","M","$","?","R","M","R","B",null,"M","M","$","M","?","R","E","R","T","?","R","E","?","?","R","B"],"character_chosen":"IRONCLAD","items_purchased":["Turnip","Sling"],"campfire_rested":5,"item_purchase_floors":[11,20],"current_hp_per_floor":[71,71,76,80,64,45,42,30,30,31,31,31,55,59,59,58,80,68,74,74,28,28,54,8,34,34,34,60,22,22,22,48,0],"gold":91,"neow_bonus":"HUNDRED_GOLD","is_prod":false,"is_daily":false,"chose_seed":false,"campfire_upgraded":1,"win_rate":0,"timestamp":1551666991,"path_taken":["M","?","M","M","?","E","M","E","T","M","$","?","R","?","R","BOSS","M","M","?","M","?","R","E","R","T","?","R","E","?","?","R","BOSS"],"build_version":"2019-01-23","purchased_purges":0,"victory":false,"max_hp_per_floor":[80,80,80,80,80,80,80,80,80,80,80,80,80,80,80,80,85,89,89,89,89,89,89,89,89,89,89,89,89,89,89,89,89],"card_choices":[{"not_picked":["Sword Boomerang","Clothesline"],"picked":"Perfected Strike","floor":1},{"not_picked":["Reckless Charge","Havoc","Heavy Blade"],"picked":"SKIP","floor":3},{"not_picked":["Whirlwind","Reckless Charge"],"picked":"Perfected Strike","floor":4},{"not_picked":["Power Through","True Grit"],"picked":"Battle Trance","floor":5},{"not_picked":["Sever Soul","Fiend Fire"],"picked":"Metallicize","floor":6},{"not_picked":["Heavy Blade","Body Slam"],"picked":"Flame Barrier","floor":7},{"not_picked":["Exhume","Clothesline"],"picked":"Warcry","floor":8},{"not_picked":["Headbutt","Second Wind"],"picked":"Dropkick","floor":10},{"not_picked":["True Grit","Body Slam"],"picked":"Armaments","floor":14},{"not_picked":["Exhume","Dark Embrace"],"picked":"Feed","floor":16},{"not_picked":["True Grit","Warcry"],"picked":"Wild Strike","floor":17},{"not_picked":["Battle Trance+1","Sentinel"],"picked":"Clothesline+1","floor":18},{"not_picked":["Bloodletting","Combust"],"picked":"Whirlwind","floor":19},{"not_picked":["Intimidate","Dark Embrace","Flex"],"picked":"SKIP","floor":21},{"not_picked":["Infernal Blade","Warcry"],"picked":"Thunderclap","floor":24},{"not_picked":["Headbutt","Dual Wield"],"picked":"Twin Strike","floor":29},{"not_picked":["Flex","Juggernaut"],"picked":"Shrug It Off+1","floor":32}],"player_experience":273109,"relics_obtained":[{"floor":6,"key":"Champion Belt"},{"floor":8,"key":"Happy Flower"},{"floor":9,"key":"Bronze Scales"},{"floor":24,"key":"Dream Catcher"},{"floor":26,"key":"Unceasing Top"},{"floor":29,"key":"Pen Nib"}],"event_choices":[{"damage_healed":0,"gold_gain":0,"player_choice":"Bought 3 Potions","damage_taken":0,"max_hp_gain":0,"max_hp_loss":0,"event_name":"The Woman in Blue","floor":2,"gold_loss":0},{"damage_healed":0,"gold_gain":0,"player_choice":"Forge","damage_taken":0,"max_hp_gain":0,"max_hp_loss":0,"event_name":"Accursed Blacksmith","floor":12,"gold_loss":0,"cards_upgraded":["Perfected Strike"]},{"damage_healed":0,"gold_gain":0,"player_choice":"Ignored","damage_taken":0,"max_hp_gain":0,"max_hp_loss":0,"event_name":"Beggar","floor":22,"gold_loss":0},{"damage_healed":0,"gold_gain":0,"player_choice":"Ignored","damage_taken":0,"max_hp_gain":0,"max_hp_loss":0,"event_name":"Vampires","floor":27,"gold_loss":0},{"damage_healed":0,"gold_gain":0,"player_choice":"Ignored","damage_taken":0,"max_hp_gain":0,"max_hp_loss":0,"event_name":"Cursed Tome","floor":30,"gold_loss":0},{"damage_healed":0,"gold_gain":0,"player_choice":"Inject Mutagens","damage_taken":0,"relics_obtained":["MutagenicStrength"],"max_hp_gain":0,"max_hp_loss":0,"event_name":"Drug Dealer","floor":31,"gold_loss":0}],"is_beta":false,"boss_relics":[{"not_picked":["Astrolabe","Orrery"],"picked":"Tiny House"}],"items_purged_floors":[],"is_endless":false,"potions_floor_spawned":[3,6,7,8,10,14,19,24,29],"killed_by":"Champ","ascension_level":10}