{"gold_per_floor":[119,119,119,119,137,170,170,208,233,283,283,208,228,228],"floor_reached":14,"playtime":365,"items_purged":["Strike_R"],"score":218,"play_id":"67bcba5d-1635-4d32-8934-9c560cab39a8","local_time":"20190110205410","is_ascension_mode":true,"campfire_choices":[{"data":"Armaments","floor":7,"key":"SMITH"},{"data":"Carnage","floor":11,"key":"SMITH"}],"neow_cost":"NONE","seed_source_timestamp":149811553341809,"circlet_count":0,"master_deck":["AscendersBane","Strike_R","Strike_R","Strike_R","Strike_R","Defend_R","Defend_R","Defend_R","Defend_R","Bash","Armaments+1","Pummel","Carnage+1"],"relics":["Burning Blood","NeowsBlessing","Golden Idol","Lantern","Ancient Tea Set","Juzu Bracelet","Strawberry"],"potions_floor_usage":[],"damage_taken":[{"damage":0,"enemies":"Jaw Worm","floor":1,"turns":1},{"damage":0,"enemies":"2 Louse","floor":5,"turns":1},{"damage":0,"enemies":"3 Sentries","floor":6,"turns":2},{"damage":55,"enemies":"Lagavulin","floor":8,"turns":10},{"damage":0,"enemies":"Cultist","floor":13,"turns":2},{"damage":42,"enemies":"Lots of Slimes","floor":14,"turns":4}],"seed_played":"4870794522539044440","potions_obtained":[{"floor":1,"key":"Dexterity Potion"},{"floor":8,"key":"SkillPotion"}],"is_trial":false,"path_per_floor":["M","?","?","?","M","E","R","E","T","?","R","$","M","M"],"character_chosen":"IRONCLAD","items_purchased":[],"campfire_rested":0,"item_purchase_floors":[],"current_hp_per_floor":[74,48,30,75,75,75,75,26,33,33,33,33,39,0],"gold":228,"neow_bonus":"THREE_ENEMY_KILL","is_prod":false,"is_daily":false,"chose_seed":false,"campfire_upgraded":2,"win_rate":0,"timestamp":1547171650,"path_taken":["M","?","?","?","M","E","R","E","T","?","R","?","M","M"],"build_version":"2019-01-09","purchased_purges":1,"victory":false,"max_hp_per_floor":[75,75,75,75,75,75,75,75,82,82,82,82,82,82],"card_choices":[{"not_picked":["Hemokinesis","Pommel Strike"],"picked":"Carnage","floor":1},{"not_picked":["Flex","Sword Boomerang"],"picked":"Armaments","floor":5},{"not_picked":["Shrug It Off","Iron Wave"],"picked":"Pummel","floor":6},{"not_picked":["Havoc","Impervious"],"picked":"Carnage","floor":8},{"not_picked":["Warcry","Entrench","Evolve"],"picked":"SKIP","floor":13}],"player_experience":453303,"relics_obtained":[{"floor":6,"key":"Ancient Tea Set"},{"floor":8,"key":"Juzu Bracelet"},{"floor":9,"key":"Strawberry"}],"event_choices":[{"damage_healed":0,"gold_gain":0,"player_choice":"Take Damage","damage_taken":26,"relics_obtained":["Golden Idol"],"max_hp_gain":0,"max_hp_loss":0,"event_name":"Golden Idol","floor":2,"gold_loss":0},{"damage_healed":0,"gold_gain":0,"player_choice":"Success","damage_taken":18,"relics_obtained":["Lantern"],"max_hp_gain":0,"max_hp_loss":0,"event_name":"Scrap Ooze","floor":3,"gold_loss":0},{"cards_removed":["Carnage"],"damage_healed":45,"gold_gain":0,"player_choice":"Offered Uncommon","damage_taken":0,"max_hp_gain":0,"max_hp_loss":0,"event_name":"Bonfire Elementals","floor":4,"gold_loss":0},{"damage_healed":0,"gold_gain":50,"player_choice":"Pray","damage_taken":0,"max_hp_gain":0,"max_hp_loss":0,"event_name":"Golden Shrine","floor":10,"gold_loss":0}],"is_beta":true,"boss_relics":[],"items_purged_floors":[12],"is_endless":false,"potions_floor_spawned":[1,8],"killed_by":"Lots of Slimes","ascension_level":16}