{"gold_per_floor":[111,111,111,36,56,83,95,107,146,169,151,178,190],"floor_reached":13,"playtime":452,"items_purged":["Shame"],"score":170,"play_id":"b342c06c-db17-4b95-8f38-0d375c1ba54e","local_time":"20190216215319","is_ascension_mode":true,"campfire_choices":[{"floor":8,"key":"REST"}],"neow_cost":"NONE","seed_source_timestamp":0,"circlet_count":0,"master_deck":["AscendersBane","Defend_G+1","Defend_G","Defend_G","Defend_G","Defend_G","Strike_G","Strike_G","Strike_G","Strike_G","Strike_G","Survivor","Neutralize","Cloak And Dagger+1","Regret","Backflip","Doppelganger","Regret"],"special_seed":0,"relics":["Cursed Key","Pear","War Paint","MawBank","Bag of Marbles"],"potions_floor_usage":[],"damage_taken":[{"damage":3.0,"enemies":"Cultist","floor":1.0,"turns":5.0},{"damage":1.0,"enemies":"2 Louse","floor":5.0,"turns":4.0},{"damage":36,"enemies":"3 Sentries","floor":6,"turns":14},{"damage":10,"enemies":"Jaw Worm","floor":10,"turns":4},{"damage":9,"enemies":"Exordium Thugs","floor":11,"turns":6},{"damage":14,"enemies":"2 Fungi Beasts","floor":12,"turns":4},{"damage":4,"enemies":"3 Louse","floor":13,"turns":4}],"seed_played":"5817636019333096468","potions_obtained":[{"floor":6,"key":"Strength Potion"},{"floor":10,"key":"GamblersBrew"}],"is_trial":false,"path_per_floor":["M","T","?","$","M","E","$","R","T","M","M","M","M"],"character_chosen":"THE_SILENT","items_purchased":[],"campfire_rested":1,"item_purchase_floors":[],"current_hp_per_floor":[56,66,66,66,65,29,29,51,51,41,32,18,14],"gold":190,"neow_bonus":"BOSS_RELIC","is_prod":false,"is_daily":false,"chose_seed":false,"campfire_upgraded":0,"win_rate":0,"timestamp":1550382799,"path_taken":["M","?","?","$","M","E","?","R","T","M","M","M","?"],"build_version":"2019-01-23","purchased_purges":1,"victory":false,"max_hp_per_floor":[66,76,76,76,76,76,76,76,76,76,76,76,76],"card_choices":[{"not_picked":["Slice","Dagger Spray"],"picked":"Cloak And Dagger","floor":1.0},{"not_picked":["Flechettes","Deadly Poison"],"picked":"Backflip","floor":5.0},{"not_picked":["Flying Knee","Quick Slash"],"picked":"Doppelganger","floor":6},{"not_picked":["Slice","Choke","Acrobatics"],"picked":"SKIP","floor":10},{"not_picked":["Deadly Poison","Expertise","Blade Dance"],"picked":"SKIP","floor":11},{"not_picked":["Bane","Dodge and Roll","Underhanded Strike"],"picked":"SKIP","floor":12}],"player_experience":728851,"relics_obtained":[{"floor":2.0,"key":"Pear"},{"floor":6,"key":"MawBank"},{"floor":9,"key":"Bag of Marbles"}],"event_choices":[{"damage_healed":0.0,"max_hp_gain":0.0,"max_hp_loss":0.0,"gold_gain":0.0,"event_name":"Big Fish","player_choice":"Box","floor":3.0,"gold_loss":0.0,"damage_taken":0.0,"relics_obtained":["War Paint"],"cards_obtained":["Regret"]}],"is_beta":false,"boss_relics":[],"items_purged_floors":[4],"is_endless":false,"potions_floor_spawned":[6,10,11,12],"killed_by":"3 Louse","ascension_level":20}