{"gold_per_floor":[114,189,189,189,207,207,237,237,237,237,264,276,295,310,310,409,409,425,425,425,425,452,452,14,14,64,64,78,78,88,103,103,204,204,220,130,130,30,43,43,77,77,100,111,111,127,2,17,17,17,17,17,17,45,45],"floor_reached":55,"playtime":1834,"items_purged":["Wraith Form v2","Strike_G","Strike_G"],"score":708,"play_id":"4c9f3da8-b308-4dd2-bd19-6b74b2324240","local_time":"20181101132218","is_ascension_mode":false,"campfire_choices":[{"data":"Dagger Spray","floor":6.0,"key":"SMITH"},{"floor":8.0,"key":"RECALL"},{"data":"Neutralize","floor":10.0,"key":"SMITH"},{"data":"Noxious Fumes","floor":15.0,"key":"SMITH"},{"data":"Phantasmal Killer","floor":23.0,"key":"SMITH"},{"data":"Cloak And Dagger","floor":27.0,"key":"SMITH"},{"data":"Footwork","floor":29.0,"key":"SMITH"},{"data":"Cloak And Dagger","floor":32.0,"key":"SMITH"},{"data":"Storm of Steel","floor":40.0,"key":"SMITH"},{"data":"Well Laid Plans","floor":45.0,"key":"SMITH"},{"data":"Acrobatics","floor":49.0,"key":"SMITH"},{"data":"Sucker Punch","floor":52.0,"key":"SMITH"}],"neow_cost":"NONE","seed_source_timestamp":866873144467801,"circlet_count":0,"master_deck":["Defend_G","Defend_G","Defend_G+1","Defend_G","Strike_G","Survivor","Neutralize+1","Dagger Spray+1","Sucker Punch+1","Well Laid Plans+1","Masterful Stab","Noxious Fumes+1","Phantasmal Killer+1","Slice","Footwork+1","Cloak And Dagger+1","Acrobatics+1","Cloak And Dagger+1","Storm of Steel+1","Endless Agony+1","Expertise+1","Concentrate","Prepared+1","Backflip+1","Accuracy+1"],"special_seed":0,"relics":["Ring of the Snake","NeowsBlessing","Orichalcum","Oddly Smooth Stone","WristBlade","Centennial Puzzle","HandDrill","Bag of Preparation","Sozu","Boot","Happy Flower","Anchor"],"potions_floor_usage":[],"damage_taken":[{"damage":0.0,"enemies":"Jaw Worm","floor":1.0,"turns":1.0},{"damage":0.0,"enemies":"Small Slimes","floor":5.0,"turns":1.0},{"damage":0.0,"enemies":"Gremlin Nob","floor":7.0,"turns":1.0},{"damage":28.0,"enemies":"Lagavulin","floor":11.0,"turns":8.0},{"damage":0.0,"enemies":"2 Louse","floor":12.0,"turns":2.0},{"damage":9.0,"enemies":"Large Slime","floor":13.0,"turns":5.0},{"damage":0.0,"enemies":"2 Fungi Beasts","floor":14.0,"turns":2.0},{"damage":9.0,"enemies":"The Guardian","floor":16.0,"turns":10.0},{"damage":1.0,"enemies":"Spheric Guardian","floor":18.0,"turns":3.0},{"damage":0.0,"enemies":"2 Thieves","floor":28.0,"turns":4.0},{"damage":8.0,"enemies":"Shelled Parasite and Fungi","floor":30.0,"turns":3.0},{"damage":8.0,"enemies":"Centurion and Healer","floor":31.0,"turns":3.0},{"damage":3.0,"enemies":"Automaton","floor":33.0,"turns":11.0},{"damage":5.0,"enemies":"3 Darklings","floor":35.0,"turns":5.0},{"damage":0.0,"enemies":"Orb Walker","floor":39.0,"turns":2.0},{"damage":36.0,"enemies":"Nemesis","floor":41.0,"turns":7.0},{"damage":0.0,"enemies":"Spire Growth","floor":44.0,"turns":3.0},{"damage":2.0,"enemies":"Transient","floor":46.0,"turns":5.0},{"damage":0.0,"enemies":"Jaw Worm Horde","floor":48.0,"turns":1.0},{"damage":60.0,"enemies":"Time Eater","floor":50.0,"turns":11.0},{"damage":19,"enemies":"Shield and Spear","floor":54,"turns":6},{"damage":47,"enemies":"The Heart","floor":55,"turns":5}],"seed_played":"-3941256952694704789","potions_obtained":[{"floor":1.0,"key":"SpeedPotion"},{"floor":11.0,"key":"Weak Potion"},{"floor":12.0,"key":"PowerPotion"},{"floor":14.0,"key":"GhostInAJar"},{"floor":16.0,"key":"AttackPotion"},{"floor":30.0,"key":"Block Potion"}],"is_trial":false,"path_per_floor":["M","?","?","?","M","R","E","R","T","R","E","M","M","M","R","B",null,"M","?","?","?","T","R","$","?","T","R","M","R","M","M","R","B",null,"M","?","$","$","M","R","E","E","?","T","M","R","M","$","M","R","B",null,"R","$","E","B"],"character_chosen":"THE_SILENT","items_purchased":["Footwork","HandDrill","GhostInAJar"],"campfire_rested":0,"item_purchase_floors":[24,24,24],"current_hp_per_floor":[70,59,52,52,52,52,52,52,52,52,24,24,15,15,15,6,70,69,56,56,56,56,56,56,56,56,56,56,56,48,40,40,37,75,70,70,70,70,70,70,34,66,66,66,66,64,64,64,64,4,66,66,66,47,0],"gold":45,"neow_bonus":"THREE_ENEMY_KILL","is_prod":false,"is_daily":false,"chose_seed":false,"campfire_upgraded":11,"win_rate":0,"timestamp":1541046138,"path_taken":["M","?","?","?","?","R","E","R","T","R","E","M","M","M","R","BOSS","M","?","?","?","?","R","$","?","T","R","M","R","?","M","R","BOSS","M","?","?","$","M","R","E","?","T","M","R","M","$","M","R","BOSS","R","$","E","BOSS"],"build_version":"2018-10-30","purchased_purges":3,"victory":false,"max_hp_per_floor":[70,70,70,70,70,70,70,70,70,70,70,70,70,70,70,70,70,70,75,75,75,75,75,75,75,75,75,75,75,75,75,75,75,75,75,75,75,75,75,75,75,66,66,66,66,66,66,66,66,66,66,66,66,66,66],"card_choices":[{"not_picked":["Setup","Backflip"],"picked":"Dagger Spray","floor":1.0},{"not_picked":["Setup","Prepared"],"picked":"Sucker Punch","floor":5.0},{"not_picked":["PiercingWail","Reflex","Infinite Blades"],"picked":"SKIP","floor":7.0},{"not_picked":["Concentrate","Quick Slash"],"picked":"Well Laid Plans","floor":11.0},{"not_picked":["Flying Knee","Outmaneuver"],"picked":"Masterful Stab","floor":12.0},{"not_picked":["Underhanded Strike","Bullet Time","Quick Slash"],"picked":"SKIP","floor":13.0},{"not_picked":["Blade Dance","Quick Slash"],"picked":"Noxious Fumes","floor":14.0},{"not_picked":["A Thousand Cuts","Doppelganger"],"picked":"Phantasmal Killer","floor":16.0},{"not_picked":["Quick Slash","Deflect"],"picked":"Slice","floor":18.0},{"not_picked":["Deadly Poison","Slice"],"picked":"Acrobatics","floor":28.0},{"not_picked":["Dagger Throw+1","Flying Knee","Poisoned Stab"],"picked":"SKIP","floor":30.0},{"not_picked":["Acrobatics+1","Deadly Poison"],"picked":"Cloak And Dagger","floor":31.0},{"not_picked":["Wraith Form v2","Malaise"],"picked":"Storm of Steel","floor":33.0},{"not_picked":["Finisher+1","Dodge and Roll+1"],"picked":"Endless Agony+1","floor":35.0},{"not_picked":["Prepared+1","Deflect+1"],"picked":"Expertise+1","floor":39.0},{"not_picked":["Terror","Footwork+1"],"picked":"Concentrate","floor":41.0},{"not_picked":["Outmaneuver","Tactician"],"picked":"Prepared+1","floor":44.0},{"not_picked":["Quick Slash","Heel Hook","Bane"],"picked":"SKIP","floor":46.0},{"not_picked":["Poisoned Stab+1","Heel Hook"],"picked":"Backflip+1","floor":48.0},{"not_picked":["Unload","Underhanded Strike+1"],"picked":"Accuracy+1","floor":54}],"player_experience":548070,"relics_obtained":[{"floor":7.0,"key":"Orichalcum"},{"floor":11.0,"key":"Oddly Smooth Stone"},{"floor":22.0,"key":"Centennial Puzzle"},{"floor":26.0,"key":"Bag of Preparation"},{"floor":41.0,"key":"Boot"},{"floor":43.0,"key":"Happy Flower"},{"floor":54,"key":"Anchor"}],"event_choices":[{"damage_healed":0.0,"max_hp_gain":0.0,"max_hp_loss":0.0,"gold_gain":75.0,"event_name":"World of Goop","player_choice":"Gather Gold","floor":2.0,"gold_loss":0.0,"damage_taken":11.0},{"cards_removed":["Strike_G"],"damage_healed":0.0,"max_hp_gain":0.0,"max_hp_loss":0.0,"gold_gain":0.0,"event_name":"Golden Wing","player_choice":"Card Removal","floor":3.0,"gold_loss":0.0,"damage_taken":7.0},{"damage_healed":0.0,"max_hp_gain":0.0,"max_hp_loss":0.0,"gold_gain":0.0,"event_name":"Liars Game","player_choice":"Ignored","floor":4.0,"gold_loss":0.0,"damage_taken":0.0},{"damage_healed":0.0,"max_hp_gain":5.0,"max_hp_loss":0.0,"gold_gain":0.0,"event_name":"Forgotten Altar","player_choice":"Shed Blood","floor":19.0,"gold_loss":0.0,"damage_taken":18.0},{"damage_healed":0.0,"max_hp_gain":0.0,"max_hp_loss":0.0,"gold_gain":0.0,"cards_transformed":["Strike_G","Defend_G"],"event_name":"Drug Dealer","player_choice":"Became Test Subject","floor":20.0,"gold_loss":0.0,"damage_taken":0.0,"cards_obtained":["Venomology","Wraith Form v2"]},{"damage_healed":0.0,"max_hp_gain":0.0,"max_hp_loss":0.0,"gold_gain":0.0,"event_name":"Ghosts","player_choice":"Ignored","floor":21.0,"gold_loss":0.0,"damage_taken":0.0},{"damage_healed":0.0,"max_hp_gain":0.0,"max_hp_loss":0.0,"gold_gain":0.0,"event_name":"The Library","player_choice":"Read","floor":25.0,"gold_loss":0.0,"damage_taken":0.0,"cards_obtained":["Cloak And Dagger"]},{"cards_removed":["Venomology"],"damage_healed":0.0,"max_hp_gain":0.0,"max_hp_loss":0.0,"gold_gain":0.0,"event_name":"Designer","player_choice":"Upgrade and Remove","floor":36.0,"gold_loss":90.0,"damage_taken":0.0,"cards_upgraded":["Defend_G"]},{"damage_healed":66.0,"max_hp_gain":0.0,"max_hp_loss":9.0,"gold_gain":0.0,"event_name":"The Moai Head","player_choice":"Heal","floor":42.0,"gold_loss":0.0,"damage_taken":0.0}],"is_beta":true,"boss_relics":[{"not_picked":["Fusion Hammer","Tiny House"],"picked":"WristBlade"},{"not_picked":["Ring of the Serpent","White Beast Statue"],"picked":"Sozu"}],"items_purged_floors":[24,38,47],"is_endless":false,"potions_floor_spawned":[1,11,12,14,16,28,30,35,39,46,54],"killed_by":"The Heart","ascension_level":0}