{"gold_per_floor":[111,111,111,128,128,163,163,178,178,192,192,203,154,174,174,273,273,291,220,235,255,255,255,271,370,370,370,383,383,396,410,410,410],"floor_reached":33,"playtime":1868,"items_purged":[],"score":276,"play_id":"b3363af6-fae4-4b24-9b46-ea6c56d1e527","local_time":"20190102053856","is_ascension_mode":false,"campfire_choices":[{"data":"Body Slam","floor":11.0,"key":"SMITH"},{"data":"Armaments","floor":15.0,"key":"SMITH"},{"data":"Corruption","floor":23,"key":"SMITH"},{"data":"Entrench","floor":27,"key":"SMITH"},{"floor":32,"key":"REST"}],"neow_cost":"NONE","seed_source_timestamp":670775922919187,"circlet_count":0,"master_deck":["Strike_R","Strike_R","Strike_R","Defend_R","Defend_R","Defend_R","Defend_R","Bash","Body Slam+1","Ghostly Armor","Power Through","Headbutt","Armaments+1","Thunderclap","Dark Embrace","Whirlwind","Corruption+1","Entrench+1","Reaper"],"special_seed":0,"relics":["Burning Blood","NeowsBlessing","Thread and Needle","Juzu Bracelet","Kunai","Champion Belt","White Beast Statue","MutagenicStrength","Letter Opener"],"potions_floor_usage":[24,24,30,30,30,31,33],"damage_taken":[{"damage":0.0,"enemies":"Jaw Worm","floor":1.0,"turns":1.0},{"damage":0.0,"enemies":"Small Slimes","floor":4.0,"turns":2.0},{"damage":0.0,"enemies":"Lagavulin","floor":6.0,"turns":1.0},{"damage":5.0,"enemies":"Cultist","floor":8.0,"turns":4.0},{"damage":0.0,"enemies":"Blue Slaver","floor":10.0,"turns":6.0},{"damage":0.0,"enemies":"Exordium Wildlife","floor":12.0,"turns":9.0},{"damage":4.0,"enemies":"Exordium Thugs","floor":14.0,"turns":6.0},{"damage":44.0,"enemies":"The Guardian","floor":16.0,"turns":14.0},{"damage":6.0,"enemies":"Chosen","floor":18.0,"turns":9.0},{"damage":4,"enemies":"Shell Parasite","floor":20,"turns":9},{"damage":20,"enemies":"Snake Plant","floor":21,"turns":8},{"damage":0,"enemies":"Chosen and Byrds","floor":24,"turns":7},{"damage":40,"enemies":"Sentry and Sphere","floor":28,"turns":10},{"damage":9,"enemies":"3 Cultists","floor":30,"turns":9},{"damage":54,"enemies":"Cultist and Chosen","floor":31,"turns":10},{"damage":76,"enemies":"Collector","floor":33,"turns":5}],"seed_played":"2122907430393904219","potions_obtained":[{"floor":4.0,"key":"Weak Potion"},{"floor":10.0,"key":"Ancient Potion"},{"floor":14.0,"key":"SkillPotion"},{"floor":18.0,"key":"FearPotion"},{"floor":20,"key":"FearPotion"},{"floor":24,"key":"Energy Potion"},{"floor":28,"key":"BloodPotion"},{"floor":30,"key":"SteroidPotion"},{"floor":31,"key":"SkillPotion"}],"is_trial":false,"path_per_floor":["M","?","?","M","?","E","?","M","T","M","R","M","$","M","R","B",null,"M","$","M","M","?","R","M","?","T","R","M","$","M","M","R","B"],"character_chosen":"IRONCLAD","items_purchased":["Armaments","Corruption"],"campfire_rested":1,"item_purchase_floors":[13,19],"current_hp_per_floor":[80,73,73,79,61,67,67,68,68,74,74,80,80,80,80,42,80,80,80,80,66,66,66,72,72,72,72,38,38,43,19,43,0],"gold":410,"neow_bonus":"THREE_ENEMY_KILL","is_prod":false,"is_daily":false,"chose_seed":false,"campfire_upgraded":4,"win_rate":0,"timestamp":1546425536,"path_taken":["M","?","?","M","?","E","?","M","T","M","R","M","$","M","R","BOSS","M","$","M","M","?","R","M","?","T","R","M","$","M","M","R","BOSS"],"build_version":"2018-12-20","purchased_purges":0,"victory":false,"max_hp_per_floor":[80,80,80,80,80,80,80,80,80,80,80,80,80,80,80,80,80,80,80,80,80,80,80,80,80,80,80,80,80,80,80,80,80],"card_choices":[{"not_picked":["Battle Trance","Headbutt"],"picked":"Body Slam","floor":1.0},{"not_picked":["Reckless Charge","Sword Boomerang","Rampage"],"picked":"SKIP","floor":4.0},{"not_picked":["Evolve","Clash"],"picked":"Ghostly Armor","floor":6.0},{"not_picked":["Havoc","Thunderclap","Twin Strike"],"picked":"SKIP","floor":8.0},{"not_picked":["Sentinel","Heavy Blade"],"picked":"Power Through","floor":10.0},{"not_picked":["Demon Form","Iron Wave"],"picked":"Headbutt","floor":12.0},{"not_picked":["Metallicize","Pommel Strike"],"picked":"Thunderclap","floor":14.0},{"not_picked":["Brutality","Reaper"],"picked":"Dark Embrace","floor":16.0},{"not_picked":["Disarm","True Grit+1"],"picked":"Whirlwind","floor":18.0},{"not_picked":["Clash","Flex","Rupture"],"picked":"SKIP","floor":20},{"not_picked":["Warcry+1","Armaments","Cleave"],"picked":"SKIP","floor":21},{"not_picked":["Thunderclap","Dropkick"],"picked":"Entrench","floor":24},{"not_picked":["Pommel Strike","Seeing Red","Wild Strike"],"picked":"SKIP","floor":28},{"not_picked":["Armaments+1","Searing Blow"],"picked":"Reaper","floor":30},{"not_picked":["Iron Wave+1","Evolve","Havoc+1"],"picked":"SKIP","floor":31}],"player_experience":401726,"relics_obtained":[{"floor":6.0,"key":"Juzu Bracelet"},{"floor":9.0,"key":"Champion Belt"},{"floor":26,"key":"Letter Opener"}],"event_choices":[{"cards_removed":["Strike_R"],"damage_healed":0.0,"max_hp_gain":0.0,"max_hp_loss":0.0,"gold_gain":0.0,"event_name":"Golden Wing","player_choice":"Card Removal","floor":2.0,"gold_loss":0.0,"damage_taken":7.0},{"cards_removed":["Strike_R"],"damage_healed":0.0,"max_hp_gain":0.0,"max_hp_loss":0.0,"gold_gain":0.0,"event_name":"Living Wall","player_choice":"Forget","floor":3.0,"gold_loss":0.0,"damage_taken":0.0},{"damage_healed":0.0,"max_hp_gain":0.0,"max_hp_loss":0.0,"gold_gain":0.0,"event_name":"Scrap Ooze","player_choice":"Success","floor":5.0,"gold_loss":0.0,"damage_taken":18.0,"relics_obtained":["Thread and Needle"]},{"damage_healed":0.0,"max_hp_gain":0.0,"max_hp_loss":0.0,"gold_gain":0.0,"event_name":"WeMeetAgain","player_choice":"Gave Potion","floor":7.0,"gold_loss":0.0,"damage_taken":0.0,"relics_obtained":["Kunai"]},{"damage_healed":0,"gold_gain":0,"player_choice":"Inject Mutagens","damage_taken":0,"relics_obtained":["MutagenicStrength"],"max_hp_gain":0,"max_hp_loss":0,"event_name":"Drug Dealer","floor":22,"gold_loss":0},{"damage_healed":0,"gold_gain":99,"player_choice":"Stole From Cult","damage_taken":0,"max_hp_gain":0,"max_hp_loss":0,"event_name":"Nest","floor":25,"gold_loss":0}],"is_beta":false,"boss_relics":[{"not_picked":["Busted Crown","Calling Bell"],"picked":"White Beast Statue"}],"items_purged_floors":[],"is_endless":false,"potions_floor_spawned":[4,10,14,18,20,21,24,28,30,31],"killed_by":"Collector","ascension_level":0}