{"gold_per_floor":[116,116,116,41,61,78,93,112,112,144,144,163,163,181,181,255,255,272,272,272,3,20,20,33,33,60,60,86,86,98,118,118,189,189,200,212,212,212,112,112,112,132,132,132,164,176],"floor_reached":46,"playtime":3773,"items_purged":["Strike_B","Strike_B"],"score":774,"play_id":"843e6754-b41e-47cf-b2b1-5ea24bb86453","local_time":"20180728174148","is_ascension_mode":true,"campfire_choices":[{"data":"Darkness","floor":11,"key":"SMITH"},{"floor":13,"key":"DIG"},{"data":"Dualcast","floor":15,"key":"SMITH"},{"data":"Multi-Cast","floor":23,"key":"SMITH"},{"data":"Capacitor","floor":25,"key":"SMITH"},{"floor":27,"key":"DIG"},{"floor":29,"key":"DIG"},{"floor":32,"key":"REST"},{"floor":40,"key":"DIG"},{"floor":44,"key":"DIG"}],"neow_cost":"NONE","seed_source_timestamp":360086636793808,"circlet_count":0,"master_deck":["Strike_B","Strike_B","Defend_B","Defend_B","Defend_B","Defend_B","Zap","Dualcast+1","AscendersBane","Seek+1","Conserve Battery","FTL+1","Cold Snap","Go for the Eyes+1","Darkness+1","Glacier","Steam","Multi-Cast+1","Capacitor+1","Go for the Eyes+1","Barrage+1","Compile Driver","Glacier","Seek","Capacitor+1"],"relics":["FrozenCore","Art of War","Bottled Lightning","Shovel","Whetstone","TheAbacus","Omamori","Pen Nib","Symbiotic Virus","Blue Candle","Eternal Feather","Frozen Egg 2","Dead Branch","MawBank"],"potions_floor_usage":[24,28,28,46,46],"damage_taken":[{"damage":5,"enemies":"Small Slimes","floor":1,"turns":4},{"damage":0,"enemies":"Cultist","floor":5,"turns":3},{"damage":2,"enemies":"Jaw Worm","floor":6,"turns":3},{"damage":0,"enemies":"Large Slime","floor":7,"turns":7},{"damage":0,"enemies":"Red Slaver","floor":8,"turns":3},{"damage":12,"enemies":"3 Sentries","floor":10,"turns":7},{"damage":8,"enemies":"Lots of Slimes","floor":12,"turns":4},{"damage":0,"enemies":"Exordium Wildlife","floor":14,"turns":3},{"damage":8,"enemies":"The Guardian","floor":16,"turns":11},{"damage":10,"enemies":"2 Thieves","floor":18,"turns":4},{"damage":0,"enemies":"Chosen","floor":22,"turns":5},{"damage":2,"enemies":"3 Cultists","floor":24,"turns":7},{"damage":26,"enemies":"Gremlin Leader","floor":28,"turns":8},{"damage":14,"enemies":"Snake Plant","floor":30,"turns":4},{"damage":0,"enemies":"Chosen and Byrds","floor":31,"turns":8},{"damage":4,"enemies":"Champ","floor":33,"turns":13},{"damage":29,"enemies":"Flame Bruiser 1 Orb","floor":35,"turns":10},{"damage":6,"enemies":"3 Shapes","floor":36,"turns":6},{"damage":10,"enemies":"Spire Growth","floor":42,"turns":5},{"damage":7,"enemies":"Maw","floor":45,"turns":7},{"damage":54,"enemies":"4 Shapes","floor":46,"turns":3}],"seed_played":"-8347300899698149148","potions_obtained":[{"floor":1,"key":"SkillPotion"},{"floor":5,"key":"Block Potion"},{"floor":18,"key":"Fire Potion"},{"floor":24,"key":"Fire Potion"},{"floor":35,"key":"Explosive Potion"},{"floor":36,"key":"Weak Potion"},{"floor":42,"key":"Block Potion"}],"is_trial":false,"path_per_floor":["M","?","?","$","M","M","M","M","T","E","R","M","R","M","R","B",null,"M","?","?","$","M","R","M","R","T","R","E","R","M","M","R","B",null,"M","M","?","?","$","R","$","M","T","R","M"],"character_chosen":"DEFECT","items_purchased":["Capacitor","TheAbacus"],"campfire_rested":1,"item_purchase_floors":[21,21],"current_hp_per_floor":[59,59,59,59,59,57,57,57,57,45,45,37,37,37,37,29,61,51,51,51,51,51,51,49,49,49,49,23,23,9,9,30,26,60,31,25,25,58,58,58,58,48,48,58,51,0],"gold":176,"neow_bonus":"ONE_RANDOM_RARE_CARD","is_prod":false,"is_daily":false,"chose_seed":false,"campfire_upgraded":4,"win_rate":0,"timestamp":1532767308,"path_taken":["M","?","?","$","M","M","M","M","T","E","R","M","R","?","R","BOSS","M","?","?","$","?","R","M","R","T","R","E","R","M","?","R","BOSS","M","M","?","?","?","R","$","M","T","R","M","?"],"build_version":"2018-07-26","purchased_purges":2,"victory":false,"max_hp_per_floor":[71,71,71,71,71,71,71,71,71,71,71,71,71,71,71,71,71,71,71,71,71,71,71,71,71,71,71,71,71,71,71,71,71,71,71,71,71,58,58,58,58,58,58,58,58,58],"card_choices":[{"not_picked":["Static Discharge","Heatsinks"],"picked":"Conserve Battery","floor":1},{"not_picked":["Hello World","Hologram"],"picked":"FTL","floor":5},{"not_picked":["Undo","Compile Driver"],"picked":"Cold Snap","floor":6},{"not_picked":["Steam Power","Loop"],"picked":"Go for the Eyes","floor":7},{"not_picked":["Beam Cell","Lockon"],"picked":"Darkness","floor":8},{"not_picked":["Barrage","Gash"],"picked":"Glacier","floor":10},{"not_picked":["Hyperbeam","FTL"],"picked":"Steam","floor":12},{"not_picked":["Gash","Barrage","Turbo"],"picked":"SKIP","floor":14},{"not_picked":["Meteor Strike","Electrodynamics"],"picked":"Multi-Cast","floor":16},{"not_picked":["Cold Snap","Beam Cell","Conserve Battery"],"picked":"SKIP","floor":18},{"not_picked":["Cold Snap","Loop"],"picked":"Go for the Eyes+1","floor":22},{"not_picked":["Coolheaded","Ball Lightning"],"picked":"Barrage+1","floor":24},{"not_picked":["Steam Power","BootSequence"],"picked":"Compile Driver","floor":28},{"not_picked":["Gash","Barrage","Storm"],"picked":"SKIP","floor":30},{"not_picked":["Go for the Eyes","Rebound"],"picked":"Glacier","floor":31},{"not_picked":["Amplify","Thunder Strike"],"picked":"Seek","floor":33},{"not_picked":["Redo","Go for the Eyes+1","Compile Driver+1"],"picked":"SKIP","floor":35},{"not_picked":["Go for the Eyes+1","Cold Snap","Rip and Tear"],"picked":"SKIP","floor":36},{"not_picked":["Turbo","Redo","Leap"],"picked":"SKIP","floor":42},{"not_picked":["Coolheaded","Go for the Eyes"],"picked":"Capacitor+1","floor":45}],"player_experience":562041,"relics_obtained":[{"floor":9,"key":"Bottled Lightning"},{"floor":10,"key":"Shovel"},{"floor":13,"key":"Whetstone"},{"floor":26,"key":"Omamori"},{"floor":27,"key":"Pen Nib"},{"floor":28,"key":"Symbiotic Virus"},{"floor":29,"key":"Blue Candle"},{"floor":40,"key":"Frozen Egg 2"},{"floor":43,"key":"Dead Branch"},{"floor":44,"key":"MawBank"}],"event_choices":[{"event_name":"Accursed Blacksmith","player_choice":"Forge","floor":2,"damage_taken":0},{"event_name":"WeMeetAgain","player_choice":"Potion","floor":3,"damage_taken":0},{"event_name":"Ghosts","player_choice":"Ignored","floor":19,"damage_taken":0},{"event_name":"The Lab","player_choice":"Got Potions","floor":20,"damage_taken":0},{"event_name":"Tomb of Lord Red Mask","player_choice":"Ignored","floor":37,"damage_taken":0},{"event_name":"The Moai Head","player_choice":"Heal","floor":38,"damage_taken":0}],"is_beta":false,"boss_relics":[{"not_picked":["Calling Bell","Fusion Hammer"],"picked":"FrozenCore"},{"not_picked":["Pandora\u0027s Box","Cursed Key"],"picked":"Eternal Feather"}],"items_purged_floors":[4,39],"is_endless":false,"potions_floor_spawned":[1,5,8,16,18,22,24,35,36,42],"killed_by":"4 Shapes","ascension_level":15}