{"gold_per_floor":[141,154,164,11,31,60,77,104,129,129,200,200,200,213,213,310,310,324,344,52,69,84,84,116,116,166,194,194,211,211,230,230,334,334,347,364,364,381,381,381,401,401,401,29,54,74,74,128,128,128],"floor_reached":51,"playtime":2572,"items_purged":[],"score":893,"play_id":"c6c2cd9f-80af-4c1b-8dc9-d579a7bd59b3","local_time":"20190308092655","is_ascension_mode":true,"campfire_choices":[{"data":"Defragment","floor":10,"key":"SMITH"},{"data":"Ball Lightning","floor":12,"key":"SMITH"},{"data":"Buffer","floor":15,"key":"SMITH"},{"data":"Defragment","floor":23,"key":"SMITH"},{"data":"Seek","floor":25,"key":"SMITH"},{"data":"Glacier","floor":28,"key":"SMITH"},{"data":"Loop","floor":32,"key":"SMITH"},{"data":"Buffer","floor":40,"key":"SMITH"},{"data":"Dualcast","floor":42,"key":"SMITH"},{"data":"Capacitor","floor":47,"key":"SMITH"},{"floor":49,"key":"REST"}],"neow_cost":"NONE","seed_source_timestamp":63494794103159,"circlet_count":0,"master_deck":["Strike_B","Strike_B","Strike_B","Strike_B","Defend_B","Defend_B","Defend_B+1","Zap+1","Dualcast+1","Ball Lightning+1","Buffer+1","Defragment+1","Glacier+1","Cold Snap","Cold Snap+1","Seek+1","Self Repair","Defragment+1","Ball Lightning+1","Loop+1","Buffer+1","Blizzard+1","Capacitor+1","Seek"],"relics":["FrozenCore","Tiny Chest","Meat on the Bone","Bottled Flame","Ancient Tea Set","Molten Egg 2","Emotion Chip","Art of War","Bag of Marbles","Oddly Smooth Stone","Busted Crown","Question Card","Lantern","Dream Catcher","Omamori"],"potions_floor_usage":[5,6,8,24,29,29,35,50,50,50],"damage_taken":[{"damage":1,"enemies":"Cultist","floor":1,"turns":3},{"damage":0,"enemies":"Small Slimes","floor":2,"turns":2},{"damage":0,"enemies":"2 Louse","floor":3,"turns":2},{"damage":24,"enemies":"Exordium Thugs","floor":5,"turns":9},{"damage":0,"enemies":"Lagavulin","floor":6,"turns":7},{"damage":0,"enemies":"Looter","floor":7,"turns":3},{"damage":22,"enemies":"Gremlin Nob","floor":8,"turns":4},{"damage":0,"enemies":"Exordium Wildlife","floor":14,"turns":3},{"damage":8,"enemies":"Slime Boss","floor":16,"turns":8},{"damage":0,"enemies":"Shell Parasite","floor":18,"turns":8},{"damage":0,"enemies":"Spheric Guardian","floor":19,"turns":7},{"damage":5,"enemies":"Snake Plant","floor":21,"turns":7},{"damage":0,"enemies":"Centurion and Healer","floor":22,"turns":13},{"damage":22,"enemies":"Slavers","floor":24,"turns":7},{"damage":26,"enemies":"Gremlin Leader","floor":27,"turns":9},{"damage":0,"enemies":"3 Cultists","floor":29,"turns":5},{"damage":0,"enemies":"Snecko","floor":31,"turns":7},{"damage":1,"enemies":"Champ","floor":33,"turns":12},{"damage":15,"enemies":"3 Darklings","floor":35,"turns":5},{"damage":0,"enemies":"3 Shapes","floor":36,"turns":5},{"damage":12,"enemies":"3 Darklings","floor":38,"turns":6},{"damage":0,"enemies":"Spire Growth","floor":41,"turns":8},{"damage":20,"enemies":"4 Shapes","floor":46,"turns":6},{"damage":41,"enemies":"Awakened One","floor":50,"turns":16}],"seed_played":"-8695170972473338426","potions_obtained":[{"floor":2,"key":"Dexterity Potion"},{"floor":5,"key":"Strength Potion"},{"floor":6,"key":"SteroidPotion"},{"floor":14,"key":"Weak Potion"},{"floor":19,"key":"Dexterity Potion"},{"floor":21,"key":"Swift Potion"},{"floor":27,"key":"Fire Potion"},{"floor":29,"key":"Regen Potion"},{"floor":33,"key":"SteroidPotion"},{"floor":35,"key":"Ancient Potion"}],"is_trial":false,"path_per_floor":["M","M","M","$","M","E","M","E","T","R","T","R","?","M","R","B",null,"M","M","$","M","M","R","E","R","T","E","R","M","?","M","R","B",null,"M","M","?","M","?","R","M","R","T","$","T","M","R","T","R","B",null],"character_chosen":"DEFECT","items_purchased":["Defragment","Glacier","Emotion Chip","Capacitor","Seek","Lantern"],"campfire_rested":1,"item_purchase_floors":[4,4,20,44,44,44],"current_hp_per_floor":[74,74,74,74,50,50,50,40,40,40,40,40,25,37,37,41,67,67,74,74,75,75,75,60,60,60,53,53,53,75,75,75,75,75,67,74,74,69,69,69,75,75,75,75,75,62,62,62,75,49],"gold":128,"neow_bonus":"RANDOM_COMMON_RELIC","is_prod":false,"is_daily":false,"chose_seed":false,"campfire_upgraded":10,"win_rate":0,"timestamp":1552058815,"path_taken":["M","M","M","$","M","E","M","E","T","R","?","R","?","M","R","BOSS","M","M","$","M","M","R","E","R","T","E","R","M","?","M","R","BOSS","M","M","?","M","?","R","M","R","T","$","?","M","R","?","R","BOSS"],"build_version":"2019-01-23","purchased_purges":0,"victory":true,"max_hp_per_floor":[75,75,75,75,75,75,75,75,75,75,75,75,75,75,75,75,75,75,75,75,75,75,75,75,75,75,75,75,75,75,75,75,75,75,75,75,75,75,75,75,75,75,75,75,75,75,75,75,75,75],"card_choices":[{"not_picked":["Steam","Stack"],"picked":"Ball Lightning","floor":1},{"not_picked":["Streamline","BootSequence","Stack"],"picked":"SKIP","floor":2},{"not_picked":["Compile Driver","Coolheaded"],"picked":"Buffer","floor":3},{"not_picked":["Turbo","Steam"],"picked":"Cold Snap","floor":5},{"not_picked":["BootSequence","Compile Driver","Stack"],"picked":"SKIP","floor":6},{"not_picked":["Streamline","Conserve Battery","Auto Shields"],"picked":"SKIP","floor":7},{"not_picked":["Lockon","Redo","Streamline"],"picked":"SKIP","floor":8},{"not_picked":["Stack","Rebound+1"],"picked":"Cold Snap+1","floor":14},{"not_picked":["Multi-Cast","Hyperbeam+1"],"picked":"Seek","floor":16},{"not_picked":["Auto Shields+1","Conserve Battery+1"],"picked":"Self Repair","floor":18},{"not_picked":["Chaos+1","Beam Cell+1","Undo"],"picked":"SKIP","floor":19},{"not_picked":["Conserve Battery","Hologram"],"picked":"Defragment","floor":21},{"not_picked":["Reprogram+1","Rebound+1"],"picked":"Ball Lightning+1","floor":22},{"not_picked":["Blizzard+1","Conserve Battery+1","Auto Shields"],"picked":"SKIP","floor":24},{"not_picked":["Steam","Rip and Tear+1","Redo+1"],"picked":"SKIP","floor":27},{"not_picked":["Reprogram","Undo"],"picked":"Loop","floor":29},{"not_picked":["Scrape+1","Conserve Battery","Redo"],"picked":"SKIP","floor":31},{"not_picked":["Fission","Multi-Cast"],"picked":"Buffer","floor":33},{"not_picked":["Gash+1"],"picked":"SKIP","floor":35},{"not_picked":[],"picked":"Blizzard+1","floor":36},{"not_picked":["Streamline+1"],"picked":"SKIP","floor":38},{"not_picked":["Coolheaded"],"picked":"SKIP","floor":41},{"not_picked":["Storm","Conserve Battery+1"],"picked":"SKIP","floor":46}],"player_experience":290481,"relics_obtained":[{"floor":6,"key":"Meat on the Bone"},{"floor":8,"key":"Bottled Flame"},{"floor":9,"key":"Ancient Tea Set"},{"floor":11,"key":"Molten Egg 2"},{"floor":24,"key":"Art of War"},{"floor":26,"key":"Bag of Marbles"},{"floor":27,"key":"Oddly Smooth Stone"},{"floor":43,"key":"Question Card"},{"floor":45,"key":"Dream Catcher"},{"floor":48,"key":"Omamori"}],"event_choices":[{"damage_healed":0,"gold_gain":0,"player_choice":"Entered Light","damage_taken":15,"max_hp_gain":0,"max_hp_loss":0,"event_name":"Shining Light","floor":13,"gold_loss":0,"cards_upgraded":["Zap","Defend_B"]},{"damage_healed":25,"gold_gain":0,"player_choice":"Heal","damage_taken":0,"max_hp_gain":0,"max_hp_loss":0,"event_name":"The Library","floor":30,"gold_loss":0},{"cards_removed":["Defend_B"],"damage_healed":0,"gold_gain":0,"player_choice":"Removed Skill","damage_taken":0,"max_hp_gain":0,"max_hp_loss":0,"event_name":"Falling","floor":37,"gold_loss":0},{"damage_healed":0,"gold_gain":0,"player_choice":"Ignored","damage_taken":0,"max_hp_gain":0,"max_hp_loss":0,"event_name":"Mysterious Sphere","floor":39,"gold_loss":0}],"is_beta":false,"boss_relics":[{"not_picked":["Eternal Feather","Coffee Dripper"],"picked":"FrozenCore"},{"not_picked":["Calling Bell","Cursed Key"],"picked":"Busted Crown"}],"items_purged_floors":[],"is_endless":false,"potions_floor_spawned":[2,5,6,14,19,21,27,29,33,35],"ascension_level":5}