{"gold_per_floor":[213,225,243,5,5,5,21,21,21,21,79,93,67,79,79,177,177,188,188,201,201,221,221,238,238,238,250,250,267,267,9,9,112,112,131,148,0,50,63,63,75,103,128,144,44,62,62,73,73,73,73,73,22,49,49],"floor_reached":56,"playtime":2761,"items_purged":["Strike_B","Parasite"],"score":1178,"play_id":"b533d5b9-41f5-4762-8236-da65e2f59a12","local_time":"20181203214824","is_ascension_mode":false,"campfire_choices":[{"data":"Zap","floor":6.0,"key":"SMITH"},{"data":"Beam Cell","floor":8.0,"key":"SMITH"},{"data":"Compile Driver","floor":10.0,"key":"SMITH"},{"floor":15.0,"key":"REST"},{"data":"Pain","floor":23.0,"key":"PURGE"},{"data":"Parasite","floor":25.0,"key":"PURGE"},{"floor":30.0,"key":"RECALL"},{"floor":32.0,"key":"REST"},{"data":"Streamline","floor":40.0,"key":"PURGE"},{"data":"Strike_B","floor":47.0,"key":"PURGE"},{"data":"Defend_B","floor":49.0,"key":"PURGE"},{"data":"Defend_B","floor":52.0,"key":"PURGE"}],"neow_cost":"NONE","seed_source_timestamp":251154960287718,"circlet_count":0,"master_deck":["Defend_B","Zap+1","Dualcast","Compile Driver+1","Cold Snap","Beam Cell+1","Skim+1","Loop+1","Machine Learning+1","Fission+1","Reboot+1","Defragment+1","Redo+1","Chill+1","Hologram+1","Darkness+1","Panacea+1","Cold Snap","Force Field+1","Buffer+1","Coolheaded+1","Self Repair+1","Echo Form+1","Storm+1"],"special_seed":0,"relics":["Cracked Core","Toxic Egg 2","Omamori","Frozen Egg 2","Calling Bell","Dream Catcher","Meat on the Bone","Peace Pipe","WarpedTongs","Du-Vu Doll","Inserter","Red Mask","Ancient Tea Set","PreservedInsect","Lantern","Symbiotic Virus"],"potions_floor_usage":[55,55],"damage_taken":[{"damage":6.0,"enemies":"Jaw Worm","floor":1.0,"turns":3.0},{"damage":2.0,"enemies":"Small Slimes","floor":2.0,"turns":4.0},{"damage":0.0,"enemies":"2 Louse","floor":3.0,"turns":2.0},{"damage":3.0,"enemies":"Looter","floor":7.0,"turns":3.0},{"damage":26.0,"enemies":"Lagavulin Event","floor":11.0,"turns":5.0},{"damage":19.0,"enemies":"Lots of Slimes","floor":12.0,"turns":3.0},{"damage":4.0,"enemies":"2 Fungi Beasts","floor":14.0,"turns":3.0},{"damage":25.0,"enemies":"The Guardian","floor":16.0,"turns":9.0},{"damage":5.0,"enemies":"Chosen","floor":18.0,"turns":3.0},{"damage":7.0,"enemies":"Shell Parasite","floor":20.0,"turns":5.0},{"damage":25.0,"enemies":"Snecko","floor":22.0,"turns":5.0},{"damage":10.0,"enemies":"Centurion and Healer","floor":24.0,"turns":4.0},{"damage":14.0,"enemies":"3 Cultists","floor":27.0,"turns":4.0},{"damage":18.0,"enemies":"Snecko","floor":29.0,"turns":6.0},{"damage":30.0,"enemies":"Collector","floor":33.0,"turns":7.0},{"damage":8.0,"enemies":"3 Darklings","floor":35.0,"turns":7.0},{"damage":9.0,"enemies":"3 Shapes","floor":36.0,"turns":3.0},{"damage":8.0,"enemies":"3 Darklings","floor":39.0,"turns":7.0},{"damage":0.0,"enemies":"Sphere and 2 Shapes","floor":41.0,"turns":6.0},{"damage":24.0,"enemies":"Giant Head","floor":42.0,"turns":10.0},{"damage":12.0,"enemies":"Writhing Mass","floor":44.0,"turns":8.0},{"damage":4.0,"enemies":"Spire Growth","floor":46.0,"turns":5.0},{"damage":0.0,"enemies":"Jaw Worm Horde","floor":48.0,"turns":4.0},{"damage":23.0,"enemies":"Time Eater","floor":50.0,"turns":8.0},{"damage":20.0,"enemies":"Shield and Spear","floor":54.0,"turns":5.0},{"damage":28,"enemies":"The Heart","floor":55,"turns":10}],"seed_played":"-4140153057696061129","potions_obtained":[{"floor":2.0,"key":"FearPotion"},{"floor":3.0,"key":"Strength Potion"},{"floor":11.0,"key":"LiquidBronze"},{"floor":22.0,"key":"FocusPotion"},{"floor":33.0,"key":"Fire Potion"},{"floor":36.0,"key":"FocusPotion"},{"floor":44.0,"key":"FocusPotion"}],"is_trial":false,"path_per_floor":["M","M","M","$","?","R","M","R","T","R","?","M","$","M","R","B",null,"M","?","M","?","M","R","M","R","T","M","?","M","R","$","R","B",null,"M","M","?","T","M","R","M","E","T","M","$","M","R","M","R","B",null,"R","$","E","B",null],"character_chosen":"DEFECT","items_purchased":["Toxic Egg 2","Streamline","Darkness+1","Panacea+1","Cold Snap","Energy Potion"],"campfire_rested":2,"item_purchase_floors":[4,13,31,31,31,53],"current_hp_per_floor":[69,67,67,67,67,67,64,64,64,64,38,19,19,15,37,12,75,70,70,63,63,38,38,40,40,40,38,38,32,32,32,53,35,72,64,55,55,55,47,47,57,55,55,53,53,69,69,69,69,66,69,69,69,59,43],"gold":49,"neow_bonus":"HUNDRED_GOLD","is_prod":false,"is_daily":false,"chose_seed":false,"campfire_upgraded":3,"win_rate":0,"timestamp":1543841304,"path_taken":["M","M","M","$","?","R","M","R","T","R","?","M","?","M","R","BOSS","M","?","M","?","M","R","M","R","T","?","?","M","R","$","R","BOSS","M","M","?","?","?","R","M","E","T","M","$","M","R","M","R","BOSS","R","$","E","BOSS"],"build_version":"2018-11-15","purchased_purges":2,"victory":true,"max_hp_per_floor":[75,75,75,75,75,75,75,75,75,75,75,75,75,75,75,75,75,75,75,75,75,75,75,75,72,72,72,72,72,72,72,72,72,72,72,72,72,72,72,72,72,72,72,72,69,69,69,69,69,69,69,69,69,69,69],"card_choices":[{"not_picked":["Coolheaded","Recycle"],"picked":"Compile Driver","floor":1.0},{"not_picked":["Scrape","Stack"],"picked":"Cold Snap","floor":2.0},{"not_picked":["Coolheaded","Genetic Algorithm"],"picked":"Beam Cell","floor":3.0},{"not_picked":["Compile Driver","Redo+1"],"picked":"Skim+1","floor":7.0},{"not_picked":["Reinforced Body+1","Redo+1"],"picked":"Loop+1","floor":11.0},{"not_picked":["Go for the Eyes","Stack+1"],"picked":"Machine Learning+1","floor":12.0},{"not_picked":["Compile Driver","Sweeping Beam","Beam Cell"],"picked":"SKIP","floor":14.0},{"not_picked":["Meteor Strike","Buffer+1"],"picked":"Fission+1","floor":16.0},{"not_picked":["Turbo+1","Reprogram+1","Scrape"],"picked":"SKIP","floor":18.0},{"not_picked":["Redo+1","Streamline","Static Discharge+1"],"picked":"SKIP","floor":20.0},{"not_picked":["Rebound","Scrape","Sweeping Beam"],"picked":"SKIP","floor":22.0},{"not_picked":["Steam+1","Scrape+1"],"picked":"Redo+1","floor":24.0},{"not_picked":["Creative AI+1","Self Repair+1"],"picked":"Chill+1","floor":27.0},{"not_picked":["Sunder","Sweeping Beam"],"picked":"Hologram+1","floor":29.0},{"not_picked":["Gash+1","Stack+1"],"picked":"Force Field+1","floor":32.0},{"not_picked":["Reboot+1","All For One"],"picked":"Buffer+1","floor":33.0},{"not_picked":["Genetic Algorithm+1","Go for the Eyes","Skim+1"],"picked":"SKIP","floor":35.0},{"not_picked":["Steam+1","Stack+1"],"picked":"Coolheaded+1","floor":36.0},{"not_picked":["Compile Driver+1","Static Discharge+1"],"picked":"Self Repair+1","floor":39.0},{"not_picked":["Core Surge","Coolheaded+1","Compile Driver+1"],"picked":"SKIP","floor":41.0},{"not_picked":["Gash+1","FTL+1","Melter"],"picked":"SKIP","floor":42.0},{"not_picked":["Cold Snap+1","Heatsinks+1"],"picked":"Echo Form+1","floor":44.0},{"not_picked":["Leap+1","FTL+1"],"picked":"Storm+1","floor":46.0},{"not_picked":["Scrape","Redo+1","Self Repair+1"],"picked":"SKIP","floor":48.0},{"not_picked":["Doom and Gloom+1","Beam Cell+1","Streamline"],"picked":"SKIP","floor":54.0}],"player_experience":736352,"relics_obtained":[{"floor":9.0,"key":"Omamori"},{"floor":17.0,"key":"Dream Catcher"},{"floor":17.0,"key":"Meat on the Bone"},{"floor":17.0,"key":"Peace Pipe"},{"floor":38.0,"key":"Ancient Tea Set"},{"floor":42.0,"key":"PreservedInsect"},{"floor":43.0,"key":"Lantern"},{"floor":54.0,"key":"Symbiotic Virus"}],"event_choices":[{"cards_removed":["Strike_B"],"damage_healed":0.0,"max_hp_gain":0.0,"max_hp_loss":0.0,"gold_gain":0.0,"event_name":"Living Wall","player_choice":"Forget","floor":5.0,"gold_loss":0.0,"damage_taken":0.0},{"damage_healed":0.0,"max_hp_gain":0.0,"max_hp_loss":0.0,"gold_gain":0.0,"event_name":"Dead Adventurer","player_choice":"Searched \u00273\u0027 times","floor":11.0,"gold_loss":0.0,"damage_taken":0.0,"relics_obtained":["Frozen Egg 2"]},{"damage_healed":0.0,"max_hp_gain":0.0,"max_hp_loss":0.0,"gold_gain":0.0,"cards_transformed":["Strike_B","Defend_B"],"event_name":"Drug Dealer","player_choice":"Became Test Subject","floor":19.0,"gold_loss":0.0,"damage_taken":0.0,"cards_obtained":["Reboot","Defragment"]},{"damage_healed":0.0,"max_hp_gain":0.0,"max_hp_loss":0.0,"gold_gain":0.0,"event_name":"Accursed Blacksmith","player_choice":"Rummage","floor":21.0,"gold_loss":0.0,"damage_taken":0.0,"relics_obtained":["WarpedTongs"],"cards_obtained":["Pain"]},{"damage_healed":0.0,"max_hp_gain":0.0,"max_hp_loss":0.0,"gold_gain":0.0,"event_name":"The Mausoleum","player_choice":"Opened","floor":28.0,"gold_loss":0.0,"damage_taken":0.0,"relics_obtained":["Du-Vu Doll"]},{"damage_healed":0.0,"max_hp_gain":0.0,"max_hp_loss":0.0,"gold_gain":0.0,"event_name":"Tomb of Lord Red Mask","player_choice":"Paid","floor":37.0,"gold_loss":148.0,"damage_taken":0.0,"relics_obtained":["Red Mask"]}],"is_beta":false,"boss_relics":[{"not_picked":["FrozenCore","Eternal Feather"],"picked":"Calling Bell"},{"not_picked":["Snecko Eye","Coffee Dripper"],"picked":"Inserter"}],"items_purged_floors":[31,45],"is_endless":false,"potions_floor_spawned":[2,3,11,12,14,22,24,33,36,41,44],"ascension_level":0}