{"path_per_floor":["M","M","?","M","M","R","M","R","T","M","$","M","?","T","R","B",null,"M","?","M","M","M","R"],"character_chosen":"THE_SILENT","items_purchased":["Accuracy"],"gold_per_floor":[115,131,131,146,165,165,184,184,184,202,51,64,64,64,64,162,162,174,89,104,119,137,137],"floor_reached":24,"campfire_rested":1,"playtime":1861,"current_hp_per_floor":[69,69,57,55,42,42,42,42,42,37,37,37,23,23,44,25,70,69,69,67,62,23,23],"items_purged":["Strike_G"],"gold":137,"play_id":"fa55c57d-7fd9-4989-8386-e51f588e311d","is_prod":false,"is_daily":false,"is_ascension_mode":true,"campfire_upgraded":3,"path_taken":["M","M","?","M","M","R","M","R","T","M","$","M","?","?","R","BOSS","M","?","M","?","M","R","?"],"build_version":"2018-02-01-PROD3","purchased_purges":1,"victory":false,"master_deck":["Defend_G","Defend_G","Defend_G","Defend_G","Strike_G","Strike_G","Survivor+1","Neutralize+1","Flying Knee","Outmaneuver+1","Cloak And Dagger+1","Well Laid Plans","Backflip","Infinite Blades","Accuracy+1","Adrenaline","Noxious Fumes+1","Tactician+1","Bullet Time+1","Blade Dance","Escape Plan"],"max_hp_per_floor":[70,70,70,70,70,70,70,70,70,70,70,70,70,70,70,70,70,70,70,70,72,72,72],"relics":["Ring of the Snake","Bag of Marbles","Orichalcum","Matryoshka","Oddly Smooth Stone","Frozen Egg 2","Astrolabe","Singing Bowl"],"card_choices":[{"not_picked":["PiercingWail","Deflect"],"picked":"Flying Knee"},{"not_picked":["PiercingWail","Eviscerate"],"picked":"Outmaneuver"},{"not_picked":["Finisher","Distraction"],"picked":"Cloak And Dagger"},{"not_picked":["Poisoned Stab","Slice"],"picked":"Well Laid Plans"},{"not_picked":["Skewer","Concentrate"],"picked":"Backflip"},{"not_picked":["Deflect","Concentrate"],"picked":"Infinite Blades"},{"not_picked":["Grand Finale","Tactician"],"picked":"Adrenaline"},{"not_picked":["Blur","Slice"],"picked":"Blade Dance"},{"not_picked":["PiercingWail","Bane"],"picked":"Escape Plan"}],"player_experience":121155,"potions_floor_usage":[12,16,20,22],"damage_taken":[{"damage":1,"enemies":"Jaw Worm","floor":1,"turns":5},{"damage":0,"enemies":"Cultist","floor":2,"turns":4},{"damage":2,"enemies":"Small Slimes","floor":4,"turns":4},{"damage":13,"enemies":"Exordium Wildlife","floor":5,"turns":6},{"damage":0,"enemies":"Looter","floor":7,"turns":3},{"damage":5,"enemies":"Red Slaver","floor":10,"turns":4},{"damage":0,"enemies":"3 Louse","floor":12,"turns":2},{"damage":19,"enemies":"Slime Boss","floor":16,"turns":10},{"damage":1,"enemies":"Shell Parasite","floor":18,"turns":6},{"damage":2,"enemies":"3 Byrds","floor":20,"turns":6},{"damage":7,"enemies":"Snecko","floor":21,"turns":5},{"damage":39,"enemies":"Snake Plant","floor":22,"turns":6},{"damage":34,"enemies":"Chosen and Byrds","floor":24,"turns":5}],"event_choices":[{"event_name":"Scrap Ooze","player_choice":"success","floor":3,"damage_taken":12},{"event_name":"Shining Light","player_choice":"Entered Light","floor":13,"damage_taken":0},{"event_name":"Addict","player_choice":"Obtained Relic","floor":19,"damage_taken":0}],"boss_relics":[{"not_picked":["Cursed Key","Tiny House"],"picked":"Astrolabe"}],"potions_floor_spawned":[5,7,18,21],"seed_played":"942753085526939126","killed_by":"Chosen and Byrds","ascension_level":3,"is_trial":false}