{"gold_per_floor":[368,368,274,294,312,312,387,387,411,428,428,428,6,24,24,124,124,138,138,152,164,174,174,185,217,242,242,262,262,277,130,130,130],"floor_reached":33,"playtime":3074,"items_purged":[],"score":298,"play_id":"fb80c4eb-0189-4e3c-80ad-696cffe6a1b5","local_time":"20190122201343","is_ascension_mode":true,"campfire_choices":[{"floor":6.0,"key":"DIG"},{"floor":8.0,"key":"DIG"},{"floor":12.0,"key":"DIG"},{"floor":15.0,"key":"RECALL"},{"data":"Prepared","floor":23.0,"key":"SMITH"},{"data":"Venomology","floor":27,"key":"SMITH"},{"data":"Glass Knife","floor":29,"key":"SMITH"},{"floor":32,"key":"REST"}],"neow_cost":"TEN_PERCENT_HP_LOSS","seed_source_timestamp":0,"circlet_count":0,"master_deck":["Defend_G+1","Defend_G+1","Defend_G+1","Defend_G+1","Strike_G+1","Strike_G+1","Strike_G+1","Strike_G+1","Survivor","Neutralize","Dagger Throw","Quick Slash","Flying Knee","Prepared+1","Endless Agony","Glass Knife+1","Flying Knee","Venomology+1","Dagger Throw+1","Underhanded Strike","Leg Sweep+1","Heel Hook","Backflip","Underhanded Strike+1","Adrenaline","Finisher"],"special_seed":0,"relics":["Ring of the Snake","Shovel","Lantern","Strawberry","Darkstone Periapt","Strange Spoon","WristBlade","WingedGreaves","Ancient Tea Set","Centennial Puzzle"],"potions_floor_usage":[28,30,33,33,33,33],"damage_taken":[{"damage":0.0,"enemies":"Jaw Worm","floor":1.0,"turns":4.0},{"damage":2.0,"enemies":"2 Louse","floor":4.0,"turns":3.0},{"damage":0.0,"enemies":"Cultist","floor":5.0,"turns":3.0},{"damage":0.0,"enemies":"Large Slime","floor":10.0,"turns":4.0},{"damage":2.0,"enemies":"Looter","floor":14.0,"turns":2.0},{"damage":33.0,"enemies":"The Guardian","floor":16.0,"turns":10.0},{"damage":11.0,"enemies":"Chosen","floor":18.0,"turns":5.0},{"damage":18.0,"enemies":"2 Thieves","floor":20.0,"turns":4.0},{"damage":0.0,"enemies":"Chosen and Byrds","floor":21.0,"turns":4.0},{"damage":2.0,"enemies":"Snake Plant","floor":22.0,"turns":6.0},{"damage":17.0,"enemies":"3 Cultists","floor":24.0,"turns":5.0},{"damage":0.0,"enemies":"Gremlin Leader","floor":25.0,"turns":6.0},{"damage":5,"enemies":"Cultist and Chosen","floor":28,"turns":4},{"damage":0,"enemies":"Shelled Parasite and Fungi","floor":30,"turns":2},{"damage":61,"enemies":"Collector","floor":33,"turns":7}],"seed_played":"5681001107698427009","potions_obtained":[{"floor":5.0,"key":"Strength Potion"},{"floor":14.0,"key":"Weak Potion"},{"floor":16.0,"key":"Fruit Juice"},{"floor":18.0,"key":"SkillPotion"},{"floor":24.0,"key":"Explosive Potion"},{"floor":25.0,"key":"Weak Potion"},{"floor":30,"key":"Swift Potion"}],"is_trial":false,"path_per_floor":["M","?","?","M","M","R","?","R","T","M","?","R","$","M","R","B",null,"M","?","M","M","M","R","M","E","T","R","M","R","M","$","R","B"],"character_chosen":"THE_SILENT","items_purchased":["Endless Agony","Strange Spoon","Glass Knife","Centennial Puzzle"],"campfire_rested":1,"item_purchase_floors":[13,13,13,31],"current_hp_per_floor":[63,56,56,54,54,54,43,50,50,50,50,50,50,48,48,15,70,64,64,46,46,44,44,27,27,27,27,22,22,22,22,44,0],"gold":130,"neow_bonus":"TWO_FIFTY_GOLD","is_prod":false,"is_daily":false,"chose_seed":false,"campfire_upgraded":3,"win_rate":0,"timestamp":1548206023,"path_taken":["M","?","?","M","?","R","?","R","T","M","?","R","$","?","R","BOSS","M","?","M","M","M","R","M","E","T","R","M","R","M","$","R","BOSS"],"build_version":"2019-01-17v2","purchased_purges":0,"victory":false,"max_hp_per_floor":[63,63,63,63,63,63,63,70,70,70,70,70,70,70,70,70,70,75,75,75,75,75,75,75,75,75,75,75,75,75,75,75,75],"card_choices":[{"not_picked":["PiercingWail","Slice"],"picked":"Dagger Throw","floor":1.0},{"not_picked":["Flechettes","Dagger Spray"],"picked":"Quick Slash","floor":4.0},{"not_picked":["Outmaneuver","Eviscerate"],"picked":"Flying Knee","floor":5.0},{"not_picked":["Poisoned Stab","Terror"],"picked":"Prepared","floor":10.0},{"not_picked":["Well Laid Plans","Flechettes"],"picked":"Flying Knee","floor":14.0},{"not_picked":["Bullet Time","Tools of the Trade"],"picked":"Venomology","floor":16.0},{"not_picked":["Backflip","Deadly Poison"],"picked":"Dagger Throw+1","floor":18.0},{"not_picked":["Blade Dance","PiercingWail+1"],"picked":"Underhanded Strike","floor":20.0},{"not_picked":["PiercingWail+1","Burst"],"picked":"Leg Sweep+1","floor":21.0},{"not_picked":["Deflect","Deadly Poison"],"picked":"Heel Hook","floor":22.0},{"not_picked":["Deflect","Terror"],"picked":"Backflip","floor":24.0},{"not_picked":["Backflip","Well Laid Plans"],"picked":"Underhanded Strike+1","floor":25.0},{"not_picked":["Blade Dance","Backstab"],"picked":"Adrenaline","floor":28},{"not_picked":["Bane+1","Flying Knee"],"picked":"Finisher","floor":30}],"player_experience":37566,"relics_obtained":[{"floor":6.0,"key":"Lantern"},{"floor":8.0,"key":"Strawberry"},{"floor":12.0,"key":"Darkstone Periapt"},{"floor":25.0,"key":"WingedGreaves"},{"floor":26,"key":"Ancient Tea Set"}],"event_choices":[{"cards_removed":["Defend_G"],"damage_healed":0.0,"max_hp_gain":0.0,"max_hp_loss":0.0,"gold_gain":0.0,"event_name":"Golden Wing","player_choice":"Card Removal","floor":2.0,"gold_loss":0.0,"damage_taken":7.0},{"damage_healed":0.0,"max_hp_gain":0.0,"max_hp_loss":0.0,"gold_gain":0.0,"event_name":"WeMeetAgain","player_choice":"Paid Gold","floor":3.0,"gold_loss":94.0,"damage_taken":0.0,"relics_obtained":["Shovel"]},{"damage_healed":0.0,"max_hp_gain":0.0,"max_hp_loss":0.0,"gold_gain":75.0,"event_name":"World of Goop","player_choice":"Gather Gold","floor":7.0,"gold_loss":0.0,"damage_taken":11.0},{"cards_removed":["Strike_G"],"damage_healed":0.0,"max_hp_gain":0.0,"max_hp_loss":0.0,"gold_gain":0.0,"event_name":"Bonfire Elementals","player_choice":"Offered Basic","floor":11.0,"gold_loss":0.0,"damage_taken":0.0},{"damage_healed":0.0,"max_hp_gain":0.0,"max_hp_loss":0.0,"gold_gain":0.0,"event_name":"Back to Basics","player_choice":"Simplicity","floor":19.0,"gold_loss":0.0,"damage_taken":0.0,"cards_upgraded":["Defend_G","Defend_G","Defend_G","Defend_G","Strike_G","Strike_G","Strike_G","Strike_G"]}],"is_beta":false,"boss_relics":[{"not_picked":["Lizard Tail","Tiny House"],"picked":"WristBlade"}],"items_purged_floors":[],"is_endless":false,"potions_floor_spawned":[5,14,16,18,24,25,30],"killed_by":"Collector","ascension_level":1}