{"gold_per_floor":[118,118,43,118,118,118,169,169,216,29,29,43,43,53,53,125,125,140,156,8,8,19,34,34,34,34,45,45,59,79,92,92,166,166,176,176,195,195,7,7,7,24,50,77,1,19,19],"floor_reached":47,"playtime":2286,"items_purged":["Regret","Writhe"],"score":685,"play_id":"ea5c3412-6244-4f66-86ce-67f14104c850","local_time":"20181115014211","is_ascension_mode":true,"campfire_choices":[{"data":"Zap","floor":6,"key":"SMITH"},{"floor":8,"key":"REST"},{"data":"Hello World","floor":11,"key":"SMITH"},{"floor":15,"key":"REST"},{"floor":25,"key":"REST"},{"data":"Go for the Eyes","floor":28,"key":"SMITH"},{"floor":32,"key":"REST"},{"data":"Buffer","floor":40,"key":"SMITH"}],"neow_cost":"CURSE","seed_source_timestamp":369973378831275,"circlet_count":0,"master_deck":["AscendersBane","Strike_B","Strike_B","Strike_B","Strike_B","Defend_B","Defend_B","Defend_B","Defend_B","Zap+1","Dualcast+1","Gash+1","Hello World+1","Gash","Go for the Eyes","Seek+1","Rebound","Gash","Steam","Go for the Eyes+1","Streamline+1","Scrape","Beam Cell","Buffer+1","Conserve Battery","FTL","Leap","Hologram","Stack"],"relics":["FrozenCore","Gambling Chip","Pen Nib","PreservedInsect","Anchor","Shuriken","Boot","MutagenicStrength","Pear","Inserter","Lantern","GremlinMask","Smiling Mask","Vajra"],"potions_floor_usage":[19,23,31,42,47],"damage_taken":[{"damage":12,"enemies":"2 Louse","floor":1,"turns":3},{"damage":0,"enemies":"Small Slimes","floor":12,"turns":3},{"damage":0,"enemies":"Jaw Worm","floor":14,"turns":3},{"damage":24,"enemies":"The Guardian","floor":16,"turns":8},{"damage":24,"enemies":"2 Thieves","floor":18,"turns":5},{"damage":0,"enemies":"3 Byrds","floor":19,"turns":4},{"damage":12,"enemies":"3 Cultists","floor":22,"turns":6},{"damage":0,"enemies":"Centurion and Healer","floor":23,"turns":8},{"damage":15,"enemies":"Snake Plant","floor":27,"turns":4},{"damage":3,"enemies":"3 Cultists","floor":29,"turns":4},{"damage":4,"enemies":"Shelled Parasite and Fungi","floor":30,"turns":5},{"damage":13,"enemies":"Snake Plant","floor":31,"turns":3},{"damage":16,"enemies":"Champ","floor":33,"turns":9},{"damage":0,"enemies":"3 Shapes","floor":35,"turns":10},{"damage":23,"enemies":"3 Darklings","floor":37,"turns":8},{"damage":18,"enemies":"Spire Growth","floor":42,"turns":4},{"damage":9,"enemies":"4 Shapes","floor":46,"turns":8},{"damage":38,"enemies":"Maw","floor":47,"turns":7}],"seed_played":"-7563406738020390897","potions_obtained":[{"floor":12,"key":"Ancient Potion"},{"floor":14,"key":"FearPotion"},{"floor":18,"key":"Fire Potion"},{"floor":22,"key":"Block Potion"},{"floor":27,"key":"Swift Potion"},{"floor":37,"key":"Weak Potion"},{"floor":42,"key":"Energy Potion"}],"is_trial":false,"path_per_floor":["M","?","$","?","?","R","T","R","T","$","R","M","T","M","R","B",null,"M","M","$","?","M","M","?","R","T","M","R","M","M","M","R","B",null,"M","?","M","?","$","R","?","M","T","T","$","M","M"],"character_chosen":"DEFECT","items_purchased":["Anchor","Hello World","Boot","Lantern","Leap","Stack"],"campfire_rested":4,"item_purchase_floors":[10,10,20,39,39,45],"current_hp_per_floor":[56,41,41,30,5,5,5,27,27,27,27,27,27,27,49,25,63,39,39,39,39,27,27,27,49,59,44,44,41,37,24,49,33,72,72,85,62,62,62,62,62,44,44,44,44,35,0],"gold":19,"neow_bonus":"ONE_RARE_RELIC","is_prod":false,"is_daily":false,"chose_seed":false,"campfire_upgraded":4,"win_rate":0,"timestamp":1542274931,"path_taken":["M","?","$","?","?","R","?","R","T","$","R","?","?","M","R","BOSS","M","M","$","?","M","M","?","R","T","M","R","M","?","M","R","BOSS","M","?","M","?","$","R","?","?","T","?","$","M","M"],"build_version":"2018-11-08","purchased_purges":2,"victory":false,"max_hp_per_floor":[75,75,75,75,75,75,75,75,75,75,75,75,75,75,75,75,75,75,75,75,75,75,75,75,75,85,85,85,85,85,85,85,85,85,85,85,85,85,85,85,85,85,85,85,85,85,85],"card_choices":[{"not_picked":["Leap","Scrape"],"picked":"Gash","floor":1},{"not_picked":["Loop","Go for the Eyes"],"picked":"Gash","floor":12},{"not_picked":["Rip and Tear","Capacitor"],"picked":"Go for the Eyes","floor":14},{"not_picked":["Reboot","Biased Cognition"],"picked":"Seek","floor":16},{"not_picked":["Double Energy","Compile Driver"],"picked":"Rebound","floor":18},{"not_picked":["Turbo","Stack"],"picked":"Gash","floor":19},{"not_picked":["Heatsinks","Turbo"],"picked":"Steam","floor":22},{"not_picked":["Sunder","Stack"],"picked":"Go for the Eyes","floor":23},{"not_picked":["Go for the Eyes","Force Field"],"picked":"Streamline+1","floor":27},{"not_picked":["Chaos","Steam Power+1"],"picked":"Scrape","floor":29},{"not_picked":["Turbo+1","Steam"],"picked":"Beam Cell","floor":30},{"not_picked":["Ball Lightning","Sweeping Beam+1","Doom and Gloom"],"picked":"SKIP","floor":31},{"not_picked":["Hyperbeam","Core Surge"],"picked":"Buffer","floor":33},{"not_picked":["Redo","Leap"],"picked":"Conserve Battery","floor":35},{"not_picked":["Ball Lightning+1","Heatsinks"],"picked":"FTL","floor":37},{"not_picked":["Capacitor","Rebound"],"picked":"Hologram","floor":42},{"not_picked":["Darkness+1","Steam","Rebound"],"picked":"SKIP","floor":46}],"player_experience":410051,"relics_obtained":[{"floor":7,"key":"Pen Nib"},{"floor":9,"key":"PreservedInsect"},{"floor":13,"key":"Shuriken"},{"floor":26,"key":"Pear"},{"floor":43,"key":"Smiling Mask"},{"floor":44,"key":"Vajra"}],"event_choices":[{"damage_healed":0,"gold_gain":0,"player_choice":"Entered Light","damage_taken":15,"max_hp_gain":0,"max_hp_loss":0,"event_name":"Shining Light","floor":2,"gold_loss":0,"cards_upgraded":["Gash","Dualcast"]},{"damage_healed":0,"gold_gain":75,"player_choice":"Gather Gold","damage_taken":11,"max_hp_gain":0,"max_hp_loss":0,"event_name":"World of Goop","floor":4,"gold_loss":0},{"damage_healed":0,"gold_gain":0,"player_choice":"Fled","damage_taken":25,"max_hp_gain":0,"max_hp_loss":0,"event_name":"Scrap Ooze","floor":5,"gold_loss":0},{"damage_healed":0,"gold_gain":0,"player_choice":"Inject Mutagens","damage_taken":0,"relics_obtained":["MutagenicStrength"],"max_hp_gain":0,"max_hp_loss":0,"event_name":"Drug Dealer","floor":21,"gold_loss":0},{"damage_healed":0,"gold_gain":0,"player_choice":"Upgraded","damage_taken":0,"max_hp_gain":0,"max_hp_loss":0,"event_name":"Upgrade Shrine","floor":24,"gold_loss":0,"cards_upgraded":["Seek"]},{"damage_healed":21,"gold_gain":0,"player_choice":"Writhe","damage_taken":0,"max_hp_gain":0,"max_hp_loss":0,"event_name":"Winding Halls","floor":36,"gold_loss":0,"cards_obtained":["Writhe"]},{"damage_healed":0,"gold_gain":0,"player_choice":"Ignored","damage_taken":0,"max_hp_gain":0,"max_hp_loss":0,"event_name":"Tomb of Lord Red Mask","floor":38,"gold_loss":0},{"damage_healed":0,"gold_gain":0,"player_choice":"Trade","damage_taken":0,"relics_obtained":["GremlinMask"],"max_hp_gain":0,"max_hp_loss":0,"event_name":"FaceTrader","floor":41,"gold_loss":0}],"is_beta":false,"boss_relics":[{"not_picked":["Black Star","Ectoplasm"],"picked":"FrozenCore"},{"not_picked":["Nuclear Battery","Empty Cage"],"picked":"Inserter"}],"items_purged_floors":[3,45],"is_endless":false,"potions_floor_spawned":[12,14,18,22,27,30,37,42],"killed_by":"Maw","ascension_level":13}