{"gold_per_floor":[109,120,45,45,45,61,71,71,95,71,71,21,34,52,52,157,157,176,204,104,104,104,119,119,139,139,152,167,167,178,191,191,191],"floor_reached":33,"playtime":1265,"items_purged":["Bash","Strike_R"],"score":266,"play_id":"4051acf2-f5cf-4bac-a533-c0770e99ca68","local_time":"20180701215804","is_ascension_mode":false,"campfire_choices":[{"data":"Anger","floor":8,"key":"SMITH"},{"data":"Twin Strike","floor":11,"key":"SMITH"},{"floor":15,"key":"REST"},{"floor":24,"key":"REST"},{"floor":32,"key":"REST"}],"neow_cost":"","seed_source_timestamp":0,"circlet_count":0,"master_deck":["Strike_R","Strike_R","Strike_R","Defend_R+1","Defend_R","Defend_R","Defend_R","Twin Strike+1","Anger+1","Twin Strike+1","Anger","Anger+1","Body Slam+1","Rampage","Anger"],"relics":["Unceasing Top","Happy Flower","Philosopher\u0027s Stone","Red Mask","Enchiridion","Matryoshka"],"potions_floor_usage":[6,14,16,16,19,25,27,28,30,30,30,30,31,31],"damage_taken":[{"damage":0,"enemies":"2 Louse","floor":1,"turns":3},{"damage":6,"enemies":"Jaw Worm","floor":2,"turns":4},{"damage":3,"enemies":"Small Slimes","floor":6,"turns":2},{"damage":2,"enemies":"3 Louse","floor":7,"turns":4},{"damage":20,"enemies":"Exordium Thugs","floor":13,"turns":5},{"damage":0,"enemies":"2 Fungi Beasts","floor":14,"turns":2},{"damage":25,"enemies":"Hexaghost","floor":16,"turns":9},{"damage":5,"enemies":"Spheric Guardian","floor":18,"turns":3},{"damage":26,"floor":19,"turns":4},{"damage":5,"enemies":"3 Byrds","floor":23,"turns":3},{"damage":30,"enemies":"Snake Plant","floor":25,"turns":5},{"damage":0,"enemies":"Slaver and Parasite","floor":27,"turns":3},{"damage":3,"enemies":"Chosen and Byrds","floor":28,"turns":4},{"damage":2,"enemies":"Sentry and Sphere","floor":30,"turns":3},{"damage":0,"enemies":"Centurion and Healer","floor":31,"turns":2},{"damage":92,"enemies":"Automaton","floor":33,"turns":6}],"seed_played":"8244624285299224193","potions_obtained":[{"floor":1,"key":"Ancient Potion"},{"floor":2,"key":"AttackPotion"},{"floor":13,"key":"Energy Potion"},{"floor":14,"key":"Block Potion"},{"floor":18,"key":"LiquidBronze"},{"floor":23,"key":"Regen Potion"},{"floor":25,"key":"Energy Potion"},{"floor":27,"key":"SkillPotion"},{"floor":28,"key":"Dexterity Potion"},{"floor":29,"key":"Regen Potion"},{"floor":29,"key":"EntropicBrew"}],"is_trial":true,"path_per_floor":["M","M","$","?","?","M","M","R","T","$","R","?","M","M","R","B",null,"M","?","$","?","$","M","R","M","T","M","M","?","M","M","R"],"character_chosen":"IRONCLAD","items_purchased":["Twin Strike"],"campfire_rested":3,"item_purchase_floors":[10],"current_hp_per_floor":[80,74,74,58,58,55,53,53,53,53,53,53,33,33,57,32,80,75,49,49,33,33,28,52,36,36,36,33,33,40,40,64,0],"gold":191,"neow_bonus":"","is_prod":false,"is_daily":false,"chose_seed":false,"campfire_upgraded":2,"win_rate":0,"timestamp":1530446284,"path_taken":["M","M","$","?","?","M","?","R","T","?","R","?","M","M","R","BOSS","M","?","$","?","?","M","R","M","T","?","M","?","M","M","R","BOSS"],"build_version":"2018-06-29","purchased_purges":2,"victory":false,"max_hp_per_floor":[80,80,80,80,80,80,80,80,80,80,80,80,80,80,80,80,80,80,80,80,80,80,80,80,80,80,80,80,80,80,80,80,80],"card_choices":[{"not_picked":["Whirlwind","Iron Wave","Reckless Charge"],"picked":"SKIP","floor":1},{"not_picked":["Headbutt","Blood for Blood"],"picked":"Twin Strike","floor":2},{"not_picked":["Body Slam","Headbutt","Shockwave"],"picked":"SKIP","floor":6},{"not_picked":["Inflame","Pommel Strike"],"picked":"Anger","floor":7},{"not_picked":["Bloodletting","Metallicize"],"picked":"Anger","floor":13},{"not_picked":["Evolve","Dropkick","Twin Strike"],"picked":"SKIP","floor":14},{"not_picked":["Pommel Strike+1","Warcry+1"],"picked":"Anger+1","floor":18},{"not_picked":["Thunderclap+1","True Grit+1","Burning Pact+1"],"picked":"SKIP","floor":23},{"not_picked":["Pummel","Entrench+1"],"picked":"Body Slam+1","floor":25},{"not_picked":["Body Slam","Sentinel"],"picked":"Rampage","floor":27},{"not_picked":["Perfected Strike","Barricade","Whirlwind+1"],"picked":"SKIP","floor":28},{"not_picked":["Power Through","True Grit"],"picked":"Anger","floor":30},{"not_picked":["Shrug It Off","Wild Strike","Body Slam+1"],"picked":"SKIP","floor":31}],"player_experience":475510,"relics_obtained":[{"floor":9,"key":"Happy Flower"},{"floor":19,"key":"Red Mask"},{"floor":21,"key":"Enchiridion"},{"floor":26,"key":"Matryoshka"}],"event_choices":[{"event_name":"Shining Light","player_choice":"Entered Light","floor":4,"damage_taken":0},{"event_name":"Liars Game","player_choice":"disagreed","floor":5,"damage_taken":0},{"event_name":"The Cleric","player_choice":"Card Removal","floor":12,"damage_taken":0},{"event_name":"Masked Bandits","player_choice":"Fought over 176 gold","floor":19,"damage_taken":0},{"event_name":"Cursed Tome","player_choice":"Obtained Book","floor":21,"damage_taken":0},{"event_name":"The Lab","player_choice":"Got Potions","floor":29,"damage_taken":0}],"boss_relics":[{"not_picked":["Ectoplasm","Calling Bell"],"picked":"Philosopher\u0027s Stone"}],"items_purged_floors":[3,20],"is_endless":false,"potions_floor_spawned":[1,2,13,14,18,23,25,27,28],"killed_by":"Automaton","ascension_level":0}