{"gold_per_floor":[115,65,79,95,115,144,144,27,27,59,59,59,39,49,49,49],"floor_reached":16,"playtime":680,"items_purged":[],"score":143,"play_id":"8e3941c3-bb27-43c4-a791-68fa63946bbf","local_time":"20190209132642","is_ascension_mode":true,"campfire_choices":[{"data":"Entrench","floor":12,"key":"SMITH"},{"floor":15,"key":"REST"}],"neow_cost":"NONE","seed_source_timestamp":229902373686913,"circlet_count":0,"master_deck":["Strike_R","Strike_R","Strike_R","Strike_R","Defend_R","Defend_R","Defend_R","Defend_R","Bash","Power Through","Uppercut","Ghostly Armor","Carnage","Entrench+1","Evolve","Madness","Seeing Red"],"relics":["Burning Blood","Oddly Smooth Stone","Self Forming Clay","Singing Bowl","Juzu Bracelet","Orichalcum"],"potions_floor_usage":[16,16,16],"damage_taken":[{"damage":0,"enemies":"Jaw Worm","floor":1,"turns":5},{"damage":4,"enemies":"Small Slimes","floor":3,"turns":4},{"damage":6,"enemies":"Cultist","floor":4,"turns":3},{"damage":13,"enemies":"Lots of Slimes","floor":5,"turns":6},{"damage":40,"enemies":"Lagavulin","floor":6,"turns":9},{"damage":15,"enemies":"3 Sentries","floor":10,"turns":8},{"damage":5,"enemies":"Red Slaver","floor":14,"turns":6},{"damage":58,"enemies":"Slime Boss","floor":16,"turns":13}],"seed_played":"-7751936663136856559","potions_obtained":[{"floor":1,"key":"Strength Potion"},{"floor":3,"key":"Dexterity Potion"},{"floor":5,"key":"Strength Potion"},{"floor":10,"key":"Explosive Potion"},{"floor":13,"key":"Block Potion"}],"is_trial":false,"path_per_floor":["M","?","M","M","M","E","?","$","T","E","?","R","?","M","R","B"],"character_chosen":"IRONCLAD","items_purchased":["Evolve","Madness"],"campfire_rested":1,"item_purchase_floors":[8,8],"current_hp_per_floor":[78,78,80,80,73,39,39,39,39,32,32,32,32,33,57,0],"gold":49,"neow_bonus":"RANDOM_COMMON_RELIC","is_prod":false,"is_daily":false,"chose_seed":false,"campfire_upgraded":1,"win_rate":0,"timestamp":1549736802,"path_taken":["M","?","M","M","M","E","?","?","T","E","?","R","?","M","R","BOSS"],"build_version":"2019-01-23","purchased_purges":0,"victory":false,"max_hp_per_floor":[80,80,80,80,80,80,80,80,80,82,82,82,82,82,82,82],"card_choices":[{"not_picked":["Clash","Warcry"],"picked":"Power Through","floor":1},{"not_picked":["Pummel","Searing Blow"],"picked":"Uppercut","floor":3},{"not_picked":["Pommel Strike","Headbutt"],"picked":"Ghostly Armor","floor":4},{"not_picked":["Intimidate","Metallicize"],"picked":"Carnage","floor":5},{"not_picked":["Intimidate","Metallicize"],"picked":"Entrench","floor":6},{"not_picked":["Clash","Sword Boomerang","Dropkick"],"picked":"Singing Bowl","floor":10},{"not_picked":["Dual Wield","Warcry"],"picked":"Seeing Red","floor":14}],"player_experience":164213,"relics_obtained":[{"floor":6,"key":"Self Forming Clay"},{"floor":9,"key":"Singing Bowl"},{"floor":10,"key":"Juzu Bracelet"}],"event_choices":[{"cards_removed":["Strike_R"],"damage_healed":0,"gold_gain":0,"player_choice":"Card Removal","damage_taken":0,"max_hp_gain":0,"max_hp_loss":0,"event_name":"The Cleric","floor":2,"gold_loss":50},{"damage_healed":0,"gold_gain":0,"player_choice":"Fled","damage_taken":0,"max_hp_gain":0,"max_hp_loss":0,"event_name":"Scrap Ooze","floor":7,"gold_loss":0},{"damage_healed":0,"gold_gain":0,"player_choice":"Gave Potion","damage_taken":0,"relics_obtained":["Orichalcum"],"max_hp_gain":0,"max_hp_loss":0,"event_name":"WeMeetAgain","floor":11,"gold_loss":0},{"damage_healed":0,"gold_gain":0,"player_choice":"Bought 1 Potion","damage_taken":0,"max_hp_gain":0,"max_hp_loss":0,"event_name":"The Woman in Blue","floor":13,"gold_loss":0}],"is_beta":false,"boss_relics":[],"items_purged_floors":[],"is_endless":false,"potions_floor_spawned":[1,3,5,10],"killed_by":"Slime Boss","ascension_level":6}