{"gold_per_floor":[113,126,126,15,15,15,49,49,49,49,88,88,113,126,126,126],"floor_reached":16,"playtime":664,"items_purged":["Regret"],"score":119,"play_id":"635702fd-548e-4550-965e-1881301e0953","local_time":"20180930020951","is_ascension_mode":true,"campfire_choices":[{"data":"Searing Blow","floor":6,"key":"SMITH"},{"data":"Searing Blow+1","floor":8,"key":"SMITH"},{"data":"Searing Blow+2","floor":10,"key":"SMITH"},{"data":"Searing Blow+4","floor":15,"key":"SMITH"}],"neow_cost":"CURSE","seed_source_timestamp":555601074828658,"circlet_count":0,"master_deck":["Strike_R","Strike_R","Strike_R","Strike_R","Strike_R+1","Defend_R","Defend_R","Defend_R","Defend_R","Bash+1","Regret","Thunderclap","Searing Blow+5","Fire Breathing","Anger","Shockwave+1","Rampage","Warcry+1"],"relics":["Burning Blood","Bird Faced Urn","Peace Pipe","Golden Idol","Toxic Egg 2","Whetstone","Gremlin Horn"],"potions_floor_usage":[],"damage_taken":[{"damage":5,"enemies":"Small Slimes","floor":1,"turns":4},{"damage":5,"enemies":"Jaw Worm","floor":2,"turns":3},{"damage":18,"enemies":"Gremlin Nob","floor":7,"turns":4},{"damage":30,"enemies":"3 Sentries","floor":11,"turns":6},{"damage":4,"enemies":"2 Louse","floor":13,"turns":2},{"damage":13,"enemies":"Blue Slaver","floor":14,"turns":4},{"damage":28,"enemies":"The Guardian","floor":16,"turns":7}],"seed_played":"1679042633060348978","potions_obtained":[{"floor":2,"key":"SteroidPotion"},{"floor":7,"key":"SteroidPotion"},{"floor":11,"key":"Fire Potion"}],"is_trial":false,"path_per_floor":["M","M","?","$","?","R","E","R","T","R","E","?","M","M","R"],"character_chosen":"IRONCLAD","items_purchased":["Fire Breathing"],"campfire_rested":0,"item_purchase_floors":[4],"current_hp_per_floor":[80,80,80,80,60,60,50,50,50,50,28,28,30,23,23,0],"gold":126,"neow_bonus":"ONE_RARE_RELIC","is_prod":false,"is_daily":false,"chose_seed":false,"campfire_upgraded":4,"win_rate":0,"timestamp":1538298591,"path_taken":["M","M","?","$","?","R","E","R","T","R","E","?","M","M","R","BOSS"],"build_version":"2018-09-27","purchased_purges":1,"victory":false,"max_hp_per_floor":[80,80,80,80,80,80,80,80,80,80,80,80,80,80,80,80],"card_choices":[{"not_picked":["Pummel","Havoc"],"picked":"Thunderclap","floor":1},{"not_picked":["Feel No Pain","Twin Strike"],"picked":"Searing Blow","floor":2},{"not_picked":["Pommel Strike","Pummel"],"picked":"Anger","floor":7},{"not_picked":["Feed","Perfected Strike"],"picked":"Shockwave+1","floor":11},{"not_picked":["Wild Strike","Corruption"],"picked":"Rampage","floor":13},{"not_picked":["Pommel Strike","Cleave"],"picked":"Warcry+1","floor":14}],"player_experience":201326,"relics_obtained":[{"floor":7,"key":"Toxic Egg 2"},{"floor":9,"key":"Whetstone"},{"floor":11,"key":"Gremlin Horn"}],"event_choices":[{"event_name":"Big Fish","player_choice":"Box","floor":3,"damage_taken":0},{"event_name":"Golden Idol","player_choice":"Take Damage","floor":5,"damage_taken":0},{"event_name":"Living Wall","player_choice":"Grow","floor":12,"damage_taken":0}],"is_beta":false,"boss_relics":[],"items_purged_floors":[4],"is_endless":false,"potions_floor_spawned":[2,7,11],"killed_by":"The Guardian","ascension_level":2}