{"gold_per_floor":[110,110,127,142,21,80,100,131,131,157,184,184,198,218,218,319,319,330,330,24,37,52,84,84,9,33,67,67,87,107,136,136,136],"floor_reached":33,"playtime":1589,"items_purged":["Strike_R"],"score":499,"play_id":"bbdeb9ea-8fb6-4076-b8ea-5c3626e0547a","local_time":"20190227225042","is_ascension_mode":true,"campfire_choices":[{"floor":12,"key":"REST"},{"floor":15,"key":"REST"},{"floor":24,"key":"REST"},{"data":"Whirlwind","floor":28,"key":"SMITH"},{"floor":32,"key":"REST"}],"neow_cost":"NONE","seed_source_timestamp":1136074699918498,"circlet_count":0,"master_deck":["Strike_R","Strike_R","Strike_R","Defend_R","Defend_R","Defend_R","Defend_R","Bash","Shockwave","Whirlwind+1","Shrug It Off","Iron Wave","Carnage","Headbutt","Clothesline","Headbutt","Reaper","Armaments","Feed","Uppercut","Finesse","Clothesline","Anger","Cleave+1","Shrug It Off"],"relics":["Burning Blood","Blood Vial","Tiny Chest","Frozen Egg 2","Kunai","Mummified Hand","Pen Nib","Velvet Choker","PreservedInsect","Pear","Red Skull","Orichalcum","Potion Belt"],"potions_floor_usage":[13,16,16,31,31,33],"damage_taken":[{"damage":2,"enemies":"Jaw Worm","floor":1,"turns":3},{"damage":6,"enemies":"Cultist","floor":3,"turns":4},{"damage":0,"enemies":"2 Louse","floor":4,"turns":2},{"damage":40,"enemies":"Lagavulin","floor":6,"turns":6},{"damage":9,"enemies":"Looter","floor":7,"turns":4},{"damage":10,"enemies":"Gremlin Nob","floor":8,"turns":4},{"damage":35,"enemies":"3 Sentries","floor":10,"turns":5},{"damage":8,"enemies":"3 Louse","floor":13,"turns":2},{"damage":25,"enemies":"Exordium Thugs","floor":14,"turns":5},{"damage":52,"enemies":"Slime Boss","floor":16,"turns":14},{"damage":16,"enemies":"Spheric Guardian","floor":18,"turns":4},{"damage":0,"enemies":"3 Byrds","floor":21,"turns":5},{"damage":48,"enemies":"Snake Plant","floor":22,"turns":5},{"damage":34,"enemies":"Slavers","floor":23,"turns":7},{"damage":24,"enemies":"Gremlin Leader","floor":27,"turns":4},{"damage":23,"enemies":"Chosen and Byrds","floor":29,"turns":5},{"damage":28,"enemies":"Shelled Parasite and Fungi","floor":30,"turns":6},{"damage":13,"enemies":"Book of Stabbing","floor":31,"turns":4},{"damage":92,"enemies":"Collector","floor":33,"turns":8}],"seed_played":"-5419551589747220347","potions_obtained":[{"floor":3,"key":"Explosive Potion"},{"floor":8,"key":"SpeedPotion"},{"floor":14,"key":"Energy Potion"},{"floor":18,"key":"Weak Potion"},{"floor":22,"key":"GamblersBrew"},{"floor":29,"key":"SteroidPotion"}],"is_trial":false,"path_per_floor":["M","?","M","M","$","E","M","E","T","E","T","R","M","M","R","B",null,"M","?","$","M","M","E","R","?","T","E","R","M","M","E","R","B"],"character_chosen":"IRONCLAD","items_purchased":["Carnage","AttackPotion","PreservedInsect","Finesse"],"campfire_rested":4,"item_purchase_floors":[5,5,20,20],"current_hp_per_floor":[78,78,80,80,80,46,45,43,43,16,16,40,40,23,47,12,63,58,83,83,87,48,38,67,67,67,51,51,43,33,35,64,0],"gold":136,"neow_bonus":"RANDOM_COMMON_RELIC","is_prod":false,"is_daily":false,"chose_seed":false,"campfire_upgraded":1,"win_rate":0,"timestamp":1551325842,"path_taken":["M","?","M","M","?","E","M","E","T","E","?","R","M","?","R","BOSS","M","?","$","M","M","E","R","?","T","E","R","M","M","E","R","BOSS"],"build_version":"2019-01-23","purchased_purges":1,"victory":false,"max_hp_per_floor":[80,80,80,80,80,80,80,80,80,80,80,80,80,80,80,80,80,83,83,83,87,87,97,97,97,97,97,97,97,97,97,97,97],"card_choices":[{"not_picked":["Twin Strike","Power Through"],"picked":"Shockwave","floor":1},{"not_picked":["Spot Weakness","Infernal Blade"],"picked":"Shrug It Off","floor":3},{"not_picked":["Fire Breathing","Heavy Blade"],"picked":"Iron Wave","floor":4},{"not_picked":["Havoc","Rampage"],"picked":"Body Slam","floor":6},{"not_picked":["Sword Boomerang","Corruption"],"picked":"Headbutt","floor":7},{"not_picked":["Whirlwind","Sever Soul"],"picked":"Clothesline","floor":8},{"not_picked":["Heavy Blade","Wild Strike"],"picked":"Headbutt","floor":10},{"not_picked":["Infernal Blade","Iron Wave"],"picked":"Reaper","floor":13},{"not_picked":["Sword Boomerang","Bloodletting"],"picked":"Armaments","floor":14},{"not_picked":["Dark Embrace+1","Berserk+1"],"picked":"Feed","floor":16},{"not_picked":["Sword Boomerang+1","Perfected Strike"],"picked":"Uppercut","floor":18},{"not_picked":["Clash","Wild Strike"],"picked":"Clothesline","floor":21},{"not_picked":["Armaments","Heavy Blade+1"],"picked":"Anger","floor":22},{"not_picked":["Limit Break","Shrug It Off"],"picked":"Cleave+1","floor":23},{"not_picked":["Clash+1","Brutality+1","Heavy Blade"],"picked":"SKIP","floor":27},{"not_picked":["Perfected Strike","Bloodletting","Sword Boomerang"],"picked":"SKIP","floor":29},{"not_picked":["Warcry","Thunderclap","Dual Wield"],"picked":"SKIP","floor":30},{"not_picked":["Clash+1","Thunderclap"],"picked":"Shrug It Off","floor":31}],"player_experience":240352,"relics_obtained":[{"floor":6,"key":"Tiny Chest"},{"floor":8,"key":"Frozen Egg 2"},{"floor":9,"key":"Kunai"},{"floor":10,"key":"Mummified Hand"},{"floor":11,"key":"Pen Nib"},{"floor":23,"key":"Pear"},{"floor":26,"key":"Red Skull"},{"floor":27,"key":"Orichalcum"},{"floor":31,"key":"Potion Belt"}],"event_choices":[{"damage_healed":0,"gold_gain":0,"cards_transformed":["Strike_R"],"player_choice":"Transformed","damage_taken":0,"max_hp_gain":0,"max_hp_loss":0,"event_name":"Transmorgrifier","floor":2,"gold_loss":0,"cards_obtained":["Whirlwind"]},{"damage_healed":27,"gold_gain":0,"player_choice":"Heal","damage_taken":0,"max_hp_gain":0,"max_hp_loss":0,"event_name":"The Library","floor":19,"gold_loss":0},{"cards_removed":["Body Slam"],"damage_healed":0,"gold_gain":0,"player_choice":"Gave Gold","damage_taken":0,"max_hp_gain":0,"max_hp_loss":0,"event_name":"Beggar","floor":25,"gold_loss":75}],"is_beta":false,"boss_relics":[{"not_picked":["White Beast Statue","Snecko Eye"],"picked":"Velvet Choker"}],"items_purged_floors":[20],"is_endless":false,"potions_floor_spawned":[3,8,10,14,18,22,27,29],"killed_by":"Collector","ascension_level":9}