{"gold_per_floor":[115,40,190,203,128,128,157,157,157,157,167,193,213,213,213,290,290,275,58,58,108,126,126,126],"floor_reached":24,"playtime":680,"items_purged":["Doubt"],"score":397,"play_id":"741b083b-1440-4571-bf10-d1e6c2dbe972","local_time":"20190203140822","is_ascension_mode":true,"campfire_choices":[{"data":"Combust","floor":6,"key":"SMITH"},{"data":"Bash","floor":10,"key":"SMITH"},{"data":"Shrug It Off","floor":15,"key":"SMITH"},{"floor":23,"key":"REST"}],"neow_cost":"NONE","seed_source_timestamp":198510704958798,"circlet_count":0,"master_deck":["AscendersBane","Strike_R","Strike_R","Strike_R","Defend_R","Defend_R","Defend_R","Defend_R","Bash+1","Combust+1","Cleave","Feel No Pain","Shrug It Off+1","Reaper","Shrug It Off","True Grit","Whirlwind+1"],"relics":["Black Blood","NeowsBlessing","Ancient Tea Set","Pear","Pantograph","Frozen Egg 2","ClockworkSouvenir","Enchiridion"],"potions_floor_usage":[12,16,24],"damage_taken":[{"damage":0,"enemies":"2 Louse","floor":1,"turns":1},{"damage":0,"enemies":"Small Slimes","floor":4,"turns":1},{"damage":0,"enemies":"Gremlin Nob","floor":7,"turns":1},{"damage":4,"enemies":"Cultist","floor":11,"turns":4},{"damage":29,"enemies":"Lagavulin","floor":12,"turns":5},{"damage":14,"enemies":"Exordium Thugs","floor":13,"turns":3},{"damage":71,"enemies":"Slime Boss","floor":16,"turns":9},{"damage":25,"enemies":"2 Thieves","floor":18,"turns":5},{"damage":30,"enemies":"Shell Parasite","floor":22,"turns":14},{"damage":48,"enemies":"Book of Stabbing","floor":24,"turns":5}],"seed_played":"4824455918529418392","potions_obtained":[{"floor":1,"key":"Energy Potion"},{"floor":4,"key":"AttackPotion"},{"floor":16,"key":"PowerPotion"}],"is_trial":false,"path_per_floor":["M","?","?","M","$","R","E","?","T","R","M","E","M","T","R","B",null,"M","$","?","?","M","R","E"],"character_chosen":"IRONCLAD","items_purchased":["ClockworkSouvenir","True Grit"],"campfire_rested":1,"item_purchase_floors":[19,19],"current_hp_per_floor":[74,74,74,75,75,75,75,75,85,85,85,62,54,54,54,14,67,60,60,39,39,19,44,0],"gold":126,"neow_bonus":"THREE_ENEMY_KILL","is_prod":false,"is_daily":false,"chose_seed":false,"campfire_upgraded":3,"win_rate":0,"timestamp":1549163302,"path_taken":["M","?","?","M","$","R","E","?","T","R","M","E","?","?","R","BOSS","M","$","?","?","?","R","E"],"build_version":"2019-01-23","purchased_purges":1,"victory":false,"max_hp_per_floor":[75,75,75,75,75,75,75,75,85,85,85,85,85,85,85,85,85,85,85,85,85,85,85,85],"card_choices":[{"not_picked":["Wild Strike","Clash"],"picked":"Combust","floor":1},{"not_picked":["Pommel Strike","Flex"],"picked":"Cleave","floor":4},{"not_picked":["Spot Weakness","Wild Strike","Pommel Strike"],"picked":"SKIP","floor":7},{"not_picked":["Sever Soul","Offering"],"picked":"Feel No Pain","floor":11},{"not_picked":["Heavy Blade","Warcry"],"picked":"Shrug It Off","floor":12},{"not_picked":["Pummel","Sword Boomerang","Warcry"],"picked":"SKIP","floor":13},{"not_picked":["Feed","Offering"],"picked":"Reaper","floor":16},{"not_picked":["Dropkick","Body Slam"],"picked":"Shrug It Off","floor":18},{"not_picked":["Shockwave","Pommel Strike"],"picked":"Whirlwind+1","floor":22}],"player_experience":689922,"relics_obtained":[{"floor":7,"key":"Ancient Tea Set"},{"floor":9,"key":"Pear"},{"floor":12,"key":"Pantograph"},{"floor":14,"key":"Frozen Egg 2"},{"floor":20,"key":"Enchiridion"}],"event_choices":[{"cards_removed":["Strike_R"],"damage_healed":0,"gold_gain":0,"player_choice":"Card Removal","damage_taken":0,"max_hp_gain":0,"max_hp_loss":0,"event_name":"The Cleric","floor":2,"gold_loss":75},{"damage_healed":0,"gold_gain":150,"player_choice":"AGREE","damage_taken":0,"max_hp_gain":0,"max_hp_loss":0,"event_name":"Liars Game","floor":3,"gold_loss":0,"cards_obtained":["Doubt"]},{"cards_removed":["Strike_R"],"damage_healed":0,"gold_gain":0,"player_choice":"Offered Basic","damage_taken":0,"max_hp_gain":0,"max_hp_loss":0,"event_name":"Bonfire Elementals","floor":8,"gold_loss":0},{"damage_healed":0,"gold_gain":0,"player_choice":"Obtained Book","damage_taken":21,"max_hp_gain":0,"max_hp_loss":0,"event_name":"Cursed Tome","floor":20,"gold_loss":0},{"damage_healed":0,"gold_gain":50,"player_choice":"Pray","damage_taken":0,"max_hp_gain":0,"max_hp_loss":0,"event_name":"Golden Shrine","floor":21,"gold_loss":0}],"is_beta":false,"boss_relics":[{"not_picked":["Tiny House","Empty Cage"],"picked":"Black Blood"}],"items_purged_floors":[5],"is_endless":false,"potions_floor_spawned":[1,4,16],"killed_by":"Book of Stabbing","ascension_level":15}