{"gold_per_floor":[111,111,127,143,158,188,198,225,225,225,252,308,321,334,334,406,406,425,605,321,337,354,354,379,396,396,412,469,469,59,79,79,156,156,171,171,46,63,81,81,104,133,206,57,82,127,127,145,145,145],"floor_reached":51,"playtime":3987,"items_purged":["Strike_G","Strike_G","Eviscerate"],"score":1352,"play_id":"a3143daf-dc29-447b-b089-260004014812","local_time":"20190219031357","is_ascension_mode":true,"campfire_choices":[{"data":"After Image","floor":10.0,"key":"SMITH"},{"data":"Glass Knife","floor":15.0,"key":"SMITH"},{"data":"Envenom","floor":23,"key":"SMITH"},{"data":"Footwork","floor":29,"key":"SMITH"},{"data":"Cloak And Dagger","floor":32,"key":"SMITH"},{"data":"Adrenaline","floor":40,"key":"SMITH"},{"data":"Malaise","floor":49,"key":"SMITH"}],"neow_cost":"NONE","seed_source_timestamp":99740625793176,"circlet_count":0,"master_deck":["AscendersBane","Survivor","Neutralize+1","Dash","Deflect","Finisher","Glass Knife+1","PiercingWail","Sucker Punch","Dash","After Image+1","Escape Plan","Endless Agony","Slice","Footwork+1","Envenom+1","Bane+1","Poisoned Stab","Infinite Blades","Expertise","Deflect","Cloak And Dagger+1","Endless Agony","Blur+1","Malaise+1","Cloak And Dagger+1","Dagger Throw","Cloak And Dagger","Adrenaline+1","Footwork","Dash","Adrenaline","Caltrops","Sucker Punch","After Image","Dagger Throw","Acrobatics","Dodge and Roll","Endless Agony","Leg Sweep","Infinite Blades","Night Terror","Acrobatics","Dodge and Roll+1"],"special_seed":0,"relics":["Ring of the Snake","Bird Faced Urn","Centennial Puzzle","Happy Flower","Anchor","Ornamental Fan","Sozu","Regal Pillow","Tiny Chest","Pantograph","Pandora\u0027s Box","Oddly Smooth Stone","Paper Crane","Mummified Hand","Mango","StoneCalendar"],"potions_floor_usage":[],"damage_taken":[{"damage":1.0,"enemies":"Small Slimes","floor":1.0,"turns":4.0},{"damage":2.0,"enemies":"Cultist","floor":3.0,"turns":4.0},{"damage":0.0,"enemies":"2 Louse","floor":4.0,"turns":3.0},{"damage":5.0,"enemies":"Exordium Thugs","floor":5.0,"turns":10.0},{"damage":15.0,"enemies":"Gremlin Nob","floor":6.0,"turns":4.0},{"damage":2.0,"enemies":"Red Slaver","floor":7.0,"turns":3.0},{"damage":12.0,"enemies":"3 Sentries","floor":8.0,"turns":10.0},{"damage":0.0,"enemies":"Gremlin Nob","floor":11.0,"turns":5.0},{"damage":0.0,"enemies":"3 Sentries","floor":12.0,"turns":9.0},{"damage":0.0,"enemies":"Blue Slaver","floor":13.0,"turns":3.0},{"damage":0.0,"enemies":"Large Slime","floor":14.0,"turns":8.0},{"damage":13.0,"enemies":"Hexaghost","floor":16.0,"turns":11.0},{"damage":0.0,"enemies":"3 Byrds","floor":18.0,"turns":6.0},{"damage":1.0,"enemies":"Spheric Guardian","floor":21.0,"turns":3.0},{"damage":0,"enemies":"3 Cultists","floor":22,"turns":6},{"damage":11,"enemies":"Gremlin Leader","floor":24,"turns":7},{"damage":0,"enemies":"Centurion and Healer","floor":25,"turns":5},{"damage":0,"enemies":"Cultist and Chosen","floor":27,"turns":6},{"damage":9,"enemies":"Slavers","floor":28,"turns":5},{"damage":0,"enemies":"Shelled Parasite and Fungi","floor":31,"turns":8},{"damage":5,"enemies":"Champ","floor":33,"turns":13},{"damage":14,"enemies":"3 Darklings","floor":35,"turns":6},{"damage":0,"enemies":"3 Shapes","floor":38,"turns":6},{"damage":27,"enemies":"Jaw Worm Horde","floor":39,"turns":5},{"damage":18,"enemies":"Reptomancer","floor":42,"turns":8},{"damage":7,"enemies":"Nemesis","floor":45,"turns":7},{"damage":0,"enemies":"2 Orb Walkers","floor":46,"turns":6},{"damage":0,"enemies":"Writhing Mass","floor":48,"turns":8},{"damage":8,"enemies":"Awakened One","floor":50,"turns":15}],"seed_played":"8395313093404053255","potions_obtained":[{"floor":5.0,"key":"Explosive Potion"},{"floor":6.0,"key":"Ancient Potion"},{"floor":8.0,"key":"SteroidPotion"},{"floor":13.0,"key":"Strength Potion"},{"floor":14.0,"key":"Poison Potion"}],"is_trial":false,"path_per_floor":["M","?","M","M","M","E","M","E","T","R","E","?","M","M","R","B",null,"M","?","$","M","M","R","E","M","T","M","E","R","$","M","R","B",null,"M","?","$","M","M","R","T","E","T","$","E","?","?","M","R","B",null],"character_chosen":"THE_SILENT","items_purchased":["Poisoned Stab","Infinite Blades","Expertise","Deflect","Pantograph","Cloak And Dagger","Dagger Throw","Leg Sweep","Infinite Blades"],"campfire_rested":0,"item_purchase_floors":[20,20,20,20,30,30,30,44,44],"current_hp_per_floor":[58,58,56,56,51,36,34,22,22,22,24,26,28,30,30,21,55,61,43,43,46,54,54,51,59,59,66,59,59,59,66,66,61,65,56,56,56,66,45,45,45,37,37,37,60,72,68,80,80,72],"gold":145,"neow_bonus":"UPGRADE_CARD","is_prod":false,"is_daily":false,"chose_seed":false,"campfire_upgraded":7,"win_rate":0,"timestamp":1550564037,"path_taken":["M","?","M","M","M","E","M","E","T","R","E","?","M","M","R","BOSS","M","?","$","?","M","R","E","M","T","M","E","R","?","?","R","BOSS","M","?","?","M","?","R","?","E","T","$","E","?","?","?","R","BOSS"],"build_version":"2019-01-23","purchased_purges":3,"victory":true,"max_hp_per_floor":[66,66,66,66,66,66,66,66,66,66,66,66,66,66,66,66,66,66,66,66,66,66,66,66,66,66,66,66,66,66,66,66,66,66,66,66,66,66,66,66,66,66,66,66,80,80,80,80,80,80],"card_choices":[{"not_picked":["Flying Knee","Dagger Spray"],"picked":"Dash","floor":1.0},{"not_picked":["Quick Slash","Backflip"],"picked":"Finisher","floor":3.0},{"not_picked":["Acrobatics","Underhanded Strike"],"picked":"Glass Knife","floor":4.0},{"not_picked":["Acrobatics","Terror"],"picked":"PiercingWail","floor":5.0},{"not_picked":["Acrobatics","Outmaneuver"],"picked":"Sucker Punch","floor":6.0},{"not_picked":["Eviscerate","Flying Knee"],"picked":"Dash","floor":7.0},{"not_picked":["Heel Hook","Endless Agony"],"picked":"After Image","floor":8.0},{"not_picked":["Sucker Punch","Expertise"],"picked":"Escape Plan","floor":11.0},{"not_picked":["Concentrate","Dagger Throw"],"picked":"Endless Agony","floor":12.0},{"not_picked":["Blur","Skewer"],"picked":"Slice","floor":13.0},{"not_picked":["Dagger Spray","Deadly Poison"],"picked":"Footwork","floor":14.0},{"not_picked":["Grand Finale","Unload"],"picked":"Envenom","floor":16.0},{"not_picked":["Outmaneuver","Underhanded Strike+1"],"picked":"Bane+1","floor":18.0},{"not_picked":["Catalyst","Deadly Poison"],"picked":"Cloak And Dagger+1","floor":21.0},{"not_picked":["Prepared","Deflect"],"picked":"Endless Agony","floor":22},{"not_picked":["Slice","Sucker Punch","Blade Dance"],"picked":"SKIP","floor":24},{"not_picked":["Slice","Dodge and Roll"],"picked":"Blur+1","floor":25},{"not_picked":["Terror","Deflect","Bane"],"picked":"SKIP","floor":27},{"not_picked":["Crippling Poison","Dagger Throw"],"picked":"Malaise","floor":28},{"not_picked":["Bane","Underhanded Strike"],"picked":"Cloak And Dagger","floor":31},{"not_picked":["Storm of Steel","Glass Knife"],"picked":"Adrenaline","floor":33},{"not_picked":["Slice","Setup"],"picked":"Dagger Throw","floor":35},{"not_picked":["Prepared","Sucker Punch"],"picked":"Acrobatics","floor":38},{"not_picked":["Deadly Poison","Poisoned Stab"],"picked":"Dodge and Roll","floor":39},{"not_picked":["Accuracy","Eviscerate+1"],"picked":"Endless Agony","floor":42},{"not_picked":["Adrenaline","Flying Knee"],"picked":"Night Terror","floor":45},{"not_picked":["Crippling Poison","PiercingWail"],"picked":"Acrobatics","floor":46},{"not_picked":["Dagger Spray","Reflex"],"picked":"Dodge and Roll+1","floor":48}],"player_experience":480508,"relics_obtained":[{"floor":6.0,"key":"Bird Faced Urn"},{"floor":8.0,"key":"Centennial Puzzle"},{"floor":9.0,"key":"Happy Flower"},{"floor":11.0,"key":"Anchor"},{"floor":24,"key":"Regal Pillow"},{"floor":28,"key":"Tiny Chest"},{"floor":41,"key":"Oddly Smooth Stone"},{"floor":42,"key":"Paper Crane"},{"floor":43,"key":"Mummified Hand"},{"floor":45,"key":"Mango"},{"floor":46,"key":"StoneCalendar"}],"event_choices":[{"damage_healed":0.0,"max_hp_gain":0.0,"max_hp_loss":0.0,"gold_gain":0.0,"cards_transformed":["Strike_G"],"event_name":"Living Wall","player_choice":"Change","floor":2.0,"gold_loss":0.0,"damage_taken":0.0,"cards_obtained":["Deflect"]},{"damage_healed":0.0,"max_hp_gain":0.0,"max_hp_loss":0.0,"gold_gain":30.0,"event_name":"Dead Adventurer","player_choice":"Searched \u00273\u0027 times","floor":12.0,"gold_loss":0.0,"damage_taken":0.0,"relics_obtained":["Ornamental Fan"]},{"damage_healed":0.0,"max_hp_gain":0.0,"max_hp_loss":0.0,"gold_gain":180.0,"event_name":"Knowing Skull","player_choice":"GOLD GOLD ","floor":19.0,"potions_obtained":[],"gold_loss":0.0,"damage_taken":18.0,"cards_obtained":[]},{"damage_healed":0,"gold_gain":0,"player_choice":"Ignored","damage_taken":0,"max_hp_gain":0,"max_hp_loss":0,"event_name":"SecretPortal","floor":36,"gold_loss":0},{"damage_healed":0,"gold_gain":0,"player_choice":"Fight","damage_taken":0,"max_hp_gain":0,"max_hp_loss":0,"event_name":"Mysterious Sphere","floor":46,"gold_loss":0},{"damage_healed":0,"gold_gain":0,"player_choice":"Bought 0 Potions","damage_taken":0,"max_hp_gain":0,"max_hp_loss":0,"event_name":"The Woman in Blue","floor":47,"gold_loss":0}],"is_beta":false,"boss_relics":[{"not_picked":["Calling Bell","WristBlade"],"picked":"Sozu"},{"not_picked":["Runic Dome","Busted Crown"],"picked":"Pandora\u0027s Box"}],"items_purged_floors":[20,30,37],"is_endless":false,"potions_floor_spawned":[5,6,8,13,14,21,24,25,27,35,39,45,48],"ascension_level":15}