{"gold_per_floor":[110,130,62,75,75,75,120,120,144,160,170,187,362,234,234,338,338,352,312,327,5,22,39,52,71,71,71,105,105,105,204,204,204],"floor_reached":33,"playtime":1663,"items_purged":["Doubt","Strike_G"],"score":259,"play_id":"30cc2378-2c5e-43a0-8015-a8323c27210c","local_time":"20181207051854","is_ascension_mode":false,"campfire_choices":[{"data":"Deadly Poison","floor":6,"key":"SMITH"},{"data":"Noxious Fumes","floor":8,"key":"SMITH"},{"floor":15,"key":"REST"},{"floor":27,"key":"REST"},{"floor":30,"key":"REST"},{"floor":32,"key":"REST"}],"neow_cost":"NONE","seed_source_timestamp":628677551534607,"circlet_count":0,"master_deck":["Defend_G","Defend_G","Defend_G","Defend_G","Defend_G+1","Strike_G","Strike_G","Strike_G","Survivor+1","Neutralize","Deadly Poison+1","Noxious Fumes+1","Outmaneuver","Deadly Poison+1","Blur","Poisoned Stab","Adrenaline","Deadly Poison+1","Noxious Fumes","Phantasmal Killer"],"relics":["Ring of the Snake","Bronze Scales","Anchor","Sozu","Lantern","StoneCalendar","Letter Opener"],"potions_floor_usage":[12,16,16,20],"damage_taken":[{"damage":0,"enemies":"Jaw Worm","floor":1,"turns":5},{"damage":0,"enemies":"Small Slimes","floor":2,"turns":3},{"damage":0,"enemies":"Cultist","floor":4,"turns":4},{"damage":10,"enemies":"Gremlin Gang","floor":10,"turns":5},{"damage":0,"enemies":"Large Slime","floor":11,"turns":6},{"damage":14,"enemies":"2 Fungi Beasts","floor":12,"turns":3},{"damage":10,"enemies":"Hexaghost","floor":16,"turns":8},{"damage":5,"enemies":"Shell Parasite","floor":18,"turns":5},{"damage":11,"enemies":"2 Thieves","floor":20,"turns":4},{"damage":6,"enemies":"Snecko","floor":22,"turns":4},{"damage":6,"enemies":"Centurion and Healer","floor":23,"turns":6},{"damage":16,"enemies":"3 Cultists","floor":24,"turns":5},{"damage":10,"enemies":"Shelled Parasite and Fungi","floor":25,"turns":4},{"damage":28,"enemies":"Gremlin Leader","floor":28,"turns":6},{"damage":63,"enemies":"Automaton","floor":33,"turns":8}],"seed_played":"-2200504021129890981","potions_obtained":[{"floor":2,"key":"Strength Potion"},{"floor":10,"key":"GamblersBrew"},{"floor":11,"key":"PowerPotion"},{"floor":16,"key":"Weak Potion"}],"is_trial":false,"path_per_floor":["M","M","$","M","?","R","T","R","T","M","M","M","?","$","R","B",null,"M","?","M","$","M","M","M","M","T","R","E","?","R","?","R","B"],"character_chosen":"THE_SILENT","items_purchased":["Noxious Fumes","Poisoned Stab","Lantern","Noxious Fumes"],"campfire_rested":4,"item_purchase_floors":[3,14,21,21],"current_hp_per_floor":[70,70,70,70,63,63,63,63,63,53,53,39,39,39,60,50,70,65,65,54,54,48,42,26,16,16,37,9,9,30,30,51,0],"gold":204,"neow_bonus":"UPGRADE_CARD","is_prod":false,"is_daily":false,"chose_seed":false,"campfire_upgraded":2,"win_rate":0.0,"timestamp":1544177934,"path_taken":["M","M","$","M","?","R","?","R","T","M","M","M","?","$","R","BOSS","M","?","M","$","M","?","M","?","T","R","E","?","R","?","R","BOSS"],"build_version":"2018-12-06","purchased_purges":2,"victory":false,"max_hp_per_floor":[70,70,70,70,70,70,70,70,70,70,70,70,70,70,70,70,70,70,70,70,70,70,70,70,70,70,70,70,70,70,70,70,70],"card_choices":[{"not_picked":["Underhanded Strike","Dodge and Roll","Well Laid Plans"],"picked":"SKIP","floor":1},{"not_picked":["Dagger Spray","Backflip"],"picked":"Deadly Poison","floor":2},{"not_picked":["Dagger Throw","Endless Agony"],"picked":"Outmaneuver","floor":4},{"not_picked":["Acrobatics","Burst"],"picked":"Deadly Poison","floor":10},{"not_picked":["Expertise","Bane"],"picked":"Blur","floor":11},{"not_picked":["Tactician","Footwork","Bane"],"picked":"SKIP","floor":12},{"not_picked":["After Image","Bullet Time"],"picked":"Adrenaline","floor":16},{"not_picked":["Quick Slash","Poisoned Stab+1"],"picked":"Deadly Poison+1","floor":18},{"not_picked":["Quick Slash+1","Sucker Punch+1","Leg Sweep"],"picked":"SKIP","floor":20},{"not_picked":["Dash","Eviscerate"],"picked":"Phantasmal Killer","floor":22},{"not_picked":["Slice+1","Distraction","Terror"],"picked":"SKIP","floor":23},{"not_picked":["Flying Knee+1","Leg Sweep","Sucker Punch+1"],"picked":"SKIP","floor":24},{"not_picked":["Expertise","Heel Hook+1","Dagger Spray"],"picked":"SKIP","floor":25},{"not_picked":["Dagger Spray+1","Die Die Die","Well Laid Plans"],"picked":"SKIP","floor":28}],"player_experience":181930,"relics_obtained":[{"floor":7,"key":"Bronze Scales"},{"floor":9,"key":"Anchor"},{"floor":26,"key":"StoneCalendar"},{"floor":28,"key":"Letter Opener"}],"event_choices":[{"cards_removed":["Strike_G"],"damage_healed":0,"gold_gain":0,"player_choice":"Card Removal","damage_taken":7,"max_hp_gain":0,"max_hp_loss":0,"event_name":"Golden Wing","floor":5,"gold_loss":0},{"damage_healed":0,"gold_gain":175,"player_choice":"AGREE","damage_taken":0,"max_hp_gain":0,"max_hp_loss":0,"event_name":"Liars Game","floor":13,"gold_loss":0,"cards_obtained":["Doubt"]},{"damage_healed":0,"gold_gain":0,"player_choice":"Upgraded Two","damage_taken":0,"max_hp_gain":0,"max_hp_loss":0,"event_name":"Designer","floor":19,"gold_loss":40,"cards_upgraded":["Defend_G","Deadly Poison"]},{"damage_healed":0,"gold_gain":0,"player_choice":"Ignored","damage_taken":0,"max_hp_gain":0,"max_hp_loss":0,"event_name":"Ghosts","floor":29,"gold_loss":0},{"damage_healed":0,"gold_gain":99,"player_choice":"Stole From Cult","damage_taken":0,"max_hp_gain":0,"max_hp_loss":0,"event_name":"Nest","floor":31,"gold_loss":0}],"is_beta":false,"boss_relics":[{"not_picked":["Eternal Feather","WristBlade"],"picked":"Sozu"}],"items_purged_floors":[14,21],"is_endless":false,"potions_floor_spawned":[2,10,11,16,22,23,24,28],"killed_by":"Automaton","ascension_level":0}