{"path_per_floor":["M","M","M","M","?","E","R","$","T","M","E","M","?","E","R","B",null,"M","M","$","?","M","R","E","R","T","?","$"],"character_chosen":"IRONCLAD","items_purchased":["Whetstone","Dual Wield","Corruption"],"gold_per_floor":[219,235,248,264,214,246,246,24,50,61,88,108,179,209,209,282,282,298,308,103,18,37,37,68,68,68,68,68,68],"floor_reached":29,"campfire_rested":2,"playtime":1690,"current_hp_per_floor":[75,75,80,70,70,47,47,47,47,49,41,47,47,48,48,19,68,62,50,50,50,18,43,12,38,38,38,38,0],"items_purged":["Strike_R","Strike_R"],"gold":68,"score":434,"play_id":"37da56fe-2beb-45a9-82a7-4fc6e3399610","local_time":"20180426190509","is_prod":false,"is_daily":false,"chose_seed":false,"is_ascension_mode":true,"campfire_upgraded":2,"timestamp":1524762309,"path_taken":["M","M","M","M","?","E","R","$","T","M","E","?","?","E","R","BOSS","M","M","$","?","M","R","E","R","T","?","?","M"],"build_version":"2018-04-19","seed_source_timestamp":297985230280597,"purchased_purges":2,"victory":false,"master_deck":["Strike_R+1","Strike_R+1","Defend_R+1","Defend_R+1","Defend_R+1","Defend_R+1","Bash","AscendersBane","Uppercut+1","Anger","Limit Break","Ghostly Armor","Demon Form","Metallicize","Feel No Pain+1","Feel No Pain","Fiend Fire","Headbutt","Metallicize","True Grit","Warcry","Shockwave+1","Dual Wield","Corruption","Dual Wield","Disarm"],"max_hp_per_floor":[80,80,80,80,80,80,80,80,80,80,80,80,80,82,82,82,84,84,86,86,86,86,86,88,88,88,88,88,88],"relics":["Burning Blood","Singing Bowl","Whetstone","Prayer Wheel","Vajra","Juzu Bracelet","Orrery","Gremlin Horn","Self Forming Clay","Bottled Flame"],"card_choices":[{"not_picked":["Whirlwind","Thunderclap"],"picked":"Uppercut","floor":1},{"not_picked":["Twin Strike","Havoc"],"picked":"Anger","floor":2},{"not_picked":["Bloodletting","Feel No Pain"],"picked":"Limit Break","floor":3},{"not_picked":["Shrug It Off","Flex"],"picked":"Ghostly Armor","floor":4},{"not_picked":["Rupture","Corruption"],"picked":"Demon Form","floor":6},{"not_picked":["Spot Weakness","Hemokinesis"],"picked":"Metallicize","floor":10},{"not_picked":["Clothesline","Flex"],"picked":"Feel No Pain","floor":11},{"not_picked":["Rupture","True Grit"],"picked":"Feel No Pain","floor":12},{"not_picked":["Berserk","Exhume"],"picked":"Fiend Fire","floor":16},{"not_picked":["Uppercut","Rage"],"picked":"Headbutt","floor":17},{"not_picked":["Wild Strike","Thunderclap"],"picked":"Metallicize","floor":17},{"not_picked":["Body Slam","Rampage"],"picked":"True Grit","floor":17},{"not_picked":["Twin Strike","Pommel Strike"],"picked":"Warcry","floor":17},{"not_picked":["Cleave","Heavy Blade"],"picked":"Shockwave","floor":18},{"not_picked":["Cleave","Wild Strike"],"picked":"Dual Wield","floor":22},{"not_picked":["Bloodletting","Iron Wave"],"picked":"Disarm","floor":26}],"player_experience":450451,"potions_floor_usage":[6,14,14,24],"damage_taken":[{"damage":3,"enemies":"2 Louse","floor":1,"turns":2},{"damage":6,"enemies":"Jaw Worm","floor":2,"turns":5},{"damage":0,"enemies":"Cultist","floor":3,"turns":2},{"damage":16,"enemies":"Blue Slaver","floor":4,"turns":3},{"damage":29,"enemies":"3 Sentries","floor":6,"turns":9},{"damage":4,"enemies":"Exordium Wildlife","floor":10,"turns":5},{"damage":14,"enemies":"Lagavulin","floor":11,"turns":7},{"damage":0,"enemies":"Large Slime","floor":12,"turns":6},{"damage":7,"enemies":"Gremlin Nob","floor":14,"turns":4},{"damage":35,"enemies":"Slime Boss","floor":16,"turns":9},{"damage":12,"enemies":"3 Byrds","floor":18,"turns":8},{"damage":20,"enemies":"Chosen","floor":19,"turns":7},{"damage":38,"enemies":"Snake Plant","floor":22,"turns":6},{"damage":39,"enemies":"Slavers","floor":24,"turns":10},{"damage":48,"enemies":"Centurion and Healer","floor":29,"turns":6}],"event_choices":[{"event_name":"The Cleric","player_choice":"Card Removal","floor":5,"damage_taken":0},{"event_name":"Golden Wing","player_choice":"Gained Gold","floor":13,"damage_taken":0},{"event_name":"Addict","player_choice":"Obtained Relic","floor":21,"damage_taken":0},{"event_name":"Back to Basics","player_choice":"Simplicity","floor":27,"damage_taken":0}],"boss_relics":[{"not_picked":["Calling Bell","Runic Pyramid"],"picked":"Orrery"}],"potions_floor_spawned":[1,4,6,11,19],"seed_played":"-4248044723041438736","killed_by":"Centurion and Healer","ascension_level":13,"is_trial":false}