{"path_per_floor":["M","?","M","M","$","R","M","R","T","E","R","M","M","E","R","B",null,"M","?","M","M"],"character_chosen":"IRONCLAD","items_purchased":["Flame Barrier"],"gold_per_floor":[110,110,127,138,103,103,119,119,119,150,150,166,177,208,208,309,309,328,328,339,352,352],"floor_reached":22,"campfire_rested":1,"playtime":2094,"current_hp_per_floor":[80,80,80,76,76,76,80,80,80,74,74,47,40,18,42,8,80,60,60,46,32,0],"items_purged":[],"gold":352,"score":198,"play_id":"cb5439ce-0543-4896-b9ff-171f1050f525","local_time":"20180406215257","is_prod":false,"is_daily":false,"is_ascension_mode":false,"campfire_upgraded":3,"timestamp":1523044377,"path_taken":["M","?","M","M","$","R","M","R","T","E","R","M","?","E","R","BOSS","M","?","M","?","?"],"build_version":"2018-04-05v2","purchased_purges":0,"victory":false,"master_deck":["Strike_R","Strike_R","Strike_R","Strike_R","Strike_R","Defend_R","Defend_R","Defend_R","Bash","Armaments+1","Twin Strike","Metallicize+1","Flame Barrier","Juggernaut+1","Anger","Barricade","Dropkick","Fire Breathing","Finesse","Rage"],"max_hp_per_floor":[80,80,80,80,80,80,80,80,80,80,80,80,80,80,80,80,80,80,80,80,80,80],"relics":["Burning Blood","Charon\u0027s Ashes","Bag of Marbles","Ancient Tea Set","Black Star"],"card_choices":[{"not_picked":["Clothesline","Feed"],"picked":"Armaments","floor":1},{"not_picked":["Entrench","Hemokinesis"],"picked":"Twin Strike","floor":3},{"not_picked":["Flex","Clash"],"picked":"Metallicize","floor":4},{"not_picked":["Demon Form","Rupture"],"picked":"Juggernaut","floor":10},{"not_picked":["Perfected Strike","Corruption"],"picked":"Anger","floor":14},{"not_picked":["Impervious","Offering"],"picked":"Barricade","floor":16},{"not_picked":["Pummel","Body Slam"],"picked":"Dropkick","floor":18},{"not_picked":["Warcry","Flex"],"picked":"Rage","floor":21}],"player_experience":26045,"potions_floor_usage":[20,22,22],"damage_taken":[{"damage":3,"enemies":"Jaw Worm","floor":1,"turns":4},{"damage":1,"enemies":"Cultist","floor":3,"turns":3},{"damage":10,"enemies":"Small Slimes","floor":4,"turns":3},{"damage":1,"enemies":"Blue Slaver","floor":7,"turns":5},{"damage":12,"enemies":"Gremlin Nob","floor":10,"turns":4},{"damage":33,"enemies":"Gremlin Gang","floor":12,"turns":5},{"damage":13,"enemies":"Lots of Slimes","floor":13,"turns":6},{"damage":28,"enemies":"Lagavulin","floor":14,"turns":7},{"damage":40,"enemies":"The Guardian","floor":16,"turns":10},{"damage":26,"enemies":"3 Byrds","floor":18,"turns":5},{"damage":20,"enemies":"Shell Parasite","floor":20,"turns":7},{"damage":20,"enemies":"Centurion and Healer","floor":21,"turns":11},{"damage":36,"enemies":"Slaver and Parasite","floor":22,"turns":4}],"event_choices":[{"event_name":"Bonfire Elementals","player_choice":"BASIC","floor":2,"damage_taken":0},{"event_name":"Match and Keep!","player_choice":"2 cards matched","floor":19,"damage_taken":0}],"boss_relics":[{"not_picked":["Philosopher\u0027s Stone","Astrolabe"],"picked":"Black Star"}],"potions_floor_spawned":[4,7,12,16,18],"seed_played":"9068336846204101439","killed_by":"Slaver and Parasite","ascension_level":0,"is_trial":false}