{"gold_per_floor":[110,128,128,27,39,39,49,49,49,49,63,39,54,70,70,170,170,181,201,116,126,139,139,139],"floor_reached":24,"playtime":1189,"items_purged":["Decay"],"score":192,"play_id":"50ec9f5d-d6f8-44c3-b4fd-8fffce4e95f1","local_time":"20181211002313","is_ascension_mode":false,"campfire_choices":[{"data":"Cloak And Dagger","floor":6,"key":"SMITH"},{"data":"Backstab","floor":8,"key":"SMITH"},{"data":"Flying Knee","floor":10,"key":"SMITH"},{"data":"Neutralize","floor":15,"key":"SMITH"},{"floor":23,"key":"REST"}],"neow_cost":"NONE","seed_source_timestamp":957010431847655,"circlet_count":0,"master_deck":["Defend_G","Defend_G","Defend_G","Defend_G","Defend_G","Strike_G","Strike_G","Strike_G","Strike_G","Strike_G","Survivor","Neutralize+1","Deadly Poison","Backstab+1","Flying Knee+1","Cloak And Dagger+1","Infinite Blades","Poisoned Stab","Infinite Blades","PiercingWail","Noxious Fumes","Cloak And Dagger"],"relics":["Ring of the Snake","Pantograph","WristBlade"],"potions_floor_usage":[1,1,7,7,16,16,18,21,22],"damage_taken":[{"damage":0,"enemies":"Small Slimes","floor":1,"turns":3},{"damage":1,"enemies":"Cultist","floor":2,"turns":4},{"damage":1,"enemies":"Jaw Worm","floor":5,"turns":3},{"damage":1,"enemies":"Large Slime","floor":7,"turns":4},{"damage":0,"enemies":"Exordium Wildlife","floor":11,"turns":2},{"damage":0,"enemies":"2 Fungi Beasts","floor":13,"turns":2},{"damage":0,"enemies":"3 Louse","floor":14,"turns":3},{"damage":47,"enemies":"The Guardian","floor":16,"turns":13},{"damage":23,"enemies":"2 Thieves","floor":18,"turns":4},{"damage":0,"enemies":"Spheric Guardian","floor":19,"turns":3},{"damage":28,"enemies":"Snake Plant","floor":21,"turns":5},{"damage":13,"enemies":"Centurion and Healer","floor":22,"turns":6},{"damage":32,"enemies":"Sentry and Sphere","floor":24,"turns":5}],"seed_played":"-5754408225933050623","potions_obtained":[{"floor":0,"key":"Block Potion"},{"floor":0,"key":"Poison Potion"},{"floor":0,"key":"LiquidBronze"},{"floor":1,"key":"Poison Potion"},{"floor":7,"key":"Dexterity Potion"},{"floor":13,"key":"Strength Potion"},{"floor":16,"key":"Strength Potion"},{"floor":19,"key":"Weak Potion"},{"floor":21,"key":"FearPotion"}],"is_trial":false,"path_per_floor":["M","M","?","$","M","R","M","R","T","R","M","$","M","M","R","B",null,"M","M","$","M","M","R","M"],"character_chosen":"THE_SILENT","items_purchased":["Flying Knee","Poisoned Stab","PiercingWail","Noxious Fumes"],"campfire_rested":1,"item_purchase_floors":[4,12,20,20],"current_hp_per_floor":[70,69,69,69,68,68,67,67,67,67,67,67,67,67,67,23,70,47,47,47,19,6,27,0],"gold":139,"neow_bonus":"THREE_SMALL_POTIONS","is_prod":false,"is_daily":false,"chose_seed":false,"campfire_upgraded":4,"win_rate":0.0,"timestamp":1544505793,"path_taken":["M","M","?","$","M","R","M","R","T","R","M","?","?","M","R","BOSS","M","M","$","M","M","R","M"],"build_version":"2018-12-06","purchased_purges":1,"victory":false,"max_hp_per_floor":[70,70,70,70,70,70,70,70,70,70,70,70,70,70,70,70,70,70,70,70,70,70,70,70],"card_choices":[{"not_picked":["Eviscerate","Heel Hook"],"picked":"Deadly Poison","floor":1},{"not_picked":["Dodge and Roll","Prepared"],"picked":"Backstab","floor":2},{"not_picked":["Footwork","Caltrops"],"picked":"Cloak And Dagger","floor":5},{"not_picked":["Masterful Stab","Dodge and Roll","Quick Slash"],"picked":"SKIP","floor":7},{"not_picked":["Skewer","Cloak And Dagger"],"picked":"Infinite Blades","floor":11},{"not_picked":["Choke","Backflip","Venomology"],"picked":"SKIP","floor":13},{"not_picked":["Quick Slash","Slice","Backflip"],"picked":"SKIP","floor":14},{"not_picked":["Poisoned Stab","Bane"],"picked":"Infinite Blades","floor":18},{"not_picked":["Dodge and Roll","Bane","Tactician"],"picked":"SKIP","floor":19},{"not_picked":["Backflip","Sucker Punch","Skewer+1"],"picked":"SKIP","floor":21},{"not_picked":["Corpse Explosion","Prepared"],"picked":"Cloak And Dagger","floor":22}],"player_experience":234991,"relics_obtained":[{"floor":9,"key":"Pantograph"}],"event_choices":[{"damage_healed":0,"gold_gain":0,"player_choice":"Cursed","damage_taken":0,"max_hp_gain":0,"max_hp_loss":0,"event_name":"Wheel of Change","floor":3,"gold_loss":0,"cards_obtained":["Decay"]}],"is_beta":false,"boss_relics":[{"not_picked":["Runic Dome","Sozu"],"picked":"WristBlade"}],"items_purged_floors":[4],"is_endless":false,"potions_floor_spawned":[1,7,13,16,19,21],"killed_by":"Sentry and Sphere","ascension_level":0}