{"path_per_floor":["M","?","?","M","$","R","E","R","T","M","M","R","M","M","R","B",null,"M","$","?","M","M","R","$","E","T","M","R","E","M","M","R","B",null,"M","$","$","?","M","R","M","R","T","R","M","M","R","M","R","B"],"character_chosen":"IRONCLAD","items_purchased":["Fiend Fire","Panache","Corruption","Shrug It Off","Feel No Pain","Warcry","Juggernaut"],"gold_per_floor":[214,214,214,228,70,70,102,102,126,139,149,149,159,177,177,282,282,292,16,16,36,53,53,28,63,63,79,79,113,129,144,144,247,247,266,164,16,0,18,18,29,29,76,76,94,113,113,131,131,131],"floor_reached":51,"campfire_rested":2,"playtime":2267,"current_hp_per_floor":[68,68,61,60,60,60,15,15,15,19,24,24,22,24,24,14,64,31,31,31,37,26,50,50,16,16,22,46,52,37,43,43,38,70,65,65,65,65,65,77,67,80,80,80,74,80,80,80,80,80],"items_purged":[],"gold":131,"score":1185,"play_id":"13561d81-ad13-465c-96f4-832eee45bf49","local_time":"20180326153102","is_prod":false,"is_daily":false,"is_ascension_mode":true,"campfire_upgraded":10,"timestamp":1522045862,"path_taken":["M","?","?","M","$","R","E","R","T","M","M","R","M","M","R","BOSS","M","$","?","M","?","R","?","E","T","M","R","E","M","M","R","BOSS","M","?","$","?","M","R","M","R","T","R","M","M","R","M","R","BOSS"],"build_version":"2018-03-22v2","purchased_purges":1,"victory":true,"master_deck":["Strike_R+1","Strike_R+1","Strike_R+1","Strike_R+1","Defend_R+1","Defend_R+1","Defend_R+1","Defend_R+1","Bash","AscendersBane","Pummel","Flame Barrier+1","Fiend Fire+1","Infernal Blade+1","Anger+1","Shrug It Off","Burning Pact","Demon Form+1","Shockwave","Panache","Corruption+1","Headbutt+1","Heavy Blade","Shrug It Off","Armaments+1","Havoc+1","Battle Trance+1","Havoc+1","Evolve+1","Dark Embrace+1","Warcry+1","Feel No Pain+1","Warcry+1","Juggernaut+1","Intimidate+1","Body Slam+1","Infernal Blade+1"],"max_hp_per_floor":[80,80,80,80,80,80,80,80,80,80,80,80,80,80,80,80,80,80,80,80,80,80,80,80,80,80,80,80,80,80,80,80,80,80,80,80,80,80,80,80,80,80,80,80,80,80,80,80,80,80],"relics":["Burning Blood","Art of War","Prayer Wheel","Mark of Pain","Toxic Egg 2","Charon\u0027s Ashes","Thread and Needle","Eternal Feather","Red Mask","Ancient Tea Set"],"card_choices":[{"not_picked":["Clash","Wild Strike"],"picked":"Pummel","floor":1},{"not_picked":["Clash","Body Slam"],"picked":"Flame Barrier","floor":4},{"not_picked":["Power Through","Havoc"],"picked":"Infernal Blade","floor":10},{"not_picked":["Dropkick","Clash"],"picked":"Anger","floor":11},{"not_picked":["Warcry","Ghostly Armor"],"picked":"Shrug It Off","floor":13},{"not_picked":["Armaments","Heavy Blade"],"picked":"Burning Pact","floor":14},{"not_picked":["Dark Embrace","Impervious"],"picked":"Demon Form","floor":16},{"not_picked":["Headbutt","Armaments"],"picked":"Shockwave","floor":18},{"not_picked":["Corruption","True Grit"],"picked":"Headbutt","floor":21},{"not_picked":["Armaments","Sword Boomerang"],"picked":"Heavy Blade","floor":22},{"not_picked":["Pummel","Barricade"],"picked":"Armaments","floor":25},{"not_picked":["Armaments","Hemokinesis"],"picked":"Havoc","floor":26},{"not_picked":["Dropkick","Sword Boomerang"],"picked":"Battle Trance","floor":27},{"not_picked":["Shockwave","Perfected Strike"],"picked":"Havoc","floor":30},{"not_picked":["Wild Strike","Thunderclap"],"picked":"Evolve","floor":31},{"not_picked":["Brutality","Juggernaut"],"picked":"Dark Embrace","floor":33},{"not_picked":["Iron Wave","Pommel Strike"],"picked":"Warcry","floor":35},{"not_picked":["Havoc","Shrug It Off"],"picked":"Intimidate","floor":41},{"not_picked":["Burning Pact","Sword Boomerang"],"picked":"Body Slam","floor":43},{"not_picked":["Rage","Entrench"],"picked":"Infernal Blade","floor":46}],"player_experience":365159,"potions_floor_usage":[11,16,22,33,33,41],"damage_taken":[{"damage":10,"enemies":"2 Louse","floor":1,"turns":3},{"damage":7,"enemies":"Small Slimes","floor":4,"turns":4},{"damage":51,"enemies":"3 Sentries","floor":7,"turns":13},{"damage":2,"enemies":"Jaw Worm","floor":10,"turns":5},{"damage":1,"enemies":"Exordium Thugs","floor":11,"turns":3},{"damage":8,"enemies":"Blue Slaver","floor":13,"turns":4},{"damage":4,"enemies":"Large Slime","floor":14,"turns":6},{"damage":16,"enemies":"The Guardian","floor":16,"turns":13},{"damage":39,"enemies":"Spheric Guardian","floor":18,"turns":6},{"damage":0,"enemies":"Chosen","floor":21,"turns":5},{"damage":17,"enemies":"Snake Plant","floor":22,"turns":5},{"damage":40,"enemies":"Book of Stabbing","floor":25,"turns":6},{"damage":0,"enemies":"Centurion and Healer","floor":27,"turns":5},{"damage":0,"enemies":"Slavers","floor":29,"turns":3},{"damage":21,"enemies":"Slaver and Parasite","floor":30,"turns":4},{"damage":0,"enemies":"Chosen and Byrds","floor":31,"turns":2},{"damage":11,"enemies":"Champ","floor":33,"turns":6},{"damage":11,"enemies":"Orb Walker","floor":35,"turns":3},{"damage":6,"enemies":"3 Darklings","floor":39,"turns":3},{"damage":16,"enemies":"Sphere and 2 Shapes","floor":41,"turns":4},{"damage":12,"enemies":"4 Shapes","floor":45,"turns":3},{"damage":0,"enemies":"Maw","floor":46,"turns":4},{"damage":6,"enemies":"Sphere and 2 Shapes","floor":48,"turns":4},{"damage":0,"enemies":"Donu and Deca","floor":50,"turns":6}],"event_choices":[{"event_name":"Living Wall","player_choice":"Change","floor":2,"damage_taken":0},{"event_name":"Golden Wing","player_choice":"Card Removal","floor":3,"damage_taken":0},{"event_name":"Back to Basics","player_choice":"Simplicity","floor":20,"damage_taken":0},{"event_name":"Tomb of Lord Red Mask","player_choice":"Paid","floor":38,"damage_taken":0}],"boss_relics":[{"not_picked":["Ectoplasm","Runic Pyramid"],"picked":"Mark of Pain"},{"not_picked":["Orrery","Black Star"],"picked":"Eternal Feather"}],"potions_floor_spawned":[1,13,14,18,22,30,31,39],"seed_played":"2807588247167885430","ascension_level":11,"is_trial":false}