{"gold_per_floor":[118,118,118,138,63,63,163,175,175,188,32,32,62,79,79,179,179,189,202,110,110,42,61,76,96,96,112,129,144,162,192,192,291,291,305,324,324,339,349,349,349,349,373,386,386,399,399,419,419,419],"floor_reached":50,"playtime":2040,"items_purged":["Normality"],"score":522,"play_id":"7ad2153c-c4e6-45ae-b5ab-9657a62e1885","local_time":"20181212203200","is_ascension_mode":false,"campfire_choices":[{"data":"Blade Dance","floor":6.0,"key":"SMITH"},{"data":"Cloak And Dagger","floor":12.0,"key":"SMITH"},{"data":"Accuracy","floor":15.0,"key":"SMITH"},{"data":"Mind Blast","floor":32.0,"key":"SMITH"},{"data":"Storm of Steel","floor":40.0,"key":"SMITH"},{"floor":42.0,"key":"REST"},{"data":"Accuracy","floor":45.0,"key":"SMITH"},{"floor":47.0,"key":"REST"},{"floor":49.0,"key":"REST"}],"neow_cost":"NONE","seed_source_timestamp":0,"circlet_count":0,"master_deck":["Defend_G","Defend_G","Defend_G","Defend_G","Defend_G","Strike_G","Strike_G","Strike_G","Strike_G","Strike_G","Survivor","Neutralize","Blade Dance+1","Endless Agony","Neutralize","Cloak And Dagger+1","Backstab","Accuracy+1","Envenom","Deflect+1","Mind Blast+1","Accuracy","Blade Dance","Blade Dance","Deflect","Blade Dance+1","Storm of Steel+1","Backstab+1","Accuracy+1","Cloak And Dagger","Madness","Madness","Blade Dance+1"],"special_seed":0,"relics":["Ring of the Snake","Happy Flower","Potion Belt","Strawberry","Shuriken","WristBlade","Meat on the Bone","Mango","Sozu","Smiling Mask"],"potions_floor_usage":[],"damage_taken":[{"damage":0.0,"enemies":"Small Slimes","floor":1.0,"turns":3.0},{"damage":8.0,"enemies":"Jaw Worm","floor":4.0,"turns":3.0},{"damage":0.0,"enemies":"Cultist","floor":8.0,"turns":3.0},{"damage":0.0,"enemies":"Red Slaver","floor":10.0,"turns":4.0},{"damage":8.0,"enemies":"3 Sentries","floor":13.0,"turns":7.0},{"damage":0.0,"enemies":"Large Slime","floor":14.0,"turns":3.0},{"damage":40.0,"enemies":"The Guardian","floor":16.0,"turns":14.0},{"damage":5.0,"enemies":"2 Thieves","floor":18.0,"turns":2.0},{"damage":0.0,"enemies":"Spheric Guardian","floor":19.0,"turns":1.0},{"damage":7.0,"enemies":"3 Cultists","floor":23.0,"turns":4.0},{"damage":7.0,"enemies":"Snecko","floor":24.0,"turns":4.0},{"damage":12.0,"enemies":"Snake Plant","floor":25.0,"turns":4.0},{"damage":5.0,"enemies":"Shelled Parasite and Fungi","floor":27.0,"turns":3.0},{"damage":0.0,"enemies":"Sentry and Sphere","floor":28.0,"turns":3.0},{"damage":9.0,"enemies":"Snecko","floor":29.0,"turns":4.0},{"damage":1.0,"enemies":"Cultist and Chosen","floor":30.0,"turns":3.0},{"damage":12.0,"enemies":"Book of Stabbing","floor":31.0,"turns":3.0},{"damage":49.0,"enemies":"Collector","floor":33.0,"turns":5.0},{"damage":25.0,"enemies":"3 Darklings","floor":35.0,"turns":3.0},{"damage":10.0,"enemies":"Orb Walker","floor":36.0,"turns":2.0},{"damage":0.0,"enemies":"Transient","floor":38.0,"turns":5.0},{"damage":8.0,"enemies":"Jaw Worm Horde","floor":39.0,"turns":3.0},{"damage":7.0,"enemies":"Spire Growth","floor":44.0,"turns":3.0},{"damage":21.0,"enemies":"Transient","floor":46.0,"turns":5.0},{"damage":31.0,"enemies":"Maw","floor":48.0,"turns":5.0},{"damage":83,"enemies":"Donu and Deca","floor":50,"turns":6}],"seed_played":"9035874349583893628","potions_obtained":[{"floor":13.0,"key":"SteroidPotion"},{"floor":16.0,"key":"AttackPotion"},{"floor":18.0,"key":"Explosive Potion"},{"floor":24.0,"key":"Weak Potion"},{"floor":25.0,"key":"LiquidBronze"},{"floor":31.0,"key":"Poison Potion"},{"floor":33.0,"key":"GamblersBrew"}],"is_trial":false,"path_per_floor":["M","?","?","M","$","R","?","M","T","M","$","R","E","M","R","B",null,"M","M","$","?","$","M","M","M","T","M","M","M","M","E","R","B",null,"M","M","?","M","M","R","?","R","T","M","R","M","R","M","R","B"],"character_chosen":"THE_SILENT","items_purchased":["Strawberry","Mind Blast","Accuracy"],"campfire_rested":3,"item_purchase_floors":[11,20,22],"current_hp_per_floor":[70,75,75,67,67,67,67,67,67,67,74,74,66,66,66,26,82,77,77,77,69,69,62,55,43,43,50,50,53,52,66,66,29,96,71,61,61,61,53,53,41,69,69,62,62,53,81,50,78,0],"gold":419,"neow_bonus":"RANDOM_COMMON_RELIC","is_prod":false,"is_daily":false,"chose_seed":false,"campfire_upgraded":6,"win_rate":0.0,"timestamp":1544664720,"path_taken":["M","?","?","?","?","R","?","M","T","?","$","R","E","M","R","BOSS","M","M","?","?","$","M","M","M","T","M","?","M","M","E","R","BOSS","M","?","?","M","?","R","?","R","T","M","R","M","R","M","R","BOSS"],"build_version":"2018-12-06","purchased_purges":1,"victory":false,"max_hp_per_floor":[70,75,75,75,75,75,75,75,75,75,82,82,82,82,82,82,82,82,82,82,82,82,82,82,82,82,82,82,82,82,96,96,96,96,96,96,96,96,96,96,96,96,96,96,96,96,96,96,96,96],"card_choices":[{"not_picked":["Skewer","Backflip"],"picked":"Blade Dance","floor":1.0},{"not_picked":["Skewer","Distraction"],"picked":"Cloak And Dagger","floor":4.0},{"not_picked":["Footwork","Poisoned Stab"],"picked":"Backstab","floor":8.0},{"not_picked":["Quick Slash","PiercingWail","Dagger Throw"],"picked":"SKIP","floor":10.0},{"not_picked":["Dagger Spray","Night Terror","PiercingWail"],"picked":"SKIP","floor":13.0},{"not_picked":["Poisoned Stab","PiercingWail"],"picked":"Accuracy","floor":14.0},{"not_picked":["Wraith Form v2","Doppelganger"],"picked":"Envenom","floor":16.0},{"not_picked":["Dodge and Roll","Concentrate"],"picked":"Deflect+1","floor":18.0},{"not_picked":["Catalyst","Riddle With Holes+1","Dagger Throw"],"picked":"SKIP","floor":19.0},{"not_picked":["Endless Agony+1","Masterful Stab","PiercingWail+1"],"picked":"SKIP","floor":23.0},{"not_picked":["Terror","Prepared+1"],"picked":"Blade Dance","floor":24.0},{"not_picked":["Quick Slash","Dagger Throw+1"],"picked":"Blade Dance","floor":25.0},{"not_picked":["Concentrate+1","All Out Attack"],"picked":"Deflect","floor":27.0},{"not_picked":["Burst","Dagger Throw+1"],"picked":"Blade Dance+1","floor":28.0},{"not_picked":["Quick Slash+1","Outmaneuver","Flying Knee"],"picked":"SKIP","floor":29.0},{"not_picked":["Underhanded Strike","Well Laid Plans+1","Heel Hook"],"picked":"SKIP","floor":30.0},{"not_picked":["PiercingWail","Venomology"],"picked":"Storm of Steel","floor":31.0},{"not_picked":["Dagger Throw+1","Blur"],"picked":"Backstab+1","floor":35.0},{"not_picked":["Quick Slash","Footwork+1"],"picked":"Accuracy","floor":36.0},{"not_picked":["Heel Hook+1","Slice"],"picked":"Cloak And Dagger","floor":38.0},{"not_picked":["Flechettes+1","Bane","Dagger Throw"],"picked":"SKIP","floor":39.0},{"not_picked":["Flying Knee+1","Outmaneuver"],"picked":"Blade Dance+1","floor":44.0},{"not_picked":["Acrobatics","After Image","Endless Agony"],"picked":"SKIP","floor":46.0},{"not_picked":["Backflip","Skewer+1","Acrobatics+1"],"picked":"SKIP","floor":48.0}],"player_experience":264777,"relics_obtained":[{"floor":9.0,"key":"Potion Belt"},{"floor":13.0,"key":"Shuriken"},{"floor":26.0,"key":"Meat on the Bone"},{"floor":31.0,"key":"Mango"},{"floor":43.0,"key":"Smiling Mask"}],"event_choices":[{"damage_healed":0.0,"max_hp_gain":5.0,"max_hp_loss":0.0,"gold_gain":0.0,"event_name":"Big Fish","player_choice":"Donut","floor":2.0,"gold_loss":0.0,"damage_taken":0.0},{"damage_healed":0.0,"max_hp_gain":0.0,"max_hp_loss":0.0,"gold_gain":0.0,"event_name":"Match and Keep!","player_choice":"3 cards matched","floor":3.0,"gold_loss":0.0,"damage_taken":0.0,"cards_obtained":["Normality","Endless Agony","Neutralize"]},{"damage_healed":0.0,"max_hp_gain":0.0,"max_hp_loss":0.0,"gold_gain":100.0,"event_name":"Golden Shrine","player_choice":"Pray","floor":7.0,"gold_loss":0.0,"damage_taken":0.0},{"damage_healed":0.0,"max_hp_gain":0.0,"max_hp_loss":0.0,"gold_gain":0.0,"event_name":"Knowing Skull","player_choice":"","floor":21.0,"potions_obtained":[],"gold_loss":0.0,"damage_taken":8.0,"cards_obtained":[]},{"damage_healed":0.0,"max_hp_gain":0.0,"max_hp_loss":0.0,"gold_gain":0.0,"event_name":"FaceTrader","player_choice":"Leave","floor":37.0,"gold_loss":0.0,"damage_taken":0.0},{"damage_healed":0.0,"max_hp_gain":0.0,"max_hp_loss":0.0,"gold_gain":0.0,"event_name":"Winding Halls","player_choice":"Embrace Madness","floor":41.0,"gold_loss":0.0,"damage_taken":12.0,"cards_obtained":["Madness","Madness"]}],"is_beta":false,"boss_relics":[{"not_picked":["Black Star","Orrery"],"picked":"WristBlade"},{"not_picked":["Cursed Key","Astrolabe"],"picked":"Sozu"}],"items_purged_floors":[5],"is_endless":false,"potions_floor_spawned":[13,16,18,24,25,31,33,36,44,46],"killed_by":"Donu and Deca","ascension_level":0}