{"gold_per_floor":[113,113,133,133,103,103,132,87,87,99,116,143,143,163,163,268,318,336,336],"floor_reached":19,"playtime":945,"items_purged":[],"score":251,"play_id":"91748f83-01b1-4cb2-8ca0-de30dc96056e","local_time":"20180921122655","is_ascension_mode":true,"campfire_choices":[{"data":"Zap","floor":6,"key":"SMITH"},{"data":"Dualcast","floor":13,"key":"SMITH"},{"data":"Hologram","floor":15,"key":"SMITH"}],"neow_cost":"NONE","seed_source_timestamp":583696440308923,"circlet_count":0,"master_deck":["Strike_B+1","Strike_B","Strike_B","Defend_B","Defend_B","Defend_B","Defend_B","Zap+1","Dualcast+1","AscendersBane","Scrape","Coolheaded","Reprogram","Hologram+1","Beam Cell","Go for the Eyes","Conserve Battery","Hyperbeam","Streamline","Gash"],"relics":["Cracked Core","Omamori","Meat on the Bone","Odd Mushroom","Dodecahedron","Turnip","Tiny House"],"potions_floor_usage":[7,12,16],"damage_taken":[{"damage":0,"enemies":"2 Louse","floor":1,"turns":2},{"damage":1,"enemies":"Cultist","floor":3,"turns":3},{"damage":22,"enemies":"The Mushroom Lair","floor":7,"turns":5},{"damage":8,"enemies":"Small Slimes","floor":10,"turns":3},{"damage":7,"enemies":"Looter","floor":11,"turns":3},{"damage":13,"enemies":"Gremlin Nob","floor":12,"turns":3},{"damage":0,"enemies":"Red Slaver","floor":14,"turns":4},{"damage":35,"enemies":"Hexaghost","floor":16,"turns":12},{"damage":12,"enemies":"Chosen","floor":18,"turns":4},{"damage":67,"enemies":"Masked Bandits","floor":19,"turns":4}],"seed_played":"-7195623803537524271","potions_obtained":[{"floor":1,"key":"Poison Potion"},{"floor":3,"key":"SpeedPotion"},{"floor":5,"key":"SneckoOil"},{"floor":5,"key":"Fruit Juice"},{"floor":11,"key":"SkillPotion"},{"floor":16,"key":"Regen Potion"},{"floor":17,"key":"Weak Potion"},{"floor":18,"key":"FocusPotion"}],"is_trial":false,"path_per_floor":["M","?","M","?","?","R","?","$","T","M","M","E","R","M","R","B",null,"M"],"character_chosen":"DEFECT","items_purchased":["Hologram"],"campfire_rested":0,"item_purchase_floors":[8],"current_hp_per_floor":[68,68,67,60,60,60,43,43,43,47,52,51,51,51,51,28,72,60,0],"gold":336,"neow_bonus":"RANDOM_COMMON_RELIC","is_prod":false,"is_daily":false,"chose_seed":false,"campfire_upgraded":3,"win_rate":0,"timestamp":1537547215,"path_taken":["M","?","?","?","?","R","?","?","T","M","M","E","R","M","R","BOSS","M","?"],"build_version":"2018-09-20","purchased_purges":0,"victory":false,"max_hp_per_floor":[75,75,75,75,75,75,80,80,80,80,80,80,80,80,80,80,85,85,85],"card_choices":[{"not_picked":["Static Discharge","Lockon"],"picked":"Scrape","floor":1},{"not_picked":["Compile Driver","Static Discharge"],"picked":"Coolheaded","floor":3},{"not_picked":["Barrage","Steam"],"picked":"Reprogram","floor":7},{"not_picked":["Coolheaded","Hologram"],"picked":"Beam Cell","floor":10},{"not_picked":["Sweeping Beam","Turbo","Thunder Strike"],"picked":"SKIP","floor":11},{"not_picked":["Steam Power","Creative AI"],"picked":"Go for the Eyes","floor":12},{"not_picked":["Barrage","Sweeping Beam"],"picked":"Conserve Battery","floor":14},{"not_picked":["Buffer","Amplify"],"picked":"Hyperbeam","floor":16},{"not_picked":["Barrage","Go for the Eyes"],"picked":"Streamline","floor":17},{"not_picked":["Compile Driver","Self Repair"],"picked":"Gash","floor":18}],"player_experience":219194,"relics_obtained":[{"floor":7,"key":"Odd Mushroom"},{"floor":9,"key":"Dodecahedron"},{"floor":12,"key":"Turnip"}],"event_choices":[{"event_name":"WeMeetAgain","player_choice":"Potion","floor":2,"damage_taken":0},{"event_name":"Golden Wing","player_choice":"Card Removal","floor":4,"damage_taken":0},{"event_name":"The Woman in Blue","player_choice":"Bought 2 Potions","floor":5,"damage_taken":0},{"event_name":"Mushrooms","player_choice":"Fought Mushrooms","floor":7,"damage_taken":0},{"event_name":"Masked Bandits","player_choice":"Fought Bandits","floor":19,"damage_taken":0}],"is_beta":false,"boss_relics":[{"not_picked":["Empty Cage","White Beast Statue"],"picked":"Tiny House"}],"items_purged_floors":[],"is_endless":false,"potions_floor_spawned":[1,3,11,16,18],"killed_by":"Masked Bandits","ascension_level":10}