{"gold_per_floor":[112,126,126,5,19,46,61,61,61,61,61,109,141,158,158,256,256,273,258,59,59,76,76,93,93,93,120,120,120,10,10,10,114,114,133,146,196,196,196,196,215,215,215,244,260,260,279,86,86,86],"floor_reached":51,"playtime":3940,"items_purged":["Strike_B","Strike_B","Strike_B"],"score":738,"play_id":"fd2df0f3-fd42-4076-9b6e-ba79bd7135cf","local_time":"20190305020234","is_ascension_mode":true,"campfire_choices":[{"data":"Go for the Eyes","floor":8,"key":"SMITH"},{"data":"Leap","floor":10,"key":"SMITH"},{"floor":15,"key":"REST"},{"data":"Capacitor","floor":23,"key":"SMITH"},{"data":"Echo Form","floor":25,"key":"SMITH"},{"data":"Zap","floor":28,"key":"SMITH"},{"floor":32,"key":"REST"},{"data":"Machine Learning","floor":40,"key":"SMITH"},{"data":"Dualcast","floor":42,"key":"SMITH"},{"data":"Biased Cognition","floor":46,"key":"SMITH"},{"data":"Electrodynamics","floor":49,"key":"SMITH"}],"neow_cost":"NONE","seed_source_timestamp":48055629692023,"circlet_count":0,"master_deck":["Strike_B","Defend_B","Defend_B","Defend_B","Zap+1","Dualcast+1","Leap+1","Barrage","Go for the Eyes+1","Conserve Battery","Hologram+1","Capacitor+1","Consume+1","Echo Form+1","Streamline+1","Barrage+1","Leap+1","Compile Driver","FTL","Ball Lightning","Turbo+1","Cold Snap","Discovery+1","Electrodynamics+1","Undo+1","White Noise+1","Leap+1","Machine Learning+1","Swift Strike","Capacitor+1","Biased Cognition+1","BootSequence+1","Darkness+1"],"relics":["FrozenCore","Toxic Egg 2","Bottled Lightning","Centennial Puzzle","Question Card","Matryoshka","Blue Candle","Eternal Feather","FossilizedHelix","Ancient Tea Set","Nunchaku","Bottled Flame"],"potions_floor_usage":[7,13,16,22,27,33,35,37,41,50,50],"damage_taken":[{"damage":0,"enemies":"Cultist","floor":1,"turns":4},{"damage":0,"enemies":"2 Louse","floor":2,"turns":4},{"damage":0,"enemies":"Jaw Worm","floor":5,"turns":2},{"damage":22,"enemies":"Lagavulin","floor":6,"turns":10},{"damage":8,"enemies":"Exordium Wildlife","floor":7,"turns":3},{"damage":20,"enemies":"Gremlin Nob","floor":13,"turns":5},{"damage":2,"enemies":"Looter","floor":14,"turns":3},{"damage":6,"enemies":"The Guardian","floor":16,"turns":9},{"damage":11,"enemies":"Chosen","floor":18,"turns":6},{"damage":6,"enemies":"2 Thieves","floor":19,"turns":4},{"damage":6,"enemies":"Centurion and Healer","floor":22,"turns":7},{"damage":2,"enemies":"Sentry and Sphere","floor":24,"turns":6},{"damage":13,"enemies":"Gremlin Leader","floor":27,"turns":8},{"damage":12,"enemies":"Automaton","floor":33,"turns":12},{"damage":5,"enemies":"3 Darklings","floor":35,"turns":3},{"damage":2,"enemies":"3 Shapes","floor":36,"turns":4},{"damage":54,"enemies":"2 Orb Walkers","floor":37,"turns":8},{"damage":7,"enemies":"Writhing Mass","floor":41,"turns":8},{"damage":0,"enemies":"Giant Head","floor":44,"turns":9},{"damage":10,"enemies":"Maw","floor":45,"turns":9},{"damage":0,"enemies":"3 Darklings","floor":47,"turns":6},{"damage":16,"enemies":"Donu and Deca","floor":50,"turns":10}],"seed_played":"-2950296018297781019","potions_obtained":[{"floor":6,"key":"Explosive Potion"},{"floor":7,"key":"SkillPotion"},{"floor":13,"key":"FearPotion"},{"floor":19,"key":"Weak Potion"},{"floor":24,"key":"Explosive Potion"},{"floor":27,"key":"LiquidBronze"},{"floor":33,"key":"FocusPotion"},{"floor":36,"key":"EssenceOfSteel"},{"floor":37,"key":"PowerPotion"},{"floor":45,"key":"Weak Potion"},{"floor":47,"key":"LiquidBronze"}],"is_trial":false,"path_per_floor":["M","M","?","$","M","E","M","R","T","R","?","T","E","M","R","B",null,"M","M","$","?","M","R","M","R","T","E","R","?","$","?","R","B",null,"M","M","?","?","?","R","M","R","T","E","M","R","M","$","R","B",null],"character_chosen":"DEFECT","items_purchased":["Go for the Eyes","Leap+1","Compile Driver","Cold Snap","Discovery+1","Darkness+1"],"campfire_rested":2,"item_purchase_floors":[4,20,20,30,30,48],"current_hp_per_floor":[75,75,85,85,85,63,55,55,55,55,48,48,28,26,51,45,85,74,68,68,68,62,62,60,60,60,47,47,47,47,47,72,60,85,80,78,24,24,24,42,35,53,53,53,43,61,61,61,79,63],"gold":86,"neow_bonus":"ONE_RANDOM_RARE_CARD","is_prod":false,"is_daily":false,"chose_seed":false,"campfire_upgraded":9,"win_rate":0,"timestamp":1551780154,"path_taken":["M","M","?","?","M","E","?","R","T","R","?","?","E","M","R","BOSS","M","M","$","?","M","R","M","R","T","E","R","?","$","?","R","BOSS","M","M","?","?","?","R","?","R","T","E","?","R","M","$","R","BOSS"],"build_version":"2019-01-23","purchased_purges":3,"victory":true,"max_hp_per_floor":[75,75,85,85,85,85,85,85,85,85,85,85,85,85,85,85,85,85,85,85,85,85,85,85,85,85,85,85,85,85,85,85,85,85,85,85,85,81,81,81,81,81,81,81,81,81,81,81,81,81],"card_choices":[{"not_picked":["Steam","Ball Lightning"],"picked":"Leap","floor":1},{"not_picked":["Rebound","BootSequence"],"picked":"Barrage","floor":2},{"not_picked":["Steam Power","Go for the Eyes"],"picked":"Conserve Battery","floor":5},{"not_picked":["Hello World","Sweeping Beam","Meteor Strike"],"picked":"SKIP","floor":6},{"not_picked":["Compile Driver","Static Discharge"],"picked":"Hologram+1","floor":7},{"not_picked":["Beam Cell","Streamline"],"picked":"Capacitor","floor":13},{"not_picked":["Static Discharge","Auto Shields+1","Recycle+1"],"picked":"Consume+1","floor":14},{"not_picked":["All For One","Seek+1","Machine Learning"],"picked":"Echo Form","floor":16},{"not_picked":["Sweeping Beam+1","Go for the Eyes","Coolheaded+1"],"picked":"Streamline+1","floor":18},{"not_picked":["Redo+1","Hologram+1","Genetic Algorithm+1"],"picked":"Barrage+1","floor":19},{"not_picked":["Reprogram+1","Tempest+1","Go for the Eyes"],"picked":"FTL","floor":22},{"not_picked":["Scrape","Reprogram+1","Leap+1"],"picked":"Ball Lightning","floor":24},{"not_picked":["Tempest+1","Gash","Steam+1"],"picked":"Turbo+1","floor":27},{"not_picked":["All For One","Machine Learning","Reboot+1"],"picked":"Electrodynamics","floor":33},{"not_picked":["Coolheaded+1","Stack+1","Consume+1"],"picked":"Undo+1","floor":35},{"not_picked":["Gash","Self Repair","Beam Cell+1"],"picked":"White Noise+1","floor":36},{"not_picked":["Coolheaded+1","Gash+1","Barrage"],"picked":"Leap+1","floor":37},{"not_picked":["Compile Driver+1","Ball Lightning+1","Static Discharge+1"],"picked":"Capacitor+1","floor":41},{"not_picked":["Creative AI","Genetic Algorithm+1","Compile Driver+1"],"picked":"Biased Cognition","floor":44},{"not_picked":["Sweeping Beam+1","Rebound","Redo+1","Stack+1"],"picked":"SKIP","floor":45},{"not_picked":["Reinforced Body+1","Redo+1","Conserve Battery+1"],"picked":"BootSequence+1","floor":47}],"player_experience":274980,"relics_obtained":[{"floor":6,"key":"Toxic Egg 2"},{"floor":9,"key":"Bottled Lightning"},{"floor":12,"key":"Centennial Puzzle"},{"floor":13,"key":"Question Card"},{"floor":26,"key":"Matryoshka"},{"floor":27,"key":"Blue Candle"},{"floor":37,"key":"FossilizedHelix"},{"floor":43,"key":"Ancient Tea Set"},{"floor":43,"key":"Nunchaku"},{"floor":44,"key":"Bottled Flame"}],"event_choices":[{"cards_removed":["Meteor Strike"],"damage_healed":0,"gold_gain":0,"player_choice":"Offered Rare","damage_taken":0,"max_hp_gain":10,"max_hp_loss":0,"event_name":"Bonfire Elementals","floor":3,"gold_loss":0},{"cards_removed":["Defend_B"],"damage_healed":0,"gold_gain":0,"player_choice":"Card Removal","damage_taken":7,"max_hp_gain":0,"max_hp_loss":0,"event_name":"Golden Wing","floor":11,"gold_loss":0},{"damage_healed":0,"gold_gain":0,"player_choice":"Ignored","damage_taken":0,"max_hp_gain":0,"max_hp_loss":0,"event_name":"Vampires","floor":29,"gold_loss":0},{"damage_healed":0,"gold_gain":0,"player_choice":"Ignored","damage_taken":0,"max_hp_gain":0,"max_hp_loss":0,"event_name":"Ghosts","floor":31,"gold_loss":0},{"damage_healed":0,"gold_gain":0,"player_choice":"Fight","damage_taken":0,"max_hp_gain":0,"max_hp_loss":0,"event_name":"Mysterious Sphere","floor":37,"gold_loss":0},{"damage_healed":0,"gold_gain":0,"player_choice":"Max HP","damage_taken":0,"max_hp_gain":0,"max_hp_loss":4,"event_name":"Winding Halls","floor":38,"gold_loss":0},{"damage_healed":0,"gold_gain":0,"player_choice":"2 cards matched","damage_taken":0,"max_hp_gain":0,"max_hp_loss":0,"event_name":"Match and Keep!","floor":39,"gold_loss":0,"cards_obtained":["Machine Learning","Swift Strike"]}],"is_beta":false,"boss_relics":[{"not_picked":["Black Star","Sozu"],"picked":"FrozenCore"},{"not_picked":["Runic Pyramid","Busted Crown"],"picked":"Eternal Feather"}],"items_purged_floors":[4,20,48],"is_endless":false,"potions_floor_spawned":[6,7,13,19,24,27,33,36,37,45,47],"ascension_level":1}