{"gold_per_floor":[114,189,209,134,150,169,182,182,208,223,251,263,296,310,310,408,408,420,439,459,474,121,121,132,145,168,179,179,193,68,81,81,181,181,197,157,157,175,189,189,207,207,207,225,240,240,257,113,113,113],"floor_reached":50,"playtime":2673,"items_purged":["Cleave","Cleave","Pain"],"score":518,"play_id":"3a5a0599-9bea-40d0-bab2-3ad2d748da89","local_time":"20180911214844","daily_mods":["Draft"],"is_ascension_mode":false,"campfire_choices":[{"data":"Perfected Strike","floor":8,"key":"SMITH"},{"data":"Perfected Strike","floor":15,"key":"SMITH"},{"data":"Double Tap","floor":23,"key":"SMITH"},{"data":"Seeing Red","floor":28,"key":"SMITH"},{"data":"Offering","floor":32,"key":"SMITH"},{"data":"Pommel Strike","floor":40,"key":"SMITH"},{"floor":42,"key":"REST"},{"data":"Clash","floor":46,"key":"SMITH"},{"data":"Clash","floor":49,"key":"SMITH"}],"neow_cost":"","seed_source_timestamp":0,"circlet_count":0,"master_deck":["Twin Strike","Battle Trance","Wild Strike+1","Pommel Strike","Bloodletting","Twin Strike","Seeing Red+1","Perfected Strike+1","Perfected Strike+1","Shrug It Off","Pommel Strike+1","Flex","Flex","Double Tap+1","Twin Strike","Wild Strike","Pommel Strike","Perfected Strike+1","Impervious","Offering+1","Clash","Wild Strike","Clash+1","Clash+1","Twin Strike","Double Tap+1","Clash"],"relics":["Burning Blood","Bag of Preparation","PreservedInsect","Whetstone","Cursed Key","Shuriken","Orichalcum","Busted Crown","Torii","Happy Flower"],"potions_floor_usage":[16,19,35,37,38,39,47,47,50,50,50],"damage_taken":[{"damage":3,"enemies":"2 Louse","floor":1,"turns":1},{"damage":3,"enemies":"Jaw Worm","floor":3,"turns":2},{"damage":0,"enemies":"Cultist","floor":5,"turns":2},{"damage":3,"enemies":"Exordium Wildlife","floor":6,"turns":2},{"damage":3,"enemies":"Lots of Slimes","floor":7,"turns":3},{"damage":9,"enemies":"2 Fungi Beasts","floor":10,"turns":2},{"damage":18,"enemies":"Lagavulin","floor":11,"turns":3},{"damage":0,"enemies":"3 Louse","floor":12,"turns":2},{"damage":1,"enemies":"3 Sentries","floor":13,"turns":3},{"damage":0,"enemies":"Blue Slaver","floor":14,"turns":1},{"damage":45,"enemies":"Hexaghost","floor":16,"turns":4},{"damage":13,"enemies":"2 Thieves","floor":18,"turns":2},{"damage":15,"enemies":"3 Byrds","floor":19,"turns":2},{"damage":9,"enemies":"3 Cultists","floor":20,"turns":4},{"damage":10,"enemies":"Cultist and Chosen","floor":21,"turns":3},{"damage":6,"enemies":"Shelled Parasite and Fungi","floor":24,"turns":3},{"damage":3,"enemies":"Chosen and Byrds","floor":25,"turns":2},{"damage":0,"enemies":"Snecko","floor":27,"turns":2},{"damage":0,"enemies":"Snake Plant","floor":29,"turns":1},{"damage":0,"enemies":"3 Cultists","floor":31,"turns":3},{"damage":52,"enemies":"Champ","floor":33,"turns":6},{"damage":30,"enemies":"3 Darklings","floor":35,"turns":4},{"damage":28,"enemies":"Mind Bloom Boss Battle","floor":37,"turns":2},{"damage":0,"enemies":"Orb Walker","floor":38,"turns":1},{"damage":0,"enemies":"Maw","floor":39,"turns":5},{"damage":25,"enemies":"Sphere and 2 Shapes","floor":41,"turns":2},{"damage":0,"enemies":"Spire Growth","floor":44,"turns":2},{"damage":0,"enemies":"4 Shapes","floor":45,"turns":3},{"damage":0,"enemies":"Transient","floor":47,"turns":5},{"damage":80,"enemies":"Time Eater","floor":50,"turns":6}],"seed_played":"3423809305959580129","potions_obtained":[{"floor":6,"key":"SmokeBomb"},{"floor":7,"key":"AttackPotion"},{"floor":12,"key":"LiquidBronze"},{"floor":18,"key":"FearPotion"},{"floor":21,"key":"Regen Potion"},{"floor":25,"key":"Strength Potion"},{"floor":35,"key":"SpeedPotion"},{"floor":37,"key":"SkillPotion"},{"floor":38,"key":"Swift Potion"},{"floor":39,"key":"EntropicBrew"}],"is_trial":true,"path_per_floor":["M","?","M","$","M","M","M","R","T","M","E","M","E","M","R","B",null,"M","M","M","M","$","R","M","M","T","M","R","M","$","M","R","B",null,"M","?","?","M","M","R","M","R","T","M","M","R","M","$","R"],"character_chosen":"IRONCLAD","items_purchased":["Shuriken","Happy Flower"],"campfire_rested":1,"item_purchase_floors":[22,48],"current_hp_per_floor":[80,69,72,72,78,80,80,80,80,77,65,71,76,80,80,41,80,73,64,61,57,57,57,57,60,60,66,66,72,72,78,78,32,80,60,60,38,44,50,50,31,55,55,61,67,67,73,73,73,0],"gold":113,"neow_bonus":"","is_prod":false,"is_daily":false,"chose_seed":false,"campfire_upgraded":8,"win_rate":0,"timestamp":1536716924,"path_taken":["M","?","M","$","M","M","M","R","T","M","E","M","E","M","R","BOSS","M","M","M","M","$","R","M","M","T","M","R","M","$","M","R","BOSS","M","?","?","M","M","R","M","R","T","M","M","R","M","$","R","BOSS"],"build_version":"2018-09-06","purchased_purges":3,"victory":false,"max_hp_per_floor":[80,80,80,80,80,80,80,80,80,80,80,80,80,80,80,80,80,80,80,80,80,80,80,80,80,80,80,80,80,80,80,80,80,80,80,80,80,80,80,80,80,80,80,80,80,80,80,80,80,80],"card_choices":[{"not_picked":["Heavy Blade","Infernal Blade"],"picked":"Twin Strike","floor":0},{"not_picked":["Intimidate","Dual Wield"],"picked":"Battle Trance","floor":0},{"not_picked":["Pummel","Flame Barrier"],"picked":"Wild Strike","floor":0},{"not_picked":["Evolve","Heavy Blade"],"picked":"Cleave","floor":0},{"not_picked":["Hemokinesis","Warcry"],"picked":"Pommel Strike","floor":0},{"not_picked":["Intimidate","Heavy Blade"],"picked":"Cleave","floor":0},{"not_picked":["Rampage","Disarm"],"picked":"Bloodletting","floor":0},{"not_picked":["Iron Wave","Entrench"],"picked":"Twin Strike","floor":0},{"not_picked":["Headbutt","Body Slam"],"picked":"Seeing Red","floor":0},{"not_picked":["Clash","Iron Wave"],"picked":"Perfected Strike","floor":0},{"not_picked":["Shrug It Off","Pommel Strike"],"picked":"Perfected Strike","floor":0},{"not_picked":["Dropkick","Rampage"],"picked":"Shrug It Off","floor":0},{"not_picked":["Clothesline","True Grit"],"picked":"Pommel Strike","floor":0},{"not_picked":["Heavy Blade","Body Slam"],"picked":"Flex","floor":0},{"not_picked":["Heavy Blade","Havoc"],"picked":"Flex","floor":0},{"not_picked":["Clothesline","Flame Barrier","Iron Wave"],"picked":"SKIP","floor":1},{"not_picked":["Headbutt","Blood for Blood","Feel No Pain"],"picked":"SKIP","floor":3},{"not_picked":["True Grit","Body Slam"],"picked":"Double Tap","floor":5},{"not_picked":["Infernal Blade","True Grit"],"picked":"Twin Strike","floor":6},{"not_picked":["Shrug It Off","Sever Soul"],"picked":"Wild Strike","floor":7},{"not_picked":["Sever Soul","Reaper"],"picked":"Pommel Strike","floor":10},{"not_picked":["Whirlwind","Cleave","Ghostly Armor"],"picked":"SKIP","floor":11},{"not_picked":["Havoc","Warcry"],"picked":"Perfected Strike","floor":12},{"not_picked":["Blood for Blood","Shrug It Off","Fire Breathing"],"picked":"SKIP","floor":13},{"not_picked":["Dual Wield","Sword Boomerang"],"picked":"Impervious","floor":14},{"not_picked":["Fiend Fire","Dark Embrace"],"picked":"Offering","floor":16},{"not_picked":["Anger","Shrug It Off+1"],"picked":"Clash","floor":18},{"not_picked":["True Grit","Armaments"],"picked":"Wild Strike","floor":19},{"not_picked":["Power Through","Flame Barrier","Infernal Blade"],"picked":"SKIP","floor":20},{"not_picked":["Exhume","Combust","Entrench+1"],"picked":"SKIP","floor":21},{"not_picked":["Feel No Pain+1","Bloodletting+1"],"picked":"Clash","floor":24},{"not_picked":["Disarm+1","Armaments"],"picked":"Clash","floor":25},{"not_picked":["Thunderclap","Sentinel","Warcry"],"picked":"SKIP","floor":27},{"not_picked":["Carnage+1","Uppercut+1"],"picked":"Twin Strike","floor":29},{"not_picked":["Thunderclap","Corruption","Carnage"],"picked":"SKIP","floor":31},{"not_picked":["Berserk","Reaper"],"picked":"Double Tap","floor":33},{"not_picked":["Warcry+1"],"picked":"SKIP","floor":35},{"not_picked":["Body Slam+1"],"picked":"SKIP","floor":38},{"not_picked":["Sentinel+1"],"picked":"SKIP","floor":39},{"not_picked":["Entrench+1"],"picked":"SKIP","floor":41},{"not_picked":["Whirlwind"],"picked":"SKIP","floor":44},{"not_picked":[],"picked":"Clash","floor":45},{"not_picked":["Intimidate+1"],"picked":"SKIP","floor":47}],"player_experience":106601,"relics_obtained":[{"floor":9,"key":"Bag of Preparation"},{"floor":11,"key":"PreservedInsect"},{"floor":13,"key":"Whetstone"},{"floor":26,"key":"Orichalcum"},{"floor":37,"key":"Torii"}],"event_choices":[{"event_name":"World of Goop","player_choice":"Gather Gold","floor":2,"damage_taken":0},{"event_name":"Designer","player_choice":"Upgrade Card","floor":36,"damage_taken":0},{"event_name":"MindBloom","player_choice":"Fight","floor":37,"damage_taken":0}],"is_beta":false,"boss_relics":[{"not_picked":["Runic Dome","Calling Bell"],"picked":"Cursed Key"},{"not_picked":["Runic Cube","Velvet Choker"],"picked":"Busted Crown"}],"items_purged_floors":[4,22,30],"is_endless":false,"potions_floor_spawned":[6,7,12,14,18,21,25,29,35,37,38,39],"killed_by":"Time Eater","ascension_level":0}