{"gold_per_floor":[362,2,22,22,39,39,59,75,148,148,148,163,189,207,207,307,307,320,320,338,352,15,15,43,43,43,43,53,53,53,53,53,148,148,168,17,17,17,30,30,47,65,65,398,398,433,470,482,482,482],"floor_reached":50,"playtime":2182,"items_purged":["Strike_B"],"score":928,"play_id":"13b3910b-d2cd-4a17-97b2-e35ada6dfddd","local_time":"20181105041858","is_ascension_mode":true,"campfire_choices":[{"data":"Zap","floor":6,"key":"SMITH"},{"floor":15,"key":"REST"},{"data":"Defragment","floor":23,"key":"SMITH"},{"floor":25,"key":"REST"},{"data":"Self Repair","floor":27,"key":"SMITH"},{"floor":32,"key":"REST"},{"floor":40,"key":"REST"},{"floor":49,"key":"REST"}],"neow_cost":"TEN_PERCENT_HP_LOSS","seed_source_timestamp":32327445136155,"circlet_count":0,"master_deck":["AscendersBane","Strike_B+1","Strike_B","Strike_B","Defend_B","Defend_B","Defend_B","Defend_B","Zap+1","Dualcast+1","Cold Snap","Storm","Ball Lightning","Capacitor","Cold Snap","Lockon","Turbo+1","Turbo+1","Buffer","Coolheaded+1","White Noise+1","Self Repair+1","Redo+1","Defragment+1","Ball Lightning","Meteor Strike","Defragment+1","Biased Cognition+1","Capacitor+1","Chill+1","Heatsinks+1","Madness+1","Madness+1","Coolheaded+1","White Noise+1","Coolheaded+1","Blizzard","Transmutation+1","Storm+1","Blizzard","Cold Snap"],"relics":["Cracked Core","Matryoshka","Pantograph","Toxic Egg 2","Happy Flower","Emotion Chip","Vajra","Nuclear Battery","Frozen Egg 2","Incense Burner","Orichalcum","MutagenicStrength","Fusion Hammer","NlothsMask","Old Coin","Meat on the Bone"],"potions_floor_usage":[8,16,18,24,35,44,50,50],"damage_taken":[{"damage":0,"enemies":"Cultist","floor":1,"turns":3},{"damage":1,"enemies":"2 Louse","floor":3,"turns":3},{"damage":2,"enemies":"Jaw Worm","floor":5,"turns":3},{"damage":5,"enemies":"Exordium Thugs","floor":7,"turns":5},{"damage":0,"enemies":"3 Louse","floor":8,"turns":2},{"damage":5,"enemies":"2 Fungi Beasts","floor":12,"turns":3},{"damage":22,"enemies":"3 Sentries","floor":13,"turns":6},{"damage":3,"enemies":"Large Slime","floor":14,"turns":4},{"damage":41,"enemies":"Hexaghost","floor":16,"turns":9},{"damage":1,"enemies":"3 Byrds","floor":18,"turns":3},{"damage":9,"enemies":"Chosen","floor":20,"turns":5},{"damage":35,"enemies":"3 Cultists","floor":21,"turns":5},{"damage":15,"enemies":"Book of Stabbing","floor":24,"turns":4},{"damage":4,"enemies":"Chosen and Byrds","floor":28,"turns":4},{"damage":22,"enemies":"Colosseum Slavers","floor":30,"turns":3},{"damage":29,"enemies":"Champ","floor":33,"turns":8},{"damage":4,"enemies":"Orb Walker","floor":35,"turns":2},{"damage":0,"enemies":"3 Shapes","floor":39,"turns":4},{"damage":0,"enemies":"Sphere and 2 Shapes","floor":41,"turns":6},{"damage":12,"enemies":"Transient","floor":42,"turns":5},{"damage":0,"enemies":"Giant Head","floor":44,"turns":7},{"damage":29,"enemies":"Nemesis","floor":46,"turns":8},{"damage":0,"enemies":"4 Shapes","floor":47,"turns":3},{"damage":3,"enemies":"Jaw Worm Horde","floor":48,"turns":3},{"damage":76,"enemies":"Time Eater","floor":50,"turns":6}],"seed_played":"-1628953639714954038","potions_obtained":[{"floor":1,"key":"Explosive Potion"},{"floor":13,"key":"Regen Potion"},{"floor":16,"key":"PowerPotion"},{"floor":18,"key":"Energy Potion"},{"floor":24,"key":"Poison Potion"},{"floor":33,"key":"Swift Potion"},{"floor":41,"key":"GamblersBrew"},{"floor":42,"key":"PowerPotion"},{"floor":44,"key":"LiquidBronze"}],"is_trial":false,"path_per_floor":["M","$","M","$","M","R","M","M","T","?","T","M","E","M","R","B",null,"M","?","M","M","$","R","E","R","T","R","M","?","?","?","R","B",null,"M","$","?","?","M","R","M","M","T","E","?","E","M","M","R","B"],"character_chosen":"DEFECT","items_purchased":["Storm","Matryoshka","Defragment","Frozen Egg 2","Ball Lightning","Chill+1","Heatsinks+1"],"campfire_rested":5,"item_purchase_floors":[2,2,22,22,22,36,36],"current_hp_per_floor":[68,68,67,67,65,65,60,60,60,46,46,41,19,16,36,35,60,59,59,50,22,22,22,14,34,34,34,30,30,18,18,38,44,62,58,58,49,49,59,68,68,66,66,68,68,49,49,46,66,0],"gold":482,"neow_bonus":"TWO_FIFTY_GOLD","is_prod":false,"is_daily":false,"chose_seed":false,"campfire_upgraded":3,"win_rate":0,"timestamp":1541420338,"path_taken":["M","$","M","$","?","R","M","M","T","?","?","M","E","M","R","BOSS","M","?","M","M","$","R","E","R","T","R","M","?","?","?","R","BOSS","M","$","?","?","?","R","M","M","T","E","?","E","M","M","R","BOSS"],"build_version":"2018-11-01","purchased_purges":1,"victory":false,"max_hp_per_floor":[68,68,68,68,68,68,68,68,68,68,68,68,68,68,68,68,68,68,68,68,68,68,68,68,68,68,68,68,68,68,68,68,68,68,68,68,68,68,68,68,68,68,68,68,68,68,68,68,68,68],"card_choices":[{"not_picked":["Undo","Reinforced Body"],"picked":"Cold Snap","floor":1},{"not_picked":["Streamline","Redo"],"picked":"Ball Lightning","floor":3},{"not_picked":["Loop","White Noise"],"picked":"Capacitor","floor":5},{"not_picked":["Conserve Battery","Steam"],"picked":"Cold Snap","floor":7},{"not_picked":["Sweeping Beam","Rebound"],"picked":"Lockon","floor":8},{"not_picked":["FTL","Rebound","Sweeping Beam"],"picked":"SKIP","floor":12},{"not_picked":["Hologram+1","Core Surge"],"picked":"Turbo+1","floor":13},{"not_picked":["Streamline","Sweeping Beam"],"picked":"Turbo+1","floor":14},{"not_picked":["Reboot+1","Hyperbeam"],"picked":"Buffer","floor":16},{"not_picked":["Rip and Tear","Blizzard"],"picked":"Coolheaded+1","floor":18},{"not_picked":["Redo+1","Gash"],"picked":"Self Repair","floor":20},{"not_picked":["Reprogram+1","Go for the Eyes"],"picked":"Redo+1","floor":21},{"not_picked":["Coolheaded+1","Barrage"],"picked":"Meteor Strike","floor":24},{"not_picked":["Hello World+1","Aggregate+1"],"picked":"Defragment+1","floor":28},{"not_picked":["Machine Learning+1","Fission+1"],"picked":"Biased Cognition+1","floor":33},{"not_picked":["Ball Lightning+1","Turbo+1"],"picked":"Capacitor+1","floor":35},{"not_picked":["Melter+1","Cold Snap"],"picked":"Coolheaded+1","floor":39},{"not_picked":["Go for the Eyes","Stack+1"],"picked":"White Noise+1","floor":41},{"not_picked":["Darkness+1","Leap+1"],"picked":"Coolheaded+1","floor":42},{"not_picked":["Streamline+1","Reprogram+1"],"picked":"Blizzard","floor":44},{"not_picked":["Secret Technique+1","Good Instincts+1"],"picked":"Transmutation+1","floor":45},{"not_picked":["Conserve Battery+1","Sweeping Beam"],"picked":"Storm+1","floor":46},{"not_picked":["Reinforced Body+1","Streamline"],"picked":"Blizzard","floor":47},{"not_picked":["Turbo+1","Compile Driver"],"picked":"Cold Snap","floor":48}],"player_experience":350169,"relics_obtained":[{"floor":9,"key":"Pantograph"},{"floor":9,"key":"Toxic Egg 2"},{"floor":11,"key":"Happy Flower"},{"floor":11,"key":"Emotion Chip"},{"floor":13,"key":"Vajra"},{"floor":24,"key":"Incense Burner"},{"floor":26,"key":"Orichalcum"},{"floor":44,"key":"Old Coin"},{"floor":46,"key":"Meat on the Bone"}],"event_choices":[{"damage_healed":0,"gold_gain":0,"player_choice":"Entered Light","damage_taken":14,"max_hp_gain":0,"max_hp_loss":0,"event_name":"Shining Light","floor":10,"gold_loss":0,"cards_upgraded":["Dualcast","Strike_B"]},{"damage_healed":0,"gold_gain":0,"player_choice":"Read","damage_taken":0,"max_hp_gain":0,"max_hp_loss":0,"event_name":"The Library","floor":19,"gold_loss":0,"cards_obtained":["White Noise"]},{"damage_healed":0,"gold_gain":0,"player_choice":"Inject Mutagens","damage_taken":0,"relics_obtained":["MutagenicStrength"],"max_hp_gain":0,"max_hp_loss":0,"event_name":"Drug Dealer","floor":29,"gold_loss":0},{"damage_healed":0,"gold_gain":0,"player_choice":"Fight","damage_taken":0,"max_hp_gain":0,"max_hp_loss":0,"event_name":"Colosseum","floor":30,"gold_loss":0},{"damage_healed":0,"gold_gain":0,"player_choice":"Fled From Nobs","damage_taken":0,"max_hp_gain":0,"max_hp_loss":0,"event_name":"Colosseum","floor":30,"gold_loss":0},{"damage_healed":0,"gold_gain":0,"player_choice":"Ignored","damage_taken":0,"max_hp_gain":0,"max_hp_loss":0,"event_name":"Beggar","floor":31,"gold_loss":0},{"damage_healed":0,"gold_gain":0,"player_choice":"Embrace Madness","damage_taken":9,"max_hp_gain":0,"max_hp_loss":0,"event_name":"Winding Halls","floor":37,"gold_loss":0,"cards_obtained":["Madness","Madness"]},{"damage_healed":0,"gold_gain":0,"player_choice":"Trade","damage_taken":0,"relics_obtained":["NlothsMask"],"max_hp_gain":0,"max_hp_loss":0,"event_name":"FaceTrader","floor":38,"gold_loss":0},{"damage_healed":0,"gold_gain":0,"player_choice":"Memory 1","damage_taken":0,"max_hp_gain":0,"max_hp_loss":0,"event_name":"SensoryStone","floor":45,"gold_loss":0}],"is_beta":false,"boss_relics":[{"not_picked":["Astrolabe","Calling Bell"],"picked":"Nuclear Battery"},{"not_picked":["Orrery","Lizard Tail"],"picked":"Fusion Hammer"}],"items_purged_floors":[2],"is_endless":false,"potions_floor_spawned":[1,13,16,18,24,30,33,41,42,44,47],"killed_by":"Time Eater","ascension_level":12}