{"gold_per_floor":[110,110,110,140,37,37,47,60,85,7,18,18,28,40,40,117,117,132,132,57,69,80,80],"floor_reached":23,"playtime":562,"items_purged":["Regret"],"score":366,"play_id":"4af0ad8f-d717-456d-a9ed-2318e99228c2","local_time":"20181120232617","is_ascension_mode":true,"campfire_choices":[{"floor":6,"key":"REST"},{"floor":12,"key":"REST"},{"data":"Zap","floor":15,"key":"SMITH"}],"neow_cost":"NONE","seed_source_timestamp":132298665301277,"circlet_count":0,"master_deck":["AscendersBane","Strike_B","Strike_B","Strike_B+1","Defend_B","Defend_B","Defend_B+1","Defend_B","Zap+1","Dualcast","Conserve Battery","Cold Snap","Sunder","Cold Snap","Biased Cognition","Defragment"],"relics":["Cracked Core","Smiling Mask","Oddly Smooth Stone","Tiny Chest","PreservedInsect","Busted Crown"],"potions_floor_usage":[16,23],"damage_taken":[{"damage":2,"enemies":"Jaw Worm","floor":1,"turns":3},{"damage":0,"enemies":"2 Louse","floor":7,"turns":3},{"damage":0,"enemies":"Cultist","floor":8,"turns":3},{"damage":5,"enemies":"Blue Slaver","floor":11,"turns":4},{"damage":0,"enemies":"Exordium Thugs","floor":13,"turns":3},{"damage":0,"enemies":"2 Fungi Beasts","floor":14,"turns":3},{"damage":58,"enemies":"Hexaghost","floor":16,"turns":10},{"damage":14,"enemies":"Shell Parasite","floor":18,"turns":5},{"damage":0,"enemies":"Chosen","floor":21,"turns":5},{"damage":33,"enemies":"3 Cultists","floor":22,"turns":7},{"damage":12,"enemies":"Gremlin Leader","floor":23,"turns":2}],"seed_played":"-7538919801657289147","potions_obtained":[{"floor":7,"key":"PowerPotion"},{"floor":13,"key":"Ancient Potion"},{"floor":16,"key":"Weak Potion"}],"is_trial":false,"path_per_floor":["M","?","?","?","$","R","M","M","T","$","M","R","M","M","R","B",null,"M","?","?","M","M","E"],"character_chosen":"DEFECT","items_purchased":["Conserve Battery","Sunder"],"campfire_rested":2,"item_purchase_floors":[5,10],"current_hp_per_floor":[62,41,23,23,23,44,44,44,44,44,39,60,60,60,60,2,54,40,40,40,40,7,0],"gold":80,"neow_bonus":"RANDOM_COMMON_RELIC","is_prod":false,"is_daily":false,"chose_seed":false,"campfire_upgraded":1,"win_rate":0,"timestamp":1542785177,"path_taken":["M","?","?","?","$","R","M","M","T","$","M","R","M","M","R","BOSS","M","?","?","M","M","E"],"build_version":"2018-11-15","purchased_purges":1,"victory":false,"max_hp_per_floor":[71,71,71,71,71,71,71,71,71,71,71,71,71,71,71,71,71,71,71,71,71,71,71],"card_choices":[{"not_picked":["Rebound","Steam","Beam Cell"],"picked":"SKIP","floor":1},{"not_picked":["Redo","Gash"],"picked":"Cold Snap","floor":7},{"not_picked":["Coolheaded","Stack","Tempest"],"picked":"SKIP","floor":8},{"not_picked":["Hyperbeam","Hologram","Steam"],"picked":"SKIP","floor":11},{"not_picked":["Undo","Force Field"],"picked":"Cold Snap","floor":13},{"not_picked":["Consume","Genetic Algorithm","Rebound"],"picked":"SKIP","floor":14},{"not_picked":["All For One","Core Surge"],"picked":"Biased Cognition","floor":16},{"not_picked":["Rebound"],"picked":"SKIP","floor":18},{"not_picked":["Stack"],"picked":"SKIP","floor":21},{"not_picked":["Hologram"],"picked":"SKIP","floor":22}],"player_experience":662851,"relics_obtained":[{"floor":9,"key":"PreservedInsect"}],"event_choices":[{"damage_healed":0,"gold_gain":0,"player_choice":"Entered Light","damage_taken":21,"max_hp_gain":0,"max_hp_loss":0,"event_name":"Shining Light","floor":2,"gold_loss":0,"cards_upgraded":["Strike_B","Defend_B"]},{"damage_healed":0,"gold_gain":0,"player_choice":"Success","damage_taken":18,"relics_obtained":["Oddly Smooth Stone"],"max_hp_gain":0,"max_hp_loss":0,"event_name":"Scrap Ooze","floor":3,"gold_loss":0},{"damage_healed":0,"gold_gain":0,"player_choice":"Box","damage_taken":0,"relics_obtained":["Tiny Chest"],"max_hp_gain":0,"max_hp_loss":0,"event_name":"Big Fish","floor":4,"gold_loss":0,"cards_obtained":["Regret"]},{"damage_healed":0,"gold_gain":0,"player_choice":"Read","damage_taken":0,"max_hp_gain":0,"max_hp_loss":0,"event_name":"The Library","floor":19,"gold_loss":0,"cards_obtained":["Defragment"]},{"cards_removed":["Strike_B"],"damage_healed":0,"gold_gain":0,"player_choice":"Gave Gold","damage_taken":0,"max_hp_gain":0,"max_hp_loss":0,"event_name":"Beggar","floor":20,"gold_loss":75}],"is_beta":false,"boss_relics":[{"not_picked":["Eternal Feather","Lizard Tail"],"picked":"Busted Crown"}],"items_purged_floors":[5],"is_endless":false,"potions_floor_spawned":[7,13,16,22],"killed_by":"Gremlin Leader","ascension_level":20}