{"gold_per_floor":[115,135,13,13,13,43,43,58,58,84,14,43,62,62],"floor_reached":14,"playtime":1680,"items_purged":[],"score":124,"play_id":"a11b2f7e-41ba-4122-9bf8-54cd26cc5ee7","local_time":"20190116134941","is_ascension_mode":true,"campfire_choices":[{"data":"Doppelganger","floor":7,"key":"SMITH"}],"neow_cost":"NONE","seed_source_timestamp":508226477038400,"circlet_count":0,"master_deck":["Defend_G","Defend_G","Defend_G","Defend_G+1","Defend_G","Strike_G","Strike_G","Strike_G","Strike_G","Strike_G","Survivor","Neutralize+1","Venomology","Calculated Gamble","Dodge and Roll","Deadly Poison","Heel Hook","Doppelganger+1","Outmaneuver","Dagger Throw","Well Laid Plans","Calculated Gamble","Malaise"],"relics":["Ring of the Snake","The Specimen","Gremlin Horn","Smiling Mask"],"potions_floor_usage":[2,6,6,6,10,10,13,13,13,14,14],"damage_taken":[{"damage":0,"enemies":"2 Louse","floor":1,"turns":4},{"damage":0,"enemies":"Jaw Worm","floor":2,"turns":7},{"damage":9,"enemies":"3 Sentries","floor":6,"turns":15},{"damage":0,"enemies":"Cultist","floor":8,"turns":4},{"damage":18,"enemies":"Gremlin Nob","floor":10,"turns":4},{"damage":9,"enemies":"Lagavulin","floor":12,"turns":8},{"damage":0,"enemies":"2 Fungi Beasts","floor":13,"turns":5},{"damage":20,"enemies":"3 Sentries","floor":14,"turns":8}],"seed_played":"-6105008605528401285","potions_obtained":[{"floor":1,"key":"GamblersBrew"},{"floor":12,"key":"GamblersBrew"},{"floor":13,"key":"GhostInAJar"}],"is_trial":false,"path_per_floor":["M","M","$","?","?","E","R","M","T","E","$","E","M","E"],"character_chosen":"THE_SILENT","items_purchased":["Deadly Poison","Heel Hook","Well Laid Plans"],"campfire_rested":0,"item_purchase_floors":[3,3,11],"current_hp_per_floor":[70,70,70,56,56,47,47,47,47,29,29,20,20,0],"gold":62,"neow_bonus":"ONE_RANDOM_RARE_CARD","is_prod":false,"is_daily":false,"chose_seed":false,"campfire_upgraded":1,"win_rate":0,"timestamp":1547675381,"path_taken":["M","M","$","?","?","E","R","M","T","E","$","E","M","E"],"build_version":"2019-01-10","purchased_purges":0,"victory":false,"max_hp_per_floor":[70,70,70,70,70,70,70,70,70,70,70,70,70,70],"card_choices":[{"not_picked":["Riddle With Holes","Dodge and Roll"],"picked":"Calculated Gamble","floor":1},{"not_picked":["Finisher","Outmaneuver"],"picked":"Dodge and Roll","floor":2},{"not_picked":["Dagger Spray","Deadly Poison"],"picked":"Doppelganger","floor":6},{"not_picked":["Slice","Deflect"],"picked":"Outmaneuver","floor":8},{"not_picked":["Prepared","Deflect"],"picked":"Dagger Throw","floor":10},{"not_picked":["Setup","Sucker Punch"],"picked":"Calculated Gamble","floor":12},{"not_picked":["Dagger Throw","PiercingWail"],"picked":"Malaise","floor":13}],"player_experience":502678,"relics_obtained":[{"floor":6,"key":"The Specimen"},{"floor":10,"key":"Gremlin Horn"},{"floor":12,"key":"Smiling Mask"}],"event_choices":[{"damage_healed":0,"gold_gain":0,"player_choice":"Entered Light","damage_taken":14,"max_hp_gain":0,"max_hp_loss":0,"event_name":"Shining Light","floor":4,"gold_loss":0,"cards_upgraded":["Neutralize","Defend_G"]},{"damage_healed":0,"gold_gain":0,"player_choice":"Ignored","damage_taken":0,"max_hp_gain":0,"max_hp_loss":0,"event_name":"Liars Game","floor":5,"gold_loss":0}],"is_beta":false,"boss_relics":[],"items_purged_floors":[],"is_endless":false,"potions_floor_spawned":[1,12,13],"killed_by":"3 Sentries","ascension_level":3}