{"gold_per_floor":[116,126,10,10,10,10,31,72,72,72,115,115,115],"floor_reached":13,"playtime":349,"items_purged":["Strike_B"],"score":100,"play_id":"ff832cad-cc7c-45be-b705-8b43144d7dc9","local_time":"20190228193701","is_ascension_mode":true,"campfire_choices":[{"floor":6,"key":"RECALL"}],"neow_cost":"NONE","seed_source_timestamp":245268501683766,"circlet_count":0,"master_deck":["Strike_B","Strike_B","Defend_B","Defend_B","Defend_B","Defend_B","Zap","Dualcast","Static Discharge","Loop","Ball Lightning","Conserve Battery","Auto Shields","Barrage"],"relics":["Cracked Core","NeowsBlessing","Golden Idol","StoneCalendar","Matryoshka","Art of War","Frozen Egg 2"],"potions_floor_usage":[11,11],"damage_taken":[{"damage":0,"enemies":"Small Slimes","floor":1,"turns":1},{"damage":0,"enemies":"Jaw Worm","floor":2,"turns":1},{"damage":0,"enemies":"2 Louse","floor":7,"turns":1},{"damage":26,"enemies":"3 Sentries","floor":8,"turns":5},{"damage":25,"enemies":"Gremlin Nob","floor":11,"turns":4}],"seed_played":"-3501857997668360715","potions_obtained":[{"floor":1,"key":"Poison Potion"},{"floor":8,"key":"PowerPotion"}],"is_trial":false,"path_per_floor":["M","M","$","?","?","R","M","E","T","$","E","?","?"],"character_chosen":"DEFECT","items_purchased":["Loop"],"campfire_rested":0,"item_purchase_floors":[3],"current_hp_per_floor":[75,75,75,57,54,54,54,28,28,28,3,3,0],"gold":115,"neow_bonus":"THREE_ENEMY_KILL","is_prod":false,"is_daily":false,"chose_seed":false,"campfire_upgraded":0,"win_rate":0,"timestamp":1551393421,"path_taken":["M","M","$","?","?","R","?","E","T","$","E","?","?"],"build_version":"2019-01-23","purchased_purges":1,"victory":false,"max_hp_per_floor":[75,75,75,75,75,75,75,75,75,75,75,75,75],"card_choices":[{"not_picked":["Aggregate","Turbo","Stack"],"picked":"SKIP","floor":1},{"not_picked":["Sunder","Coolheaded"],"picked":"Static Discharge","floor":2},{"not_picked":["Hologram","Steam"],"picked":"Ball Lightning","floor":7},{"not_picked":["Hologram","BootSequence"],"picked":"Conserve Battery","floor":8},{"not_picked":["Tempest","Stack"],"picked":"Auto Shields","floor":11}],"player_experience":142693,"relics_obtained":[{"floor":8,"key":"Matryoshka"},{"floor":9,"key":"Art of War"},{"floor":11,"key":"Frozen Egg 2"}],"event_choices":[{"damage_healed":0,"gold_gain":0,"player_choice":"Take Damage","damage_taken":18,"relics_obtained":["Golden Idol"],"max_hp_gain":0,"max_hp_loss":0,"event_name":"Golden Idol","floor":4,"gold_loss":0},{"damage_healed":0,"gold_gain":0,"player_choice":"Success","damage_taken":3,"relics_obtained":["StoneCalendar"],"max_hp_gain":0,"max_hp_loss":0,"event_name":"Scrap Ooze","floor":5,"gold_loss":0},{"damage_healed":0,"gold_gain":0,"cards_transformed":["Strike_B"],"player_choice":"Change","damage_taken":0,"max_hp_gain":0,"max_hp_loss":0,"event_name":"Living Wall","floor":12,"gold_loss":0,"cards_obtained":["Barrage"]}],"is_beta":false,"boss_relics":[],"items_purged_floors":[3],"is_endless":false,"potions_floor_spawned":[1,8],"ascension_level":2}