{"path_per_floor":["M","M","?","?","M","R","?","R","T","$","M","M","M","T","R","B",null,"M","M","$","M","M","R","$","?","T","M","M","R","?","$","R"],"character_chosen":"IRONCLAD","items_purchased":["Dramatic Entrance","Twin Strike","Lantern","Rupture"],"gold_per_floor":[114,129,129,129,143,143,143,143,143,55,75,95,113,113,113,209,209,226,239,189,209,228,228,80,80,80,97,108,108,108,70,70,70],"floor_reached":33,"campfire_rested":3,"playtime":1156,"current_hp_per_floor":[76,75,75,75,80,80,80,80,80,80,80,78,72,72,72,38,80,80,76,76,17,16,48,48,48,48,34,31,63,47,47,80,0],"items_purged":[],"gold":70,"score":239,"play_id":"0413cbd9-ae2e-4be0-aa5b-bd20d7dfe18b","local_time":"20180507182907","is_prod":false,"is_daily":false,"chose_seed":false,"is_ascension_mode":false,"campfire_upgraded":3,"timestamp":1525681747,"path_taken":["M","M","?","?","M","R","?","R","T","$","M","?","M","?","R","BOSS","M","M","?","M","M","R","$","?","T","M","M","R","?","$","R","BOSS"],"build_version":"2018-05-03","seed_source_timestamp":83861479879662,"purchased_purges":0,"victory":false,"master_deck":["Strike_R","Strike_R","Strike_R","Strike_R","Strike_R","Defend_R","Defend_R","Defend_R","Defend_R","Bash","Dual Wield+1","Pommel Strike+1","Blood for Blood","Perfected Strike+1","Dramatic Entrance","Twin Strike","Twin Strike+1","Impervious","Rampage","Twin Strike","Wild Strike+1","Armaments","Armaments","Necronomicurse","Rupture"],"max_hp_per_floor":[80,80,80,80,80,80,80,80,80,80,80,80,80,80,80,80,80,80,80,80,80,80,80,80,80,80,80,80,80,80,80,80,80],"relics":["Burning Blood","Bronze Scales","Matryoshka","Juzu Bracelet","Bag of Marbles","Eternal Feather","Lantern","Kunai","Letter Opener","Necronomicon"],"card_choices":[{"not_picked":["Power Through","Pommel Strike"],"picked":"Dual Wield","floor":0},{"not_picked":["Body Slam","Corruption"],"picked":"Pommel Strike","floor":1},{"not_picked":["Power Through","Havoc"],"picked":"Blood for Blood","floor":2},{"not_picked":["Shrug It Off","Pummel"],"picked":"Perfected Strike","floor":5},{"not_picked":["Rampage","Seeing Red"],"picked":"Twin Strike","floor":12},{"not_picked":["Fire Breathing","Headbutt"],"picked":"Twin Strike","floor":13},{"not_picked":["Limit Break","Dark Embrace"],"picked":"Impervious","floor":16},{"not_picked":["True Grit","Thunderclap"],"picked":"Rampage","floor":19},{"not_picked":["Seeing Red","Clash"],"picked":"Wild Strike","floor":21},{"not_picked":["Evolve","Sword Boomerang"],"picked":"Armaments","floor":22},{"not_picked":["Clothesline","Disarm"],"picked":"Armaments","floor":27}],"player_experience":163566,"potions_floor_usage":[11,16,19,19,22,27,33],"damage_taken":[{"damage":10,"enemies":"Jaw Worm","floor":1,"turns":6},{"damage":7,"enemies":"2 Louse","floor":2,"turns":2},{"damage":1,"enemies":"Cultist","floor":5,"turns":3},{"damage":0,"enemies":"Gremlin Gang","floor":11,"turns":1},{"damage":8,"enemies":"Lots of Slimes","floor":12,"turns":2},{"damage":12,"enemies":"3 Louse","floor":13,"turns":2},{"damage":40,"enemies":"Slime Boss","floor":16,"turns":9},{"damage":5,"enemies":"Chosen","floor":18,"turns":3},{"damage":10,"enemies":"2 Thieves","floor":19,"turns":4},{"damage":65,"enemies":"Centurion and Healer","floor":21,"turns":7},{"damage":7,"enemies":"3 Cultists","floor":22,"turns":3},{"damage":20,"enemies":"Sentry and Sphere","floor":27,"turns":3},{"damage":9,"enemies":"Snecko","floor":28,"turns":4},{"damage":92,"enemies":"Collector","floor":33,"turns":6}],"event_choices":[{"event_name":"Liars Game","player_choice":"disagreed","floor":3,"damage_taken":0},{"event_name":"Wheel of Change","player_choice":"Relic","floor":4,"damage_taken":0},{"event_name":"Accursed Blacksmith","player_choice":"Forge","floor":7,"damage_taken":0},{"event_name":"Vampires","player_choice":"Ignored","floor":25,"damage_taken":0},{"event_name":"Cursed Tome","player_choice":"Obtained Book","floor":30,"damage_taken":0}],"boss_relics":[{"not_picked":["Lizard Tail","Pandora\u0027s Box"],"picked":"Eternal Feather"}],"potions_floor_spawned":[2,12,13,16,21,22,28],"seed_played":"-1609709352025864064","killed_by":"Collector","ascension_level":0,"is_trial":false}