{"path_per_floor":["M","M","?","M","M","R","M","R","T","R","$","?","R","$","R","B",null,"M","M","?","M","?","R","?","R","T","?","M","$","R"],"character_chosen":"DEFECT","items_purchased":["Bronze Scales","Loop","Echo Form","Steam"],"gold_per_floor":[110,121,121,140,155,155,169,169,169,169,16,91,91,15,15,113,113,128,138,237,254,454,454,454,454,454,454,472,342,342,342],"floor_reached":31,"campfire_rested":5,"playtime":890,"item_purchase_floors":[11,14,29,29],"current_hp_per_floor":[75,74,74,69,32,54,54,54,54,75,75,64,75,75,75,48,75,56,46,46,36,36,58,58,75,75,75,74,74,74,0],"items_purged":[],"gold":342,"score":234,"play_id":"6f8c742d-d6d0-4625-8481-6b976095d727","local_time":"20180613214654","is_prod":false,"is_daily":false,"chose_seed":false,"is_ascension_mode":true,"campfire_upgraded":3,"win_rate":0,"timestamp":1528890414,"campfire_choices":[{"floor":6,"key":"REST"},{"data":"Dualcast","floor":8,"key":"SMITH"},{"floor":10,"key":"REST"},{"floor":13,"key":"REST"},{"data":"Loop","floor":15,"key":"SMITH"},{"floor":23,"key":"REST"},{"floor":25,"key":"REST"},{"data":"Echo Form","floor":30,"key":"SMITH"}],"path_taken":["M","M","?","?","?","R","M","R","T","R","$","?","R","$","R","BOSS","M","M","?","M","?","R","?","R","T","?","M","$","R","E"],"build_version":"2018-06-12","seed_source_timestamp":208494699960853,"purchased_purges":0,"victory":false,"master_deck":["Strike_B+1","Strike_B+1","Strike_B+1","Strike_B+1","Defend_B+1","Defend_B+1","Defend_B+1","Defend_B+1","Zap+1","Dualcast+1","Heatsinks","Cold Snap+1","Leap","Cold Snap","Loop+1","Capacitor","Rebound","Darkness","Echo Form+1","Steam"],"max_hp_per_floor":[75,75,75,75,75,75,75,75,75,75,75,75,75,75,75,75,75,75,75,75,75,75,75,75,75,75,75,75,75,75,75],"special_seed":0,"relics":["Cracked Core","Meat on the Bone","Bronze Scales","White Beast Statue","The Courier"],"card_choices":[{"not_picked":["Stack","Cold Snap"],"picked":"Heatsinks","floor":1},{"not_picked":["Beam Cell","Sweeping Beam","Recycle"],"picked":"SKIP","floor":2},{"not_picked":["Leap","Chaos"],"picked":"Cold Snap","floor":4},{"not_picked":["Blizzard","Ball Lightning"],"picked":"Leap","floor":5},{"not_picked":["Leap","Sunder"],"picked":"Cold Snap","floor":7},{"not_picked":["Tempest+1","Reprogram","Streamline"],"picked":"SKIP","floor":18},{"not_picked":["Turbo","Chaos"],"picked":"Capacitor","floor":19},{"not_picked":["Sweeping Beam+1","Turbo"],"picked":"Rebound","floor":21},{"not_picked":["Fusion","Redo"],"picked":"Darkness","floor":28}],"player_experience":410185,"potions_floor_usage":[5,16,19,21,21,28],"damage_taken":[{"damage":0,"enemies":"2 Louse","floor":1,"turns":2},{"damage":1,"enemies":"Cultist","floor":2,"turns":3},{"damage":5,"enemies":"Small Slimes","floor":4,"turns":3},{"damage":37,"enemies":"Gremlin Gang","floor":5,"turns":6},{"damage":0,"enemies":"Large Slime","floor":7,"turns":5},{"damage":37,"enemies":"Slime Boss","floor":16,"turns":13},{"damage":19,"enemies":"3 Byrds","floor":18,"turns":3},{"damage":10,"enemies":"Spheric Guardian","floor":19,"turns":4},{"damage":22,"enemies":"Snake Plant","floor":21,"turns":5},{"damage":1,"enemies":"Chosen and Byrds","floor":28,"turns":5},{"damage":76,"enemies":"Slavers","floor":31,"turns":5}],"relics_obtained":[{"floor":9,"key":"Meat on the Bone"},{"floor":26,"key":"The Courier"}],"event_choices":[{"event_name":"The Woman in Blue","player_choice":"Bought 0 Potions","floor":3,"damage_taken":0},{"event_name":"World of Goop","player_choice":"Gather Gold","floor":12,"damage_taken":0},{"event_name":"Nest","player_choice":"Stole From Cult","floor":20,"damage_taken":0},{"event_name":"The Joust","player_choice":"Bet on Owner","floor":22,"damage_taken":0},{"event_name":"Back to Basics","player_choice":"Simplicity","floor":24,"damage_taken":0},{"event_name":"Accursed Blacksmith","player_choice":"Forge","floor":27,"damage_taken":0}],"boss_relics":[{"not_picked":["Eternal Feather","Coffee Dripper"],"picked":"White Beast Statue"}],"items_purged_floors":[],"potions_floor_spawned":[2,5,16,18,19,21,28],"seed_played":"-51611867914914727","killed_by":"Slavers","ascension_level":1,"potions_obtained":[{"floor":2,"key":"SpeedPotion"},{"floor":5,"key":"Regen Potion"},{"floor":16,"key":"SpeedPotion"},{"floor":18,"key":"Poison Potion"},{"floor":19,"key":"Strength Potion"},{"floor":21,"key":"PowerPotion"},{"floor":28,"key":"FearPotion"}],"is_trial":false}