{"path_per_floor":["M","$","M","T","?","R","E","M","T","?","$","?","R","M","R","B",null,"M","$","?","?","M","E","M"],"character_chosen":"IRONCLAD","items_purchased":["Inflame","Enlightenment","Strength Potion","Demon Form"],"gold_per_floor":[116,39,59,111,111,111,140,157,183,258,20,20,20,32,32,132,132,151,1,1,1,17,51,65,65],"floor_reached":25,"campfire_rested":1,"playtime":686,"current_hp_per_floor":[80,80,80,80,80,80,80,80,80,69,69,69,69,73,80,55,80,62,62,62,46,37,26,17,0],"items_purged":[],"gold":65,"score":268,"play_id":"99f3dd7e-5cf1-4165-b61a-39ea7a134d3e","local_time":"20180327234713","is_prod":false,"is_daily":false,"is_ascension_mode":true,"campfire_upgraded":2,"timestamp":1522216033,"path_taken":["M","$","M","?","?","R","E","M","T","?","$","?","R","M","R","BOSS","M","$","?","?","M","E","M","E"],"build_version":"2018-03-22v2","purchased_purges":0,"victory":false,"master_deck":["Strike_R+1","Strike_R+1","Strike_R+1","Strike_R+1","Defend_R+1","Defend_R+1","Defend_R+1","Defend_R+1","Bash+1","Spot Weakness","Inflame+1","Pommel Strike","Pummel+1","Headbutt","Enlightenment","Clash","Feed","Clash","Demon Form","Twin Strike+1","Searing Blow","Perfected Strike+1"],"max_hp_per_floor":[80,80,80,80,80,80,80,80,80,80,80,80,80,80,80,80,80,83,83,83,83,83,83,83,83],"relics":["Burning Blood","NeowsBlessing","Orichalcum","Oddly Smooth Stone","Whetstone","Eternal Feather","Enchiridion","Singing Bowl"],"card_choices":[{"not_picked":["Armaments","Sword Boomerang"],"picked":"Spot Weakness","floor":1},{"not_picked":["Dual Wield","Ghostly Armor"],"picked":"Pommel Strike","floor":3},{"not_picked":["Body Slam","Battle Trance"],"picked":"Pummel","floor":7},{"not_picked":["Blood for Blood","Warcry"],"picked":"Headbutt","floor":8},{"not_picked":["Twin Strike","Sword Boomerang"],"picked":"Clash","floor":14},{"not_picked":["Fiend Fire","Berserk"],"picked":"Feed","floor":16},{"not_picked":["Spot Weakness","Armaments"],"picked":"Clash","floor":18},{"not_picked":["Body Slam","Thunderclap"],"picked":"Twin Strike","floor":22},{"not_picked":["Pommel Strike","Offering"],"picked":"Searing Blow","floor":23},{"not_picked":["Sever Soul","Warcry"],"picked":"Perfected Strike","floor":24}],"player_experience":221828,"potions_floor_usage":[16,16,23,24],"damage_taken":[{"damage":0,"enemies":"Cultist","floor":1,"turns":1},{"damage":0,"enemies":"Small Slimes","floor":3,"turns":1},{"damage":0,"enemies":"Lagavulin","floor":7,"turns":1},{"damage":0,"enemies":"2 Louse","floor":8,"turns":2},{"damage":2,"enemies":"Blue Slaver","floor":14,"turns":3},{"damage":31,"enemies":"The Guardian","floor":16,"turns":7},{"damage":27,"enemies":"2 Thieves","floor":18,"turns":4},{"damage":15,"enemies":"Spheric Guardian","floor":22,"turns":4},{"damage":17,"enemies":"Gremlin Leader","floor":23,"turns":7},{"damage":15,"enemies":"Snake Plant","floor":24,"turns":3},{"damage":27,"enemies":"Book of Stabbing","floor":25,"turns":3}],"event_choices":[{"event_name":"The Cleric","player_choice":"Leave","floor":5,"damage_taken":0},{"event_name":"World of Goop","player_choice":"Gather Gold","floor":10,"damage_taken":0},{"event_name":"Purifier","player_choice":"One Purge","floor":12,"damage_taken":0},{"event_name":"Back to Basics","player_choice":"Simplicity","floor":20,"damage_taken":0},{"event_name":"Cursed Tome","player_choice":"Obtained Book","floor":21,"damage_taken":0}],"boss_relics":[{"not_picked":["Ectoplasm","Orrery"],"picked":"Eternal Feather"}],"potions_floor_spawned":[7,16,22,23],"seed_played":"6029255233127669741","killed_by":"Book of Stabbing","ascension_level":2,"is_trial":false}