{"gold_per_floor":[113,131,145,145,145,145,145,145,171,250,17,27,43,62,62,136,136,156,156,156,136,151,151,151],"floor_reached":24,"playtime":736,"items_purged":[],"score":344,"play_id":"b6b08b4e-1988-4e45-bd44-e1bdcd51aa81","local_time":"20180926003326","is_ascension_mode":true,"campfire_choices":[{"data":"Lockon","floor":6,"key":"SMITH"},{"data":"Capacitor","floor":8,"key":"SMITH"},{"data":"Machine Learning","floor":15,"key":"SMITH"},{"floor":23,"key":"REST"}],"neow_cost":"NONE","seed_source_timestamp":973120422772102,"circlet_count":0,"master_deck":["Strike_B+1","Strike_B+1","Defend_B+1","Defend_B+1","Defend_B+1","Defend_B+1","Zap+1","Dualcast","AscendersBane","Lockon+1","Capacitor+1","Stack","Ball Lightning+1","Coolheaded","Undo","Conserve Battery","Machine Learning+1","Electrodynamics","White Noise","Compile Driver+1"],"relics":["Cracked Core","Whetstone","Strawberry","Empty Cage"],"potions_floor_usage":[16,24],"damage_taken":[{"damage":4,"enemies":"Small Slimes","floor":1,"turns":3},{"damage":1,"enemies":"2 Louse","floor":2,"turns":2},{"damage":4,"enemies":"Jaw Worm","floor":3,"turns":3},{"damage":2,"enemies":"2 Fungi Beasts","floor":12,"turns":3},{"damage":0,"enemies":"Large Slime","floor":13,"turns":5},{"damage":8,"enemies":"Blue Slaver","floor":14,"turns":2},{"damage":15,"enemies":"The Guardian","floor":16,"turns":10},{"damage":13,"enemies":"Shell Parasite","floor":18,"turns":8},{"damage":14,"enemies":"2 Thieves","floor":22,"turns":2},{"damage":64,"enemies":"Book of Stabbing","floor":24,"turns":6}],"seed_played":"9027693713123640114","potions_obtained":[{"floor":3,"key":"Energy Potion"},{"floor":13,"key":"Fire Potion"},{"floor":14,"key":"Ancient Potion"},{"floor":18,"key":"Strength Potion"}],"is_trial":false,"path_per_floor":["M","M","M","?","?","R","?","R","T","?","$","M","M","M","R","B",null,"M","?","?","?","M","R"],"character_chosen":"DEFECT","items_purchased":["Coolheaded","Strawberry"],"campfire_rested":1,"item_purchase_floors":[11,11],"current_hp_per_floor":[60,59,55,55,55,55,55,55,55,55,62,60,60,52,52,37,68,55,55,55,55,41,64,0],"gold":151,"neow_bonus":"THREE_CARDS","is_prod":false,"is_daily":false,"chose_seed":false,"campfire_upgraded":3,"win_rate":0,"timestamp":1537936406,"path_taken":["M","M","M","?","?","R","?","R","T","?","$","M","M","M","R","BOSS","M","?","?","?","M","R","E"],"build_version":"2018-09-20","purchased_purges":0,"victory":false,"max_hp_per_floor":[71,71,71,71,71,71,71,71,71,71,78,78,78,78,78,78,78,78,78,78,78,78,78,78],"card_choices":[{"not_picked":["Compile Driver","Sweeping Beam"],"picked":"Lockon","floor":0},{"not_picked":["Turbo","Hello World"],"picked":"Capacitor","floor":1},{"not_picked":["Sweeping Beam","Barrage"],"picked":"Stack","floor":2},{"not_picked":["Fusion","Barrage"],"picked":"Ball Lightning","floor":3},{"not_picked":["Aggregate","Beam Cell"],"picked":"Undo","floor":12},{"not_picked":["BootSequence","Go for the Eyes"],"picked":"Conserve Battery","floor":13},{"not_picked":["Gash","Capacitor"],"picked":"Machine Learning","floor":14},{"not_picked":["Fission","Meteor Strike"],"picked":"Electrodynamics","floor":16},{"not_picked":["Coolheaded","Rebound"],"picked":"White Noise","floor":18},{"not_picked":["Rebound","Go for the Eyes"],"picked":"Compile Driver+1","floor":22}],"player_experience":266153,"relics_obtained":[{"floor":9,"key":"Whetstone"}],"event_choices":[{"event_name":"Living Wall","player_choice":"Grow","floor":4,"damage_taken":0},{"event_name":"Liars Game","player_choice":"disagreed","floor":5,"damage_taken":0},{"event_name":"Upgrade Shrine","player_choice":"Upgraded","floor":7,"damage_taken":0},{"event_name":"Golden Wing","player_choice":"Gained Gold","floor":10,"damage_taken":0},{"event_name":"Back to Basics","player_choice":"Simplicity","floor":19,"damage_taken":0},{"event_name":"Cursed Tome","player_choice":"Ignored","floor":20,"damage_taken":0},{"event_name":"The Woman in Blue","player_choice":"Bought 1 Potion","floor":21,"damage_taken":0}],"is_beta":false,"boss_relics":[{"not_picked":["Inserter","White Beast Statue"],"picked":"Empty Cage"}],"items_purged_floors":[],"is_endless":false,"potions_floor_spawned":[3,13,14,18],"killed_by":"Book of Stabbing","ascension_level":17}