{"gold_per_floor":[112,62,81,97,22,47,62,237,264,280,155,165,165,175,175,278,278,295,120,135,135,145,145,145],"floor_reached":24,"playtime":1415,"items_purged":["Strike_B","Doubt","Defend_B"],"score":350,"play_id":"c64ed454-667e-4092-8c53-48a1507f8a41","local_time":"20181112225759","is_ascension_mode":true,"campfire_choices":[{"floor":13,"key":"REST"},{"data":"Zap","floor":15,"key":"SMITH"},{"floor":23,"key":"REST"}],"neow_cost":"NONE","seed_source_timestamp":2816173515879842,"circlet_count":0,"master_deck":["Defend_B","Defend_B","Zap+1","Dualcast","Barrage","Hologram","Ball Lightning","Beam Cell","Go for the Eyes","Sweeping Beam","Rebound","Cold Snap","Seek","White Noise","Rainbow","Ball Lightning","Compile Driver","Barrage+1","Bite","Bite","Bite","Bite","Bite","Compile Driver+1"],"relics":["Cracked Core","Boot","Inserter"],"potions_floor_usage":[24],"damage_taken":[{"damage":0,"enemies":"Small Slimes","floor":1,"turns":3},{"damage":1,"enemies":"Jaw Worm","floor":3,"turns":4},{"damage":5,"enemies":"2 Louse","floor":4,"turns":2},{"damage":15,"enemies":"Gremlin Nob","floor":6,"turns":3},{"damage":11,"enemies":"Exordium Thugs","floor":7,"turns":3},{"damage":5,"enemies":"Gremlin Gang","floor":10,"turns":4},{"damage":0,"enemies":"2 Fungi Beasts","floor":12,"turns":2},{"damage":7,"enemies":"3 Louse","floor":14,"turns":2},{"damage":0,"enemies":"Slime Boss","floor":16,"turns":6},{"damage":28,"enemies":"Spheric Guardian","floor":18,"turns":5},{"damage":12,"enemies":"Chosen","floor":20,"turns":2},{"damage":29,"enemies":"Shelled Parasite and Fungi","floor":22,"turns":5},{"damage":42,"enemies":"Book of Stabbing","floor":24,"turns":3}],"seed_played":"-1906751544742165201","potions_obtained":[{"floor":4,"key":"Fire Potion"},{"floor":12,"key":"Dexterity Potion"},{"floor":14,"key":"FearPotion"},{"floor":16,"key":"Poison Potion"}],"is_trial":false,"path_per_floor":["M","?","M","M","$","E","M","?","T","M","$","M","R","M","R","B",null,"M","$","M","?","M","R","E"],"character_chosen":"DEFECT","items_purchased":["Cold Snap","Compile Driver"],"campfire_rested":2,"item_purchase_floors":[11,19],"current_hp_per_floor":[68,68,67,62,62,47,36,36,36,31,31,31,53,46,46,46,68,40,40,28,28,9,24,0],"gold":145,"neow_bonus":"TRANSFORM_CARD","is_prod":false,"is_daily":false,"chose_seed":false,"campfire_upgraded":1,"win_rate":0,"timestamp":1542059879,"path_taken":["M","?","M","M","$","E","M","?","T","M","$","M","R","M","R","BOSS","M","$","M","?","M","R","E"],"build_version":"2018-11-08","purchased_purges":3,"victory":false,"max_hp_per_floor":[75,75,75,75,75,75,75,75,75,75,75,75,75,75,75,75,75,75,75,75,52,52,52,52],"card_choices":[{"not_picked":["Leap","Heatsinks"],"picked":"Hologram","floor":1},{"not_picked":["Redo","Stack"],"picked":"Ball Lightning","floor":3},{"not_picked":["Stack","Barrage"],"picked":"Beam Cell","floor":4},{"not_picked":["Fission","Beam Cell"],"picked":"Go for the Eyes","floor":6},{"not_picked":["Rebound","Go for the Eyes"],"picked":"Sweeping Beam","floor":7},{"not_picked":["Redo","Streamline"],"picked":"Rebound","floor":10},{"not_picked":["Stack","Darkness"],"picked":"Seek","floor":12},{"not_picked":["Rip and Tear","Beam Cell"],"picked":"White Noise","floor":14},{"not_picked":["Fission","Reboot"],"picked":"Rainbow","floor":16},{"not_picked":["Beam Cell","Steam+1"],"picked":"Ball Lightning","floor":18},{"not_picked":["Gash","Heatsinks"],"picked":"Barrage+1","floor":20},{"not_picked":["Turbo+1","Sunder"],"picked":"Compile Driver+1","floor":22}],"player_experience":345136,"relics_obtained":[{"floor":6,"key":"Boot"}],"event_choices":[{"cards_removed":["Defend_B"],"damage_healed":0,"gold_gain":0,"player_choice":"Card Removal","damage_taken":0,"max_hp_gain":0,"max_hp_loss":0,"event_name":"The Cleric","floor":2,"gold_loss":50},{"damage_healed":0,"gold_gain":175,"player_choice":"AGREE","damage_taken":0,"max_hp_gain":0,"max_hp_loss":0,"event_name":"Liars Game","floor":8,"gold_loss":0,"cards_obtained":["Doubt"]},{"damage_healed":0,"gold_gain":0,"player_choice":"Became a vampire","damage_taken":0,"max_hp_gain":0,"max_hp_loss":23,"event_name":"Vampires","floor":21,"gold_loss":0,"cards_obtained":["Bite","Bite","Bite","Bite","Bite"]}],"is_beta":true,"boss_relics":[{"not_picked":["Calling Bell","Coffee Dripper"],"picked":"Inserter"}],"items_purged_floors":[5,11,19],"is_endless":false,"potions_floor_spawned":[4,12,14,16,20,22],"killed_by":"Book of Stabbing","ascension_level":6}