{"gold_per_floor":[111,36,36,55,55,55,69,69,93,93,118,136,154,177,177,267,267,281,34,0,0,20,20],"floor_reached":23,"playtime":876,"items_purged":["Normality"],"score":299,"play_id":"13f226ce-6ec4-4fbe-ae38-2f0076174aed","local_time":"20181114220917","is_ascension_mode":true,"campfire_choices":[{"data":"Zap","floor":6,"key":"SMITH"},{"data":"Glacier","floor":8,"key":"SMITH"},{"floor":15,"key":"REST"}],"neow_cost":"CURSE","seed_source_timestamp":358609520786323,"circlet_count":0,"master_deck":["AscendersBane","Strike_B","Strike_B","Strike_B","Strike_B","Defend_B","Defend_B","Defend_B","Defend_B","Zap+1","Dualcast","Rainbow+1","Glacier+1","Ball Lightning","Coolheaded","Conserve Battery","Capacitor","Lockon","Blizzard","Creative AI","Heatsinks","Reboot","Capacitor","Glacier"],"relics":["Cracked Core","Golden Idol","Centennial Puzzle","Odd Mushroom","Velvet Choker","Gremlin Horn"],"potions_floor_usage":[11,16,23,23],"damage_taken":[{"damage":0,"enemies":"Cultist","floor":1,"turns":3},{"damage":5,"enemies":"Jaw Worm","floor":4,"turns":3},{"damage":5,"enemies":"Small Slimes","floor":7,"turns":2},{"damage":8,"enemies":"The Mushroom Lair","floor":11,"turns":4},{"damage":0,"enemies":"2 Fungi Beasts","floor":12,"turns":3},{"damage":1,"enemies":"Exordium Wildlife","floor":13,"turns":5},{"damage":20,"enemies":"Exordium Thugs","floor":14,"turns":5},{"damage":25,"enemies":"Hexaghost","floor":16,"turns":10},{"damage":26,"enemies":"2 Thieves","floor":18,"turns":5},{"damage":23,"enemies":"Spheric Guardian","floor":22,"turns":7},{"damage":9,"enemies":"Gremlin Leader","floor":23,"turns":1}],"seed_played":"6314588692832961445","potions_obtained":[{"floor":4,"key":"SteroidPotion"},{"floor":7,"key":"SkillPotion"},{"floor":13,"key":"LiquidBronze"},{"floor":18,"key":"Weak Potion"}],"is_trial":false,"path_per_floor":["M","$","?","M","?","R","M","R","T","?","?","M","M","M","R","B",null,"M","$","?","?","M","E"],"character_chosen":"DEFECT","items_purchased":["Gremlin Horn"],"campfire_rested":1,"item_purchase_floors":[19],"current_hp_per_floor":[68,68,50,45,45,45,40,40,40,40,32,32,31,11,33,8,58,32,32,32,32,9,0],"gold":20,"neow_bonus":"THREE_RARE_CARDS","is_prod":false,"is_daily":false,"chose_seed":false,"campfire_upgraded":2,"win_rate":0,"timestamp":1542262157,"path_taken":["M","$","?","M","?","R","M","R","T","?","?","M","M","M","R","BOSS","M","$","?","?","?","E"],"build_version":"2018-11-08","purchased_purges":1,"victory":false,"max_hp_per_floor":[75,75,75,75,75,75,75,75,75,75,75,75,75,75,75,75,75,75,75,75,75,75,75],"card_choices":[{"not_picked":["Multi-Cast","Amplify"],"picked":"Rainbow","floor":0},{"not_picked":["Steam Power","Sweeping Beam"],"picked":"Glacier","floor":1},{"not_picked":["Steam","Hologram"],"picked":"Ball Lightning","floor":4},{"not_picked":["Turbo","Go for the Eyes"],"picked":"Coolheaded","floor":7},{"not_picked":["Cold Snap","Heatsinks"],"picked":"Conserve Battery","floor":11},{"not_picked":["Coolheaded","Streamline"],"picked":"Capacitor","floor":12},{"not_picked":["Core Surge","Recycle"],"picked":"Lockon","floor":13},{"not_picked":["Hologram","Compile Driver"],"picked":"Blizzard","floor":14},{"not_picked":["Rainbow","Biased Cognition"],"picked":"Creative AI","floor":16},{"not_picked":["Gash","Compile Driver"],"picked":"Heatsinks","floor":18},{"not_picked":["Gash","Reinforced Body"],"picked":"Glacier","floor":22}],"player_experience":409175,"relics_obtained":[{"floor":9,"key":"Centennial Puzzle"},{"floor":11,"key":"Odd Mushroom"}],"event_choices":[{"damage_healed":0,"gold_gain":0,"player_choice":"Take Damage","damage_taken":18,"relics_obtained":["Golden Idol"],"max_hp_gain":0,"max_hp_loss":0,"event_name":"Golden Idol","floor":3,"gold_loss":0},{"damage_healed":0,"gold_gain":0,"player_choice":"Grow","damage_taken":0,"max_hp_gain":0,"max_hp_loss":0,"event_name":"Living Wall","floor":5,"gold_loss":0,"cards_upgraded":["Rainbow"]},{"damage_healed":0,"gold_gain":0,"player_choice":"Ignored","damage_taken":0,"max_hp_gain":0,"max_hp_loss":0,"event_name":"Liars Game","floor":10,"gold_loss":0},{"damage_healed":0,"gold_gain":0,"player_choice":"Fought Mushrooms","damage_taken":0,"max_hp_gain":0,"max_hp_loss":0,"event_name":"Mushrooms","floor":11,"gold_loss":0},{"damage_healed":0,"gold_gain":0,"player_choice":"Paid Fearfully","damage_taken":0,"max_hp_gain":0,"max_hp_loss":0,"event_name":"Masked Bandits","floor":20,"gold_loss":34},{"damage_healed":0,"gold_gain":0,"player_choice":"2 cards matched","damage_taken":0,"max_hp_gain":0,"max_hp_loss":0,"event_name":"Match and Keep!","floor":21,"gold_loss":0,"cards_obtained":["Reboot","Capacitor"]}],"is_beta":false,"boss_relics":[{"not_picked":["Astrolabe","Ectoplasm"],"picked":"Velvet Choker"}],"items_purged_floors":[2],"is_endless":false,"potions_floor_spawned":[4,7,13,18],"killed_by":"Gremlin Leader","ascension_level":13}