{"gold_per_floor":[115,130,150,150,167,178,190,221,221,239,239,255,255,273,273,373,373,387,403,421,434,434],"floor_reached":22,"playtime":2369,"items_purged":[],"score":196,"play_id":"6fc99840-e2cb-4236-b75b-204b3c8a061a","local_time":"20190305222900","is_ascension_mode":false,"campfire_choices":[{"floor":11,"key":"REST"},{"floor":15,"key":"REST"}],"neow_cost":"NONE","seed_source_timestamp":106296645766470,"circlet_count":0,"master_deck":["Strike_B","Strike_B","Strike_B","Strike_B","Defend_B","Defend_B","Defend_B","Defend_B","Zap","Dualcast","Chaos+1","Steam Power","Ball Lightning","Sweeping Beam","Leap","White Noise","BootSequence","Scrape","Capacitor","Echo Form","Stack","Seek","Static Discharge+1","Melter","Glacier","Conserve Battery"],"relics":["Cracked Core","Boot","Gremlin Horn","Strawberry","Inserter"],"potions_floor_usage":[20,22,22],"damage_taken":[{"damage":1,"enemies":"2 Louse","floor":1,"turns":2},{"damage":1,"enemies":"Cultist","floor":2,"turns":3},{"damage":0,"enemies":"Small Slimes","floor":3,"turns":3},{"damage":6,"enemies":"Exordium Wildlife","floor":5,"turns":3},{"damage":1,"enemies":"2 Fungi Beasts","floor":6,"turns":3},{"damage":3,"enemies":"Large Slime","floor":7,"turns":5},{"damage":13,"enemies":"Lagavulin","floor":8,"turns":6},{"damage":30,"enemies":"Gremlin Gang","floor":10,"turns":4},{"damage":4,"enemies":"Exordium Wildlife","floor":12,"turns":6},{"damage":5,"enemies":"Looter","floor":14,"turns":3},{"damage":31,"enemies":"The Guardian","floor":16,"turns":9},{"damage":19,"enemies":"Spheric Guardian","floor":18,"turns":4},{"damage":10,"enemies":"Chosen","floor":19,"turns":6},{"damage":27,"enemies":"Centurion and Healer","floor":20,"turns":9},{"damage":21,"enemies":"Cultist and Chosen","floor":21,"turns":7},{"damage":5,"enemies":"Snecko","floor":22,"turns":6}],"seed_played":"2083723732302044681","potions_obtained":[{"floor":2,"key":"Poison Potion"},{"floor":3,"key":"SteroidPotion"},{"floor":5,"key":"SteroidPotion"},{"floor":12,"key":"GamblersBrew"},{"floor":16,"key":"Dexterity Potion"},{"floor":21,"key":"EssenceOfSteel"}],"is_trial":false,"path_per_floor":["?","?"],"character_chosen":"DEFECT","items_purchased":[],"campfire_rested":2,"item_purchase_floors":[],"current_hp_per_floor":[74,73,73,73,67,66,63,50,50,20,42,38,45,40,64,33,82,63,53,26,5,0],"gold":434,"neow_bonus":"THREE_CARDS","is_prod":false,"is_daily":false,"chose_seed":false,"campfire_upgraded":0,"win_rate":0.0,"timestamp":1551821340,"path_taken":["M","M","M","?","M","M","M","E","T","M","R","M","?","M","R","BOSS","M","M","M","M","M"],"build_version":"2019-01-23","purchased_purges":0,"victory":false,"max_hp_per_floor":[75,75,75,75,75,75,75,75,75,75,75,75,82,82,82,82,82,82,82,82,82,82],"card_choices":[{"not_picked":["Ball Lightning","Conserve Battery"],"picked":"Chaos","floor":0},{"not_picked":["Compile Driver","Gash"],"picked":"Steam Power","floor":1},{"not_picked":["Chaos","Rip and Tear"],"picked":"Ball Lightning","floor":2},{"not_picked":["Gash","Blizzard"],"picked":"Sweeping Beam","floor":3},{"not_picked":["Compile Driver","Coolheaded"],"picked":"Leap","floor":5},{"not_picked":["Lockon","Loop"],"picked":"White Noise","floor":6},{"not_picked":["Skim","Melter"],"picked":"BootSequence","floor":7},{"not_picked":["Skim","Beam Cell"],"picked":"Scrape","floor":8},{"not_picked":["Gash","Hello World"],"picked":"Capacitor","floor":10},{"not_picked":["Cold Snap","Coolheaded"],"picked":"Echo Form","floor":12},{"not_picked":["Go for the Eyes","Steam"],"picked":"Stack","floor":14},{"not_picked":["Fission","Biased Cognition"],"picked":"Seek","floor":16},{"not_picked":["Sweeping Beam","Go for the Eyes"],"picked":"Static Discharge+1","floor":18},{"not_picked":["Leap","Fusion"],"picked":"Melter","floor":19},{"not_picked":["Leap","Barrage"],"picked":"Glacier","floor":20},{"not_picked":["Beam Cell","Ball Lightning"],"picked":"Conserve Battery","floor":21}],"player_experience":44462,"relics_obtained":[{"floor":8,"key":"Boot"},{"floor":9,"key":"Gremlin Horn"}],"event_choices":[{"damage_healed":0,"gold_gain":0,"player_choice":"Grow","damage_taken":0,"max_hp_gain":0,"max_hp_loss":0,"event_name":"Living Wall","floor":4,"gold_loss":0,"cards_upgraded":["Chaos"]},{"damage_healed":0,"gold_gain":0,"player_choice":"Gave Potion","damage_taken":0,"relics_obtained":["Strawberry"],"max_hp_gain":0,"max_hp_loss":0,"event_name":"WeMeetAgain","floor":13,"gold_loss":0}],"is_beta":false,"boss_relics":[{"not_picked":["Calling Bell","Sozu"],"picked":"Inserter"}],"items_purged_floors":[],"is_endless":false,"potions_floor_spawned":[2,3,5,12,16,21],"killed_by":"Snecko","ascension_level":0}