{"gold_per_floor":[114,131,206,226,226,186,186,186,186,204,204,224,241,270,270,343,343,357,58,58,71,89,89,89,89,114,114],"floor_reached":27,"playtime":1176,"items_purged":["Strike_G"],"score":422,"play_id":"160d31c0-fa0f-4cc3-8d36-0f16195018a2","local_time":"20181123115040","is_ascension_mode":true,"campfire_choices":[{"data":"Noxious Fumes","floor":8,"key":"SMITH"},{"data":"Neutralize","floor":11,"key":"SMITH"},{"floor":15,"key":"RECALL"},{"data":"Adrenaline","floor":23,"key":"SMITH"},{"data":"True Grit","floor":24,"key":"SMITH"}],"neow_cost":"NONE","seed_source_timestamp":4534470844023,"circlet_count":0,"master_deck":["AscendersBane","Defend_G+1","Defend_G","Defend_G","Defend_G+1","Strike_G","Strike_G","Strike_G","Survivor","Neutralize+1","Noxious Fumes+1","After Image","Adrenaline+1","Escape Plan+1","True Grit+1","Clumsy"],"relics":["Velvet Choker","Meat on the Bone","Odd Mushroom","WingedGreaves","Cursed Key","PrismaticShard","War Paint"],"potions_floor_usage":[16,16,16,16,21,22],"damage_taken":[{"damage":0,"enemies":"2 Louse","floor":1,"turns":3},{"damage":0,"enemies":"Cultist","floor":2,"turns":5},{"damage":0,"enemies":"Small Slimes","floor":4,"turns":4},{"damage":0,"enemies":"Looter","floor":6,"turns":4},{"damage":4,"enemies":"Large Slime","floor":10,"turns":9},{"damage":9,"enemies":"The Mushroom Lair","floor":12,"turns":5},{"damage":1,"enemies":"2 Fungi Beasts","floor":13,"turns":6},{"damage":21,"enemies":"Gremlin Nob","floor":14,"turns":6},{"damage":9,"enemies":"The Guardian","floor":16,"turns":12},{"damage":7,"enemies":"Shell Parasite","floor":18,"turns":10},{"damage":5,"enemies":"Spheric Guardian","floor":21,"turns":7},{"damage":15,"enemies":"3 Cultists","floor":22,"turns":7},{"damage":48,"enemies":"Cultist and Chosen","floor":27,"turns":9}],"seed_played":"-2256243690706489777","potions_obtained":[{"floor":1,"key":"Weak Potion"},{"floor":12,"key":"EntropicBrew"},{"floor":14,"key":"Poison Potion"},{"floor":16,"key":"Weak Potion"},{"floor":18,"key":"GamblersBrew"}],"is_trial":false,"path_per_floor":["M","M","?","M","?","M","?","R","T","M","R","?","M","E","R","B",null,"M","$","?","M","M","R","R","?","T","M"],"character_chosen":"THE_SILENT","items_purchased":["PrismaticShard"],"campfire_rested":0,"item_purchase_floors":[19],"current_hp_per_floor":[59,59,48,48,48,48,41,41,41,37,37,40,39,30,30,33,58,51,51,51,46,43,43,43,43,43,0],"gold":114,"neow_bonus":"BOSS_RELIC","is_prod":false,"is_daily":false,"chose_seed":false,"campfire_upgraded":4,"win_rate":0,"timestamp":1543002640,"path_taken":["M","M","?","M","?","?","?","R","T","M","R","?","M","E","R","BOSS","M","$","?","M","M","R","R","?","T","M"],"build_version":"2018-11-15","purchased_purges":1,"victory":false,"max_hp_per_floor":[66,66,66,66,66,66,66,66,66,66,66,66,66,66,66,66,66,66,66,66,66,66,66,66,66,66,66],"card_choices":[{"not_picked":["Deflect","Dagger Throw"],"picked":"Noxious Fumes","floor":1},{"not_picked":["Distraction","Reflex","Sucker Punch"],"picked":"SKIP","floor":2},{"not_picked":["Deadly Poison","Setup","Reflex"],"picked":"SKIP","floor":4},{"not_picked":["Bane","Prepared","Underhanded Strike"],"picked":"SKIP","floor":6},{"not_picked":["Prepared","Outmaneuver"],"picked":"After Image","floor":10},{"not_picked":["Cloak And Dagger","Dagger Spray","Dodge and Roll"],"picked":"SKIP","floor":13},{"not_picked":["Slice","Skewer","Accuracy"],"picked":"SKIP","floor":14},{"not_picked":["Malaise","Storm of Steel"],"picked":"Adrenaline","floor":16},{"not_picked":["Concentrate","Cloak And Dagger+1"],"picked":"Escape Plan+1","floor":18},{"not_picked":["Underhanded Strike","Redo"],"picked":"True Grit","floor":21},{"not_picked":["Twin Strike","Thunder Strike","Deadly Poison"],"picked":"SKIP","floor":22}],"player_experience":673410,"relics_obtained":[{"floor":9,"key":"Meat on the Bone"},{"floor":12,"key":"Odd Mushroom"},{"floor":14,"key":"WingedGreaves"},{"floor":26,"key":"War Paint"}],"event_choices":[{"damage_healed":0,"gold_gain":75,"player_choice":"Gather Gold","damage_taken":11,"max_hp_gain":0,"max_hp_loss":0,"event_name":"World of Goop","floor":3,"gold_loss":0},{"cards_removed":["Strike_G"],"damage_healed":0,"gold_gain":0,"player_choice":"Offered Basic","damage_taken":0,"max_hp_gain":0,"max_hp_loss":0,"event_name":"Bonfire Elementals","floor":5,"gold_loss":0},{"cards_removed":["Defend_G"],"damage_healed":0,"gold_gain":0,"player_choice":"Card Removal","damage_taken":7,"max_hp_gain":0,"max_hp_loss":0,"event_name":"Golden Wing","floor":7,"gold_loss":0},{"damage_healed":0,"gold_gain":0,"player_choice":"Fought Mushrooms","damage_taken":0,"max_hp_gain":0,"max_hp_loss":0,"event_name":"Mushrooms","floor":12,"gold_loss":0},{"damage_healed":0,"gold_gain":0,"player_choice":"Ignored","damage_taken":0,"max_hp_gain":0,"max_hp_loss":0,"event_name":"Vampires","floor":20,"gold_loss":0},{"damage_healed":0,"gold_gain":0,"player_choice":"Ignored","damage_taken":0,"max_hp_gain":0,"max_hp_loss":0,"event_name":"Ghosts","floor":25,"gold_loss":0}],"is_beta":false,"boss_relics":[{"not_picked":["Runic Pyramid","Sozu"],"picked":"Cursed Key"}],"items_purged_floors":[19],"is_endless":false,"potions_floor_spawned":[1,12,14,16,18],"killed_by":"Cultist and Chosen","ascension_level":20}