{"gold_per_floor":[113,129,93,93,43,77,77,108,131,141,152,152,170,23,23,127,127,144,144,109,123,123,123,141,175,175,100,100,100],"floor_reached":29,"playtime":1582,"items_purged":["Strike_R"],"score":304,"play_id":"0f9ee72d-b26f-4d52-b706-0403b6135ed0","local_time":"20181108182133","is_ascension_mode":true,"campfire_choices":[{"floor":7,"key":"REST"},{"data":"Limit Break","floor":15,"key":"SMITH"},{"data":"True Grit","floor":23,"key":"SMITH"},{"data":"Iron Wave","floor":28,"key":"SMITH"}],"neow_cost":"NONE","seed_source_timestamp":374400561231359,"circlet_count":0,"master_deck":["Strike_R","Strike_R","Strike_R","Defend_R","Defend_R","Defend_R","Defend_R","Bash","True Grit+1","Anger","Dropkick","Iron Wave+1","Inflame","Feel No Pain","Intimidate","True Grit+1","Limit Break+1","Reaper","Dropkick","Twin Strike+1","Inflame","Shockwave","Exhume"],"relics":["Burning Blood","Art of War","Mango","Lantern","Velvet Choker","Nloth\u0027s Gift","Shuriken","Bird Faced Urn"],"potions_floor_usage":[16,16,25],"damage_taken":[{"damage":1,"enemies":"Jaw Worm","floor":1,"turns":5},{"damage":1,"enemies":"2 Louse","floor":2,"turns":4},{"damage":46,"enemies":"3 Sentries","floor":6,"turns":10},{"damage":43,"enemies":"Gremlin Nob","floor":8,"turns":5},{"damage":10,"enemies":"Small Slimes","floor":10,"turns":3},{"damage":16,"enemies":"Exordium Wildlife","floor":11,"turns":4},{"damage":7,"enemies":"Red Slaver","floor":13,"turns":4},{"damage":20,"enemies":"The Guardian","floor":16,"turns":12},{"damage":32,"enemies":"Spheric Guardian","floor":18,"turns":6},{"damage":25,"enemies":"2 Thieves","floor":20,"turns":5},{"damage":52,"enemies":"Snake Plant","floor":21,"turns":6},{"damage":11,"enemies":"Cultist and Chosen","floor":24,"turns":7},{"damage":53,"enemies":"Slavers","floor":25,"turns":7},{"damage":11,"enemies":"Centurion and Healer","floor":29,"turns":1}],"seed_played":"3666187567316387003","potions_obtained":[{"floor":2,"key":"Regen Potion"},{"floor":8,"key":"EssenceOfSteel"},{"floor":10,"key":"Energy Potion"},{"floor":18,"key":"Dexterity Potion"},{"floor":21,"key":"Poison Potion"}],"is_trial":false,"path_per_floor":["M","M","$","?","?","E","R","E","T","M","M","?","M","$","R","B",null,"M","?","M","M","?","R","M","E","T","$","R","M"],"character_chosen":"IRONCLAD","items_purchased":["Dropkick","Limit Break"],"campfire_rested":1,"item_purchase_floors":[3,14],"current_hp_per_floor":[80,80,80,73,73,33,57,34,34,30,20,20,19,19,19,19,94,76,76,63,21,21,21,28,11,11,11,11,0],"gold":100,"neow_bonus":"THREE_CARDS","is_prod":false,"is_daily":false,"chose_seed":false,"campfire_upgraded":3,"win_rate":0,"timestamp":1541719293,"path_taken":["M","M","$","?","?","E","R","E","T","M","M","?","?","?","R","BOSS","M","?","M","?","?","R","M","E","T","?","R","M"],"build_version":"2018-11-07","purchased_purges":1,"victory":false,"max_hp_per_floor":[80,80,80,80,80,80,80,94,94,94,94,94,94,94,94,94,94,94,94,94,94,94,94,94,94,94,94,94,94],"card_choices":[{"not_picked":["Flex","Cleave"],"picked":"True Grit","floor":0},{"not_picked":["Twin Strike","Heavy Blade","Flex"],"picked":"SKIP","floor":1},{"not_picked":["True Grit","Warcry"],"picked":"Anger","floor":2},{"not_picked":["Twin Strike","Clash"],"picked":"Iron Wave","floor":6},{"not_picked":["Anger","Limit Break"],"picked":"Inflame","floor":8},{"not_picked":["Sword Boomerang","Infernal Blade"],"picked":"Feel No Pain","floor":10},{"not_picked":["Warcry","Wild Strike"],"picked":"Intimidate","floor":11},{"not_picked":["Pommel Strike","Thunderclap"],"picked":"True Grit","floor":13},{"not_picked":["Barricade","Limit Break"],"picked":"Reaper","floor":16},{"not_picked":["Rage","Pummel+1"],"picked":"Dropkick","floor":18},{"not_picked":["Anger+1","Pommel Strike"],"picked":"Twin Strike+1","floor":20},{"not_picked":["Iron Wave","Power Through"],"picked":"Inflame","floor":21},{"not_picked":["Thunderclap","Anger"],"picked":"Shockwave","floor":24},{"not_picked":["Bloodletting","True Grit+1"],"picked":"Exhume","floor":25}],"player_experience":331366,"relics_obtained":[{"floor":6,"key":"Art of War"},{"floor":8,"key":"Mango"},{"floor":9,"key":"Lantern"},{"floor":25,"key":"Shuriken"},{"floor":26,"key":"Bird Faced Urn"}],"event_choices":[{"damage_healed":0,"gold_gain":0,"player_choice":"Success","damage_taken":7,"relics_obtained":["Happy Flower"],"max_hp_gain":0,"max_hp_loss":0,"event_name":"Scrap Ooze","floor":4,"gold_loss":0},{"cards_removed":["Strike_R"],"damage_healed":0,"gold_gain":0,"player_choice":"Card Removal","damage_taken":0,"max_hp_gain":0,"max_hp_loss":0,"event_name":"The Cleric","floor":5,"gold_loss":50},{"damage_healed":0,"gold_gain":0,"player_choice":"Ignored","damage_taken":0,"max_hp_gain":0,"max_hp_loss":0,"event_name":"Shining Light","floor":12,"gold_loss":0},{"damage_healed":0,"gold_gain":0,"player_choice":"Upgraded","damage_taken":0,"max_hp_gain":0,"max_hp_loss":0,"event_name":"Upgrade Shrine","floor":19,"gold_loss":0,"cards_upgraded":["True Grit"]},{"damage_healed":0,"gold_gain":0,"player_choice":"Traded Relic","damage_taken":0,"relics_obtained":["Nloth\u0027s Gift"],"max_hp_gain":0,"max_hp_loss":0,"event_name":"N\u0027loth","floor":22,"relics_lost":["Happy Flower"],"gold_loss":0}],"is_beta":true,"boss_relics":[{"not_picked":["Eternal Feather","Coffee Dripper"],"picked":"Velvet Choker"}],"items_purged_floors":[27],"is_endless":false,"potions_floor_spawned":[2,8,10,11,18,21],"killed_by":"Centurion and Healer","ascension_level":4}