{"gold_per_floor":[114,114,114,16,91,109,141,141,141,141,316,330,363,378,378,475,475,475,475,475,415,92,92,92,92,92,92,92,17,17,17,17,17,17,17,17,0,0,0,0,0],"floor_reached":41,"playtime":3796,"items_purged":["Doubt"],"score":492,"play_id":"8646f06c-6b4c-486f-85a3-44a37b754fb9","local_time":"20190204221626","is_ascension_mode":false,"campfire_choices":[{"data":"Neutralize","floor":8,"key":"SMITH"},{"data":"Skewer","floor":15,"key":"SMITH"},{"data":"Corpse Explosion","floor":23,"key":"SMITH"},{"data":"Prepared","floor":25,"key":"SMITH"},{"data":"Cloak And Dagger","floor":27,"key":"SMITH"},{"floor":32,"key":"REST"},{"floor":40,"key":"REST"}],"neow_cost":"NONE","seed_source_timestamp":364789972724368,"circlet_count":0,"master_deck":["Defend_G","Defend_G","Defend_G","Defend_G","Defend_G","Strike_G","Strike_G","Strike_G","Strike_G","Strike_G","Survivor","Neutralize+1","Cloak And Dagger+1","Dagger Spray","Finisher","Prepared+1","Unload","Skewer+1","Underhanded Strike","Corpse Explosion+1","Cloak And Dagger","Blade Dance","Noxious Fumes","Quick Slash","Eviscerate","A Thousand Cuts","Infinite Blades","Dagger Throw","Parasite","Dagger Throw+1","Writhe"],"relics":["Ring of the Snake","NeowsBlessing","Bottled Lightning","Thread and Needle","Torii","StoneCalendar","Bag of Preparation","Ectoplasm","Blood Vial","PreservedInsect","Girya","Kunai","WristBlade","Red Mask"],"potions_floor_usage":[16,16,16,31,33,41],"damage_taken":[{"damage":0,"enemies":"Small Slimes","floor":1,"turns":1},{"damage":0,"enemies":"Jaw Worm","floor":6,"turns":1},{"damage":0,"enemies":"3 Sentries","floor":7,"turns":1},{"damage":0,"enemies":"2 Louse","floor":12,"turns":3},{"damage":9,"enemies":"Lagavulin","floor":13,"turns":7},{"damage":0,"enemies":"Large Slime","floor":14,"turns":3},{"damage":0,"enemies":"Slime Boss","floor":16,"turns":8},{"damage":0,"enemies":"3 Byrds","floor":18,"turns":2},{"damage":7,"enemies":"2 Thieves","floor":21,"turns":3},{"damage":3,"enemies":"Snake Plant","floor":24,"turns":3},{"damage":19,"enemies":"Gremlin Leader","floor":28,"turns":6},{"damage":9,"enemies":"Centurion and Healer","floor":31,"turns":4},{"damage":41,"enemies":"Automaton","floor":33,"turns":11},{"damage":29,"enemies":"3 Darklings","floor":35,"turns":3},{"damage":9,"enemies":"Orb Walker","floor":36,"turns":4},{"damage":25,"enemies":"Writhing Mass","floor":38,"turns":7},{"damage":60,"enemies":"Reptomancer","floor":41,"turns":5}],"seed_played":"-7894781819333191079","potions_obtained":[{"floor":1,"key":"Block Potion"},{"floor":12,"key":"Ancient Potion"},{"floor":13,"key":"Strength Potion"},{"floor":24,"key":"Ancient Potion"},{"floor":28,"key":"SteroidPotion"},{"floor":38,"key":"SkillPotion"}],"is_trial":false,"path_per_floor":["M","?","T","$","?","M","E","R","T","?","?","M","E","M","R","B",null,"M","?","?","M","$","R","M","R","T","R","E","?","$","M","R","B",null,"M","M","?","M","?","R","E"],"character_chosen":"THE_SILENT","items_purchased":["Dagger Spray","Finisher","Noxious Fumes","PreservedInsect","Quick Slash"],"campfire_rested":2,"item_purchase_floors":[4,4,22,22,22],"current_hp_per_floor":[70,70,70,70,59,59,59,59,59,41,41,41,32,32,32,32,70,70,57,57,52,52,52,51,51,51,51,34,34,34,27,49,10,75,46,39,39,16,35,57,0],"gold":0,"neow_bonus":"THREE_ENEMY_KILL","is_prod":false,"is_daily":false,"chose_seed":false,"campfire_upgraded":5,"win_rate":0.0,"timestamp":1549325786,"path_taken":["M","?","?","?","?","M","E","R","T","?","?","?","E","M","R","BOSS","M","?","?","M","$","R","M","R","T","R","E","?","?","M","R","BOSS","M","M","?","M","?","R","E"],"build_version":"2019-01-23","purchased_purges":1,"victory":false,"max_hp_per_floor":[70,70,70,70,70,70,70,70,70,70,70,70,70,70,70,70,70,70,75,75,75,75,75,75,75,75,75,75,75,75,75,75,75,75,75,75,75,75,75,75,75],"card_choices":[{"not_picked":["Terror","Riddle With Holes"],"picked":"Cloak And Dagger","floor":1},{"not_picked":["Expertise","Deflect"],"picked":"Heel Hook","floor":6},{"not_picked":["Flechettes","Dagger Throw"],"picked":"Prepared","floor":7},{"not_picked":["Deadly Poison","Leg Sweep"],"picked":"Unload","floor":12},{"not_picked":["Burst","Prepared"],"picked":"Skewer","floor":13},{"not_picked":["Dodge and Roll","Endless Agony"],"picked":"Underhanded Strike","floor":14},{"not_picked":["Glass Knife","Bullet Time"],"picked":"Corpse Explosion","floor":16},{"not_picked":["Calculated Gamble","PiercingWail+1"],"picked":"Cloak And Dagger","floor":18},{"not_picked":["Quick Slash","PiercingWail"],"picked":"Blade Dance","floor":21},{"not_picked":["Dodge and Roll","Deflect"],"picked":"Eviscerate","floor":24},{"not_picked":["Dagger Throw","Dodge and Roll","Poisoned Stab"],"picked":"SKIP","floor":28},{"not_picked":["Bane","Cloak And Dagger","Deadly Poison+1"],"picked":"SKIP","floor":31},{"not_picked":["Burst","Unload"],"picked":"A Thousand Cuts","floor":33},{"not_picked":["Deflect+1","Slice"],"picked":"Infinite Blades","floor":35},{"not_picked":["Quick Slash+1","Venomology"],"picked":"Dagger Throw","floor":36},{"not_picked":["Acrobatics+1","Flying Knee+1"],"picked":"Dagger Throw+1","floor":38}],"player_experience":50415,"relics_obtained":[{"floor":3,"key":"Bottled Lightning"},{"floor":7,"key":"Thread and Needle"},{"floor":9,"key":"Torii"},{"floor":13,"key":"Bag of Preparation"},{"floor":26,"key":"Girya"},{"floor":28,"key":"Kunai"}],"event_choices":[{"damage_healed":0,"gold_gain":0,"player_choice":"Ignored","damage_taken":0,"max_hp_gain":0,"max_hp_loss":0,"event_name":"Golden Wing","floor":2,"gold_loss":0},{"damage_healed":0,"gold_gain":75,"player_choice":"Gather Gold","damage_taken":11,"max_hp_gain":0,"max_hp_loss":0,"event_name":"World of Goop","floor":5,"gold_loss":0},{"damage_healed":0,"gold_gain":0,"player_choice":"Success","damage_taken":18,"relics_obtained":["StoneCalendar"],"max_hp_gain":0,"max_hp_loss":0,"event_name":"Scrap Ooze","floor":10,"gold_loss":0},{"damage_healed":0,"gold_gain":175,"player_choice":"AGREE","damage_taken":0,"max_hp_gain":0,"max_hp_loss":0,"event_name":"Liars Game","floor":11,"gold_loss":0,"cards_obtained":["Doubt"]},{"damage_healed":0,"gold_gain":0,"player_choice":"Shed Blood","damage_taken":18,"max_hp_gain":5,"max_hp_loss":0,"event_name":"Forgotten Altar","floor":19,"gold_loss":0},{"damage_healed":0,"gold_gain":0,"player_choice":"Opened","damage_taken":0,"relics_obtained":["Blood Vial"],"max_hp_gain":0,"max_hp_loss":0,"event_name":"The Mausoleum","floor":20,"gold_loss":0},{"cards_removed":["Heel Hook"],"damage_healed":0,"gold_gain":0,"player_choice":"Gave Gold","damage_taken":0,"max_hp_gain":0,"max_hp_loss":0,"event_name":"Beggar","floor":29,"gold_loss":75},{"damage_healed":0,"gold_gain":0,"player_choice":"Paid","damage_taken":0,"relics_obtained":["Red Mask"],"max_hp_gain":0,"max_hp_loss":0,"event_name":"Tomb of Lord Red Mask","floor":37,"gold_loss":17},{"damage_healed":19,"gold_gain":0,"player_choice":"Writhe","damage_taken":0,"max_hp_gain":0,"max_hp_loss":0,"event_name":"Winding Halls","floor":39,"gold_loss":0,"cards_obtained":["Writhe"]}],"is_beta":false,"boss_relics":[{"not_picked":["Busted Crown","Lizard Tail"],"picked":"Ectoplasm"},{"not_picked":["Snecko Eye","Velvet Choker"],"picked":"WristBlade"}],"items_purged_floors":[22],"is_endless":false,"potions_floor_spawned":[1,12,13,24,28,38],"killed_by":"Reptomancer","ascension_level":0}