{"gold_per_floor":[117,117,130,280,3,3,3,3,3,14,14,64,83,109,109,109],"floor_reached":16,"playtime":275,"items_purged":[],"score":196,"play_id":"dde49b8a-3fb5-4989-8f8f-f7d7c4811b12","local_time":"20190122184553","is_ascension_mode":true,"campfire_choices":[{"data":"Zap","floor":6,"key":"SMITH"},{"data":"Go for the Eyes","floor":15,"key":"SMITH"}],"neow_cost":"NONE","seed_source_timestamp":1179078309246329,"circlet_count":0,"master_deck":["AscendersBane","Strike_B","Strike_B","Strike_B","Strike_B","Defend_B","Defend_B","Defend_B","Defend_B","Zap+1","Dualcast","Trip","Cold Snap+1","Go for the Eyes+1","Doubt","Rip and Tear","White Noise","BootSequence"],"relics":["Cracked Core","Matryoshka","Dodecahedron","Potion Belt","Gremlin Horn","Ancient Tea Set","Bottled Lightning","Cables"],"potions_floor_usage":[],"damage_taken":[{"damage":0,"enemies":"2 Louse","floor":1,"turns":3},{"damage":0,"enemies":"Cultist","floor":3,"turns":3},{"damage":5,"enemies":"Small Slimes","floor":10,"turns":3},{"damage":3,"enemies":"Blue Slaver","floor":13,"turns":2},{"damage":31,"enemies":"Gremlin Nob","floor":14,"turns":4},{"damage":20,"enemies":"The Guardian","floor":16,"turns":5}],"seed_played":"-570358177714539895","potions_obtained":[{"floor":13,"key":"SmokeBomb"}],"is_trial":false,"path_per_floor":["?","M","?","?","T","$","?"],"character_chosen":"DEFECT","items_purchased":["Matryoshka"],"campfire_rested":0,"item_purchase_floors":[5],"current_hp_per_floor":[64,64,64,64,64,64,59,59,59,54,54,54,51,20,20,0],"gold":109,"neow_bonus":"RANDOM_COLORLESS","is_prod":false,"is_daily":false,"chose_seed":false,"campfire_upgraded":2,"win_rate":0,"timestamp":1548200753,"path_taken":["M","?","?","?","$","R","?","?","T","M","?","?","M","E","R","BOSS"],"build_version":"2019-01-20","purchased_purges":0,"victory":false,"max_hp_per_floor":[71,71,71,71,71,71,71,71,71,71,71,71,71,71,71,71],"card_choices":[{"not_picked":["Barrage","Hologram"],"picked":"Cold Snap","floor":1},{"not_picked":["Redo","Sweeping Beam"],"picked":"Go for the Eyes","floor":3},{"not_picked":["Streamline","Reprogram"],"picked":"Rip and Tear","floor":10},{"not_picked":["Reinforced Body","Cold Snap"],"picked":"White Noise","floor":13},{"not_picked":["Streamline","Turbo"],"picked":"BootSequence","floor":14}],"player_experience":491357,"relics_obtained":[{"floor":8,"key":"Potion Belt"},{"floor":8,"key":"Gremlin Horn"},{"floor":9,"key":"Ancient Tea Set"},{"floor":9,"key":"Bottled Lightning"},{"floor":14,"key":"Cables"}],"event_choices":[{"damage_healed":0,"gold_gain":0,"player_choice":"Upgraded","damage_taken":0,"max_hp_gain":0,"max_hp_loss":0,"event_name":"Upgrade Shrine","floor":2,"gold_loss":0,"cards_upgraded":["Cold Snap"]},{"damage_healed":0,"gold_gain":150,"player_choice":"AGREE","damage_taken":0,"max_hp_gain":0,"max_hp_loss":0,"event_name":"Liars Game","floor":4,"gold_loss":0,"cards_obtained":["Doubt"]},{"damage_healed":0,"gold_gain":0,"player_choice":"Success","damage_taken":5,"relics_obtained":["Dodecahedron"],"max_hp_gain":0,"max_hp_loss":0,"event_name":"Scrap Ooze","floor":7,"gold_loss":0},{"damage_healed":0,"gold_gain":50,"player_choice":"Pray","damage_taken":0,"max_hp_gain":0,"max_hp_loss":0,"event_name":"Golden Shrine","floor":12,"gold_loss":0}],"is_beta":true,"boss_relics":[],"items_purged_floors":[],"is_endless":false,"potions_floor_spawned":[13],"killed_by":"The Guardian","ascension_level":20}