{"path_per_floor":["M","?","M","?","M","E","$","R","T","?","M","E","R","M","R","B",null,"M","?","?","$","M","$","R","M","T"],"character_chosen":"IRONCLAD","items_purchased":["Armaments","Red Skull","Dexterity Potion","Thinking Ahead","Fire Potion"],"gold_per_floor":[111,111,131,131,156,199,145,145,168,343,367,410,410,424,424,550,550,564,564,564,38,56,5,5,24,24,24],"floor_reached":27,"campfire_rested":4,"playtime":1377,"current_hp_per_floor":[80,74,74,67,73,31,31,53,53,53,52,28,51,47,70,16,78,16,16,7,7,20,20,44,36,36,0],"items_purged":[],"gold":24,"score":243,"play_id":"ff03b2de-095d-4934-9b7f-c4292efb2536","local_time":"20180330034430","is_prod":false,"is_daily":false,"is_ascension_mode":true,"campfire_upgraded":0,"timestamp":1522403070,"path_taken":["M","?","M","?","M","E","$","R","T","?","?","E","R","?","R","BOSS","M","?","?","$","M","$","R","M","T","M"],"build_version":"2018-03-29v2","purchased_purges":1,"victory":false,"master_deck":["Strike_R","Strike_R","Strike_R","Strike_R","Strike_R","Defend_R","Defend_R","Defend_R","Defend_R","Bash","Flame Barrier","Evolve","Entrench","Armaments","Doubt","Ghostly Armor","Battle Trance","Juggernaut+1","Sentinel","Thinking Ahead"],"max_hp_per_floor":[80,74,74,74,76,76,76,76,76,76,78,78,78,78,78,78,78,78,78,78,78,80,80,80,82,82,82],"relics":["Black Blood","NeowsBlessing","Golden Idol","Singing Bowl","Kunai","Blood Vial","Ancient Tea Set","Red Skull","Torii"],"card_choices":[{"not_picked":["Cleave","Shockwave"],"picked":"Flame Barrier","floor":1},{"not_picked":["Wild Strike","Sentinel"],"picked":"Evolve","floor":3},{"not_picked":["Reaper","Iron Wave"],"picked":"Entrench","floor":6},{"not_picked":["Perfected Strike","True Grit"],"picked":"Ghostly Armor","floor":12},{"not_picked":["Warcry","Perfected Strike"],"picked":"Battle Trance","floor":14},{"not_picked":["Bludgeon","Berserk"],"picked":"Juggernaut","floor":16},{"not_picked":["Heavy Blade","Sever Soul"],"picked":"Sentinel","floor":18}],"player_experience":225125,"potions_floor_usage":[11,12,16,22,22,25,25],"damage_taken":[{"damage":0,"enemies":"Jaw Worm","floor":1,"turns":1},{"damage":3,"enemies":"2 Louse","floor":3,"turns":1},{"damage":2,"enemies":"Small Slimes","floor":5,"turns":1},{"damage":48,"enemies":"Gremlin Nob","floor":6,"turns":5},{"damage":11,"enemies":"2 Fungi Beasts","floor":11,"turns":3},{"damage":32,"enemies":"3 Sentries","floor":12,"turns":9},{"damage":12,"enemies":"Exordium Wildlife","floor":14,"turns":11},{"damage":62,"enemies":"The Guardian","floor":16,"turns":26},{"damage":72,"enemies":"Shell Parasite","floor":18,"turns":15},{"damage":1,"enemies":"3 Byrds","floor":22,"turns":4},{"damage":22,"enemies":"Centurion and Healer","floor":25,"turns":7},{"damage":45,"enemies":"Snake Plant","floor":27,"turns":5}],"event_choices":[{"event_name":"Golden Idol","player_choice":"Lose Max HP","floor":2,"damage_taken":0},{"event_name":"Scrap Ooze","player_choice":"success","floor":4,"damage_taken":7},{"event_name":"Liars Game","player_choice":"agreed","floor":10,"damage_taken":0},{"event_name":"Accursed Blacksmith","player_choice":"Forge","floor":19,"damage_taken":0},{"event_name":"Cursed Tome","player_choice":"Stopped","floor":20,"damage_taken":0}],"boss_relics":[{"not_picked":["Runic Dome","Ectoplasm"],"picked":"Black Blood"}],"potions_floor_spawned":[1,6,11,16,18],"seed_played":"-1203394654597879061","killed_by":"Snake Plant","ascension_level":2,"is_trial":false}