{"gold_per_floor":[20,38,38,13,13,13,26,56,101,116,116,191,191,201,201,300,300,312,330,363,363,381,381,381,230,230,240,260,106,106,106,106,208,208,223,241,77,103,203,203,213,243,243,258,278,278],"floor_reached":46,"playtime":2029,"items_purged":["Strike_B","Strike_B","Defend_B"],"score":550,"play_id":"547ae6fe-eeda-4833-92bd-d52295e1a8d9","local_time":"20181029205258","is_ascension_mode":true,"campfire_choices":[{"data":"Hologram","floor":6,"key":"SMITH"},{"data":"Cold Snap","floor":11,"key":"SMITH"},{"floor":15,"key":"REST"},{"data":"Biased Cognition","floor":23,"key":"SMITH"},{"data":"Consume","floor":32,"key":"SMITH"},{"data":"Seek","floor":40,"key":"SMITH"}],"neow_cost":"NO_GOLD","seed_source_timestamp":1677833859789300,"circlet_count":0,"master_deck":["Defend_B+1","Zap","Dualcast","Cold Snap+1","Ball Lightning","Hologram+1","Blizzard","Consume+1","Core Surge","Cold Snap+1","Seek+1","Gash","Biased Cognition+1","Double Energy+1","Hologram+1","Ball Lightning+1","Ghostly","Ghostly","Ghostly","Ghostly","Ghostly","Self Repair","Gash","Thunder Strike","BootSequence","Conserve Battery","Fusion","Gash","Hologram+1","Scrape+1","Defragment"],"relics":["Cracked Core","Dream Catcher","DataDisk","Symbiotic Virus","Runic Pyramid","Red Mask","Bottled Tornado","MutagenicStrength","Black Star","Juzu Bracelet","Ice Cream","Orichalcum","Vajra","Du-Vu Doll"],"potions_floor_usage":[16,42,46],"damage_taken":[{"damage":6,"enemies":"2 Louse","floor":1,"turns":2},{"damage":0,"enemies":"Small Slimes","floor":2,"turns":2},{"damage":0,"enemies":"Cultist","floor":7,"turns":2},{"damage":15,"enemies":"3 Sentries","floor":8,"turns":7},{"damage":3,"enemies":"Large Slime","floor":10,"turns":3},{"damage":7,"enemies":"Exordium Thugs","floor":14,"turns":2},{"damage":29,"enemies":"The Guardian","floor":16,"turns":14},{"damage":7,"enemies":"Chosen","floor":18,"turns":3},{"damage":2,"enemies":"Spheric Guardian","floor":19,"turns":3},{"damage":33,"enemies":"Masked Bandits","floor":20,"turns":4},{"damage":6,"enemies":"Cultist and Chosen","floor":22,"turns":5},{"damage":1,"enemies":"Snecko","floor":27,"turns":4},{"damage":12,"enemies":"Shelled Parasite and Fungi","floor":28,"turns":4},{"damage":0,"enemies":"Champ","floor":33,"turns":9},{"damage":8,"enemies":"Orb Walker","floor":35,"turns":4},{"damage":9,"enemies":"3 Darklings","floor":36,"turns":4},{"damage":3,"enemies":"Mind Bloom Boss Battle","floor":39,"turns":6},{"damage":12,"enemies":"4 Shapes","floor":41,"turns":6},{"damage":1,"enemies":"Nemesis","floor":42,"turns":7},{"damage":0,"enemies":"Transient","floor":44,"turns":5},{"damage":0,"enemies":"Maw","floor":45,"turns":7},{"damage":48,"enemies":"Reptomancer","floor":46,"turns":2}],"seed_played":"2695320450817952744","potions_obtained":[{"floor":2,"key":"SteroidPotion"},{"floor":14,"key":"Fruit Juice"},{"floor":18,"key":"GamblersBrew"},{"floor":19,"key":"Ancient Potion"},{"floor":22,"key":"FocusPotion"},{"floor":42,"key":"Dexterity Potion"}],"is_trial":false,"path_per_floor":["M","M","?","$","?","R","M","E","T","M","R","?","T","M","R","B",null,"M","M","?","?","M","R","?","$","T","M","M","$","?","?","R","B",null,"M","M","$","T","?","R","M","E","T","M","M"],"character_chosen":"DEFECT","items_purchased":["Hologram","Self Repair","Gash","Fusion"],"campfire_rested":1,"item_purchase_floors":[4,25,29,37],"current_hp_per_floor":[69,69,54,54,54,54,54,39,39,36,36,25,25,18,40,16,80,73,71,38,38,32,32,32,32,32,38,26,26,26,21,21,28,45,44,42,42,42,45,45,40,45,45,45,45,0],"gold":278,"neow_bonus":"REMOVE_TWO","is_prod":false,"is_daily":false,"chose_seed":false,"campfire_upgraded":5,"win_rate":0,"timestamp":1540860778,"path_taken":["M","M","?","$","?","R","M","E","T","?","R","?","?","M","R","BOSS","M","M","?","?","M","R","?","$","T","M","?","$","?","?","R","BOSS","M","M","$","?","?","R","M","E","T","M","M","E"],"build_version":"2018-10-29","purchased_purges":3,"victory":false,"max_hp_per_floor":[75,75,75,75,75,75,75,75,75,75,75,75,75,75,75,80,80,80,80,80,80,80,80,40,40,40,40,40,40,40,45,45,45,45,45,45,45,45,45,45,45,45,45,45,45,45],"card_choices":[{"not_picked":["Self Repair","Redo"],"picked":"Cold Snap","floor":1},{"not_picked":["Reinforced Body","Rip and Tear"],"picked":"Ball Lightning","floor":2},{"not_picked":["Hologram","Ball Lightning"],"picked":"Consume","floor":7},{"not_picked":["Rip and Tear","Compile Driver"],"picked":"Core Surge","floor":8},{"not_picked":["Turbo","Beam Cell"],"picked":"Cold Snap","floor":10},{"not_picked":["Stack","Loop"],"picked":"Seek","floor":14},{"not_picked":["Steam","Storm"],"picked":"Gash","floor":15},{"not_picked":["Machine Learning","Reboot"],"picked":"Biased Cognition","floor":16},{"not_picked":["Beam Cell","Rebound","Steam"],"picked":"SKIP","floor":18},{"not_picked":["Leap","Stack"],"picked":"Double Energy+1","floor":19},{"not_picked":["Barrage","Go for the Eyes+1"],"picked":"Hologram+1","floor":20},{"not_picked":["FTL","Double Energy"],"picked":"Ball Lightning+1","floor":22},{"not_picked":["Static Discharge","Doom and Gloom","Ball Lightning"],"picked":"SKIP","floor":27},{"not_picked":["Melter","Blizzard","Steam Power+1"],"picked":"SKIP","floor":28},{"not_picked":["Core Surge","Reboot"],"picked":"Thunder Strike","floor":33},{"not_picked":["Redo","Undo"],"picked":"BootSequence","floor":35},{"not_picked":["Turbo","Steam"],"picked":"Conserve Battery","floor":36},{"not_picked":["Hello World+1","Steam+1"],"picked":"Gash","floor":39},{"not_picked":["Aggregate","Ball Lightning"],"picked":"Hologram+1","floor":41},{"not_picked":["Coolheaded+1","Go for the Eyes+1"],"picked":"Scrape+1","floor":42},{"not_picked":["Hyperbeam","Stack"],"picked":"Defragment","floor":44},{"not_picked":["Stack","Barrage+1","FTL"],"picked":"SKIP","floor":45}],"player_experience":316436,"relics_obtained":[{"floor":8,"key":"Dream Catcher"},{"floor":9,"key":"DataDisk"},{"floor":13,"key":"Symbiotic Virus"},{"floor":20,"key":"Red Mask"},{"floor":26,"key":"Bottled Tornado"},{"floor":38,"key":"Juzu Bracelet"},{"floor":39,"key":"Ice Cream"},{"floor":42,"key":"Orichalcum"},{"floor":42,"key":"Vajra"},{"floor":43,"key":"Du-Vu Doll"}],"event_choices":[{"damage_healed":0,"gold_gain":0,"player_choice":"Entered Light","damage_taken":15,"max_hp_gain":0,"max_hp_loss":0,"event_name":"Shining Light","floor":3,"gold_loss":0,"cards_upgraded":["Defend_B","Cold Snap"]},{"damage_healed":0,"gold_gain":0,"cards_transformed":["Defend_B"],"player_choice":"Transformed","damage_taken":0,"max_hp_gain":0,"max_hp_loss":0,"event_name":"Transmorgrifier","floor":5,"gold_loss":0,"cards_obtained":["Blizzard"]},{"damage_healed":0,"gold_gain":75,"player_choice":"Gather Gold","damage_taken":11,"max_hp_gain":0,"max_hp_loss":0,"event_name":"World of Goop","floor":12,"gold_loss":0},{"damage_healed":0,"gold_gain":0,"player_choice":"Fought Bandits","damage_taken":0,"max_hp_gain":0,"max_hp_loss":0,"event_name":"Masked Bandits","floor":20,"gold_loss":0},{"cards_removed":["Strike_B"],"damage_healed":0,"gold_gain":0,"player_choice":"Purged","damage_taken":0,"max_hp_gain":0,"max_hp_loss":0,"event_name":"Purifier","floor":21,"gold_loss":0},{"damage_healed":0,"gold_gain":0,"player_choice":"Became a Ghost","damage_taken":0,"max_hp_gain":0,"max_hp_loss":40,"event_name":"Ghosts","floor":24,"gold_loss":0,"cards_obtained":["Ghostly","Ghostly","Ghostly","Ghostly","Ghostly"]},{"damage_healed":0,"gold_gain":0,"player_choice":"Inject Mutagens","damage_taken":0,"relics_obtained":["MutagenicStrength"],"max_hp_gain":0,"max_hp_loss":0,"event_name":"Drug Dealer","floor":30,"gold_loss":0},{"damage_healed":0,"gold_gain":0,"player_choice":"Shed Blood","damage_taken":10,"max_hp_gain":5,"max_hp_loss":0,"event_name":"Forgotten Altar","floor":31,"gold_loss":0},{"damage_healed":0,"gold_gain":0,"player_choice":"Fight","damage_taken":0,"max_hp_gain":0,"max_hp_loss":0,"event_name":"MindBloom","floor":39,"gold_loss":0}],"is_beta":true,"boss_relics":[{"not_picked":["White Beast Statue","Cursed Key"],"picked":"Runic Pyramid"},{"not_picked":["Calling Bell","FrozenCore"],"picked":"Black Star"}],"items_purged_floors":[25,29,37],"is_endless":false,"potions_floor_spawned":[2,14,18,19,22,36,42,44],"killed_by":"Reptomancer","ascension_level":1}