{"gold_per_floor":[116,116,130,141,154,179,179,194,194,204,219,237,247,257,257,329,329,343,343,393,48,64,64,97,112,136,62,85,85,104,116,116,192,192,206,206,221,221],"floor_reached":38,"playtime":1852,"items_purged":["Strike_B"],"score":768,"play_id":"e575f405-f853-4223-bf79-4b8e105375e0","local_time":"20190119223808","is_ascension_mode":true,"campfire_choices":[{"data":"Biased Cognition","floor":7,"key":"SMITH"},{"data":"Seek","floor":15,"key":"SMITH"},{"data":"Glacier","floor":23,"key":"SMITH"},{"data":"Fission","floor":32,"key":"SMITH"}],"neow_cost":"NONE","seed_source_timestamp":798961189449000,"circlet_count":0,"master_deck":["AscendersBane","Strike_B","Strike_B","Defend_B","Defend_B","Defend_B","Defend_B","Zap","Dualcast","Leap","Electrodynamics","Static Discharge","Go for the Eyes","Biased Cognition+1","FTL","Rebound","Core Surge","Cold Snap","Reprogram","Seek+1","Echo Form","Glacier+1","Necronomicurse","Static Discharge","Glacier+1","Fission+1","Self Repair","Gash","Leap","Biased Cognition","Capacitor+1","Parasite"],"relics":["Cracked Core","DataDisk","Blue Candle","Runic Pyramid","Necronomicon","Lee\u0027s Waffle","Pantograph","Oddly Smooth Stone","Smiling Mask","Snecko Eye","GremlinMask"],"potions_floor_usage":[5,6,8,16,31,35,37,38],"damage_taken":[{"damage":5,"enemies":"Small Slimes","floor":1,"turns":4},{"damage":6,"enemies":"Cultist","floor":3,"turns":4},{"damage":7,"enemies":"Jaw Worm","floor":4,"turns":3},{"damage":0,"enemies":"2 Fungi Beasts","floor":5,"turns":2},{"damage":25,"enemies":"3 Sentries","floor":6,"turns":4},{"damage":0,"enemies":"Exordium Wildlife","floor":8,"turns":1},{"damage":0,"enemies":"Large Slime","floor":10,"turns":4},{"damage":0,"enemies":"Exordium Thugs","floor":11,"turns":3},{"damage":8,"enemies":"3 Louse","floor":12,"turns":3},{"damage":6,"enemies":"Red Slaver","floor":13,"turns":2},{"damage":0,"enemies":"Large Slime","floor":14,"turns":3},{"damage":11,"enemies":"Hexaghost","floor":16,"turns":8},{"damage":24,"enemies":"2 Thieves","floor":18,"turns":3},{"damage":6,"enemies":"Spheric Guardian","floor":22,"turns":4},{"damage":22,"enemies":"Book of Stabbing","floor":24,"turns":7},{"damage":0,"enemies":"Chosen and Byrds","floor":25,"turns":4},{"damage":9,"enemies":"Snake Plant","floor":30,"turns":4},{"damage":0,"enemies":"Shelled Parasite and Fungi","floor":31,"turns":11},{"damage":45,"enemies":"Collector","floor":33,"turns":9},{"damage":8,"enemies":"Orb Walker","floor":35,"turns":3},{"damage":54,"enemies":"3 Darklings","floor":37,"turns":3},{"damage":31,"enemies":"Writhing Mass","floor":38,"turns":6}],"seed_played":"5818454903653761254","potions_obtained":[{"floor":2,"key":"FocusPotion"},{"floor":2,"key":"EntropicBrew"},{"floor":6,"key":"Explosive Potion"},{"floor":8,"key":"SteroidPotion"},{"floor":16,"key":"Swift Potion"},{"floor":25,"key":"Block Potion"},{"floor":30,"key":"PowerPotion"},{"floor":33,"key":"Energy Potion"},{"floor":37,"key":"Block Potion"}],"is_trial":false,"path_per_floor":["M","?","M","M","M","E","R","M","T","M","M","M","M","M","R","B",null,"M","?","?","$","M","R","E","M","T","$","T","?","M","M","R","B",null,"M","?","M","M"],"character_chosen":"DEFECT","items_purchased":["Lee\u0027s Waffle","Static Discharge","Self Repair"],"campfire_rested":0,"item_purchase_floors":[21,21,27],"current_hp_per_floor":[66,66,60,53,53,28,28,28,28,28,28,20,14,14,14,3,59,35,14,14,85,79,79,57,57,57,57,57,57,55,62,62,47,76,82,82,28,0],"gold":221,"neow_bonus":"TEN_PERCENT_HP_BONUS","is_prod":false,"is_daily":false,"chose_seed":false,"campfire_upgraded":4,"win_rate":0,"timestamp":1547966288,"path_taken":["M","?","M","M","M","E","R","M","T","M","M","M","?","M","R","BOSS","M","?","?","$","M","R","E","M","T","$","?","?","?","M","R","BOSS","M","?","M","?"],"build_version":"2019-01-17v2","purchased_purges":1,"victory":false,"max_hp_per_floor":[78,78,78,78,78,78,78,78,78,78,78,78,78,78,78,78,78,78,78,78,85,85,85,85,85,85,85,85,85,85,85,85,85,85,85,85,85,85],"card_choices":[{"not_picked":["Go for the Eyes","Aggregate"],"picked":"Leap","floor":1},{"not_picked":["Coolheaded","Barrage"],"picked":"Electrodynamics","floor":3},{"not_picked":["Reinforced Body","Force Field"],"picked":"Static Discharge","floor":4},{"not_picked":["Force Field","Redo"],"picked":"Go for the Eyes","floor":5},{"not_picked":["Coolheaded","Ball Lightning"],"picked":"Biased Cognition","floor":6},{"not_picked":["Stack","Barrage"],"picked":"FTL","floor":8},{"not_picked":["Steam","Go for the Eyes"],"picked":"Rebound","floor":10},{"not_picked":["Beam Cell","Conserve Battery"],"picked":"Core Surge","floor":11},{"not_picked":["Barrage","Blizzard"],"picked":"Cold Snap","floor":12},{"not_picked":["Force Field","Redo"],"picked":"Reprogram","floor":13},{"not_picked":["Steam","Gash"],"picked":"Seek","floor":14},{"not_picked":["Core Surge","Meteor Strike"],"picked":"Echo Form","floor":16},{"not_picked":["Streamline","Coolheaded"],"picked":"Glacier","floor":18},{"not_picked":["Doom and Gloom","Blizzard"],"picked":"Glacier+1","floor":22},{"not_picked":["Stack","Redo"],"picked":"Fission","floor":24},{"not_picked":["Steam","Hello World","Redo"],"picked":"SKIP","floor":25},{"not_picked":["Consume","Go for the Eyes"],"picked":"Gash","floor":30},{"not_picked":["Stack","Barrage"],"picked":"Leap","floor":31},{"not_picked":["Machine Learning","Core Surge"],"picked":"Biased Cognition","floor":33},{"not_picked":["Defragment+1","Barrage"],"picked":"Capacitor+1","floor":35},{"not_picked":["Turbo","Conserve Battery+1","Redo"],"picked":"SKIP","floor":37}],"player_experience":557871,"relics_obtained":[{"floor":6,"key":"DataDisk"},{"floor":9,"key":"Blue Candle"},{"floor":19,"key":"Necronomicon"},{"floor":24,"key":"Pantograph"},{"floor":26,"key":"Oddly Smooth Stone"},{"floor":28,"key":"Smiling Mask"}],"event_choices":[{"damage_healed":0,"gold_gain":0,"player_choice":"Got Potions","damage_taken":0,"max_hp_gain":0,"max_hp_loss":0,"event_name":"Lab","floor":2,"gold_loss":0},{"damage_healed":0,"gold_gain":0,"player_choice":"Obtained Book","damage_taken":21,"max_hp_gain":0,"max_hp_loss":0,"event_name":"Cursed Tome","floor":19,"gold_loss":0},{"damage_healed":0,"gold_gain":50,"player_choice":"Stole From Cult","damage_taken":0,"max_hp_gain":0,"max_hp_loss":0,"event_name":"Nest","floor":20,"gold_loss":0},{"cards_removed":["Strike_B"],"damage_healed":0,"gold_gain":0,"player_choice":"Offered Basic","damage_taken":0,"max_hp_gain":0,"max_hp_loss":0,"event_name":"Bonfire Elementals","floor":29,"gold_loss":0},{"damage_healed":0,"gold_gain":0,"player_choice":"Trade","damage_taken":0,"relics_obtained":["GremlinMask"],"max_hp_gain":0,"max_hp_loss":0,"event_name":"FaceTrader","floor":36,"gold_loss":0}],"is_beta":false,"boss_relics":[{"not_picked":["Cursed Key","Philosopher\u0027s Stone"],"picked":"Runic Pyramid"},{"not_picked":["Lizard Tail","Tiny House"],"picked":"Snecko Eye"}],"items_purged_floors":[21],"is_endless":false,"potions_floor_spawned":[3,6,8,10,16,25,30,33,37],"killed_by":"Writhing Mass","ascension_level":18}