{"gold_per_floor":[113,113,16,16,28,56,56,89,89,105,116,41,54,70,70,175,175,195,209,209,209],"floor_reached":21,"playtime":1611,"items_purged":["Strike_B"],"score":235,"play_id":"ba582c45-5f9d-428e-a3cf-795a5a0fc424","local_time":"20180925014803","is_ascension_mode":true,"campfire_choices":[{"data":"Zap","floor":7,"key":"SMITH"},{"data":"Streamline","floor":15,"key":"SMITH"}],"neow_cost":"NONE","seed_source_timestamp":121347847503057,"circlet_count":0,"master_deck":["Defend_B","Defend_B","Defend_B","Zap+1","Dualcast","Loop","Go for the Eyes","Capacitor","Beam Cell","Streamline+1","Chill","Force Field","Buffer","Aggregate+1","Blizzard+1","Core Surge+1","Gash","Gash","Writhe"],"relics":["Cracked Core","Art of War","Unceasing Top","Torii","Bird Faced Urn","Mango","Astrolabe","Pantograph"],"potions_floor_usage":[6,16,16,21],"damage_taken":[{"damage":5,"enemies":"2 Louse","floor":1,"turns":3},{"damage":6,"enemies":"Cultist","floor":5,"turns":3},{"damage":44,"enemies":"3 Sentries","floor":6,"turns":9},{"damage":13,"enemies":"Lagavulin","floor":8,"turns":7},{"damage":1,"enemies":"Small Slimes","floor":10,"turns":3},{"damage":10,"enemies":"Exordium Thugs","floor":11,"turns":4},{"damage":1,"enemies":"Exordium Wildlife","floor":13,"turns":3},{"damage":2,"enemies":"Blue Slaver","floor":14,"turns":3},{"damage":9,"enemies":"The Guardian","floor":16,"turns":9},{"damage":29,"enemies":"Spheric Guardian","floor":18,"turns":5},{"damage":2,"enemies":"Chosen","floor":19,"turns":4},{"damage":49,"enemies":"Colosseum Slavers","floor":21,"turns":6},{"damage":35,"enemies":"Colosseum Nobs","floor":21,"turns":3}],"seed_played":"8069790411171314923","potions_obtained":[{"floor":5,"key":"Fruit Juice"},{"floor":6,"key":"Ancient Potion"},{"floor":11,"key":"Explosive Potion"},{"floor":14,"key":"Block Potion"}],"is_trial":false,"path_per_floor":["M","?","$","T","M","E","R","E","T","M","M","$","M","M","R","B",null,"M","M","?"],"character_chosen":"DEFECT","items_purchased":["Loop","Go for the Eyes"],"campfire_rested":0,"item_purchase_floors":[3,3],"current_hp_per_floor":[70,70,70,70,64,25,25,12,26,27,21,21,22,24,24,19,94,71,73,73,0],"gold":209,"neow_bonus":"REMOVE_CARD","is_prod":false,"is_daily":false,"chose_seed":false,"campfire_upgraded":2,"win_rate":0,"timestamp":1537865283,"path_taken":["M","?","$","?","M","E","R","E","T","M","?","$","M","M","R","BOSS","M","M","?","?"],"build_version":"2018-09-20","purchased_purges":1,"victory":false,"max_hp_per_floor":[75,75,75,75,75,80,80,80,94,94,94,94,94,94,94,94,94,94,94,94,94],"card_choices":[{"not_picked":["Ball Lightning","Hologram"],"picked":"Go for the Eyes","floor":1},{"not_picked":["Coolheaded","Compile Driver"],"picked":"Capacitor","floor":5},{"not_picked":["Glacier","Consume"],"picked":"Beam Cell","floor":6},{"not_picked":["White Noise","Undo"],"picked":"Streamline","floor":8},{"not_picked":["Leap","Reinforced Body","Steam Power"],"picked":"SKIP","floor":10},{"not_picked":["Tempest","Double Energy"],"picked":"Chill","floor":11},{"not_picked":["Steam Power","Blizzard"],"picked":"Force Field","floor":13},{"not_picked":["Stack","Leap","Aggregate"],"picked":"SKIP","floor":14},{"not_picked":["Machine Learning","Biased Cognition"],"picked":"Buffer","floor":16},{"not_picked":["Rebound+1","Conserve Battery"],"picked":"Gash","floor":18},{"not_picked":["Beam Cell+1","Coolheaded"],"picked":"Gash","floor":19}],"player_experience":160223,"relics_obtained":[{"floor":4,"key":"Unceasing Top"},{"floor":6,"key":"Torii"},{"floor":8,"key":"Bird Faced Urn"},{"floor":9,"key":"Mango"}],"event_choices":[{"event_name":"WeMeetAgain","player_choice":"Card","floor":2,"damage_taken":0},{"event_name":"The Mausoleum","player_choice":"Yes","floor":20,"damage_taken":0},{"event_name":"Colosseum","player_choice":"Fight","floor":21,"damage_taken":0},{"event_name":"Colosseum","player_choice":"Fought Nobs","floor":21,"damage_taken":0}],"is_beta":false,"boss_relics":[{"not_picked":["Lizard Tail","Philosopher\u0027s Stone"],"picked":"Astrolabe"}],"items_purged_floors":[12],"is_endless":false,"potions_floor_spawned":[5,6,11,14,21],"killed_by":"Colosseum Nobs","ascension_level":2}