{"gold_per_floor":[113,113,138,188,67,67,87,87,110,110,71,10,29,29,29,128,128,149,149,164,64,79,79,79,79,102,102,102,102,136,136,136,226,289,309,327,327,327],"floor_reached":38,"playtime":1493,"items_purged":["Injury","Defend_B"],"score":718,"play_id":"c3f09e86-1bc5-4e3d-9ad6-3299c49d1845","local_time":"20180928113446","is_ascension_mode":true,"campfire_choices":[{"data":"Zap","floor":6,"key":"SMITH"},{"data":"Cold Snap","floor":8,"key":"SMITH"},{"data":"Defragment","floor":15,"key":"SMITH"},{"data":"Hologram","floor":23,"key":"SMITH"},{"data":"Coolheaded","floor":25,"key":"SMITH"},{"data":"Creative AI","floor":27,"key":"SMITH"},{"data":"Defragment","floor":29,"key":"SMITH"},{"floor":32,"key":"REST"}],"neow_cost":"NONE","seed_source_timestamp":1184867808605538,"circlet_count":0,"master_deck":["Defend_B","Defend_B","Zap+1","Dualcast","AscendersBane","Coolheaded+1","Rebound","Cold Snap+1","Static Discharge","Ball Lightning+1","Defragment+1","Creative AI+1","FTL+1","Conserve Battery+1","Self Repair+1","White Noise","Hologram+1","Go for the Eyes+1","Defragment+1","Glacier","Fission","Fusion+1","Coolheaded"],"relics":["Cracked Core","Golden Idol","Juzu Bracelet","Ancient Tea Set","Astrolabe","DataDisk","Lantern","Tiny House"],"potions_floor_usage":[13,22,35,36,38],"damage_taken":[{"damage":8,"enemies":"2 Louse","floor":1,"turns":3},{"damage":0,"enemies":"Small Slimes","floor":3,"turns":2},{"damage":0,"enemies":"Cultist","floor":7,"turns":3},{"damage":12,"enemies":"Gremlin Gang","floor":13,"turns":3},{"damage":10,"enemies":"Hexaghost","floor":16,"turns":9},{"damage":12,"enemies":"3 Byrds","floor":18,"turns":2},{"damage":11,"enemies":"Spheric Guardian","floor":20,"turns":3},{"damage":4,"enemies":"Chosen and Byrds","floor":22,"turns":6},{"damage":19,"enemies":"Colosseum Slavers","floor":24,"turns":6},{"damage":27,"enemies":"Slavers","floor":30,"turns":8},{"damage":53,"enemies":"Collector","floor":33,"turns":8},{"damage":34,"enemies":"3 Shapes","floor":35,"turns":5},{"damage":48,"enemies":"3 Darklings","floor":36,"turns":6},{"damage":20,"enemies":"Reptomancer","floor":38,"turns":3}],"seed_played":"-652968212032833647","potions_obtained":[{"floor":7,"key":"AttackPotion"},{"floor":13,"key":"GamblersBrew"},{"floor":20,"key":"GamblersBrew"},{"floor":22,"key":"FearPotion"},{"floor":33,"key":"Regen Potion"},{"floor":34,"key":"Fruit Juice"},{"floor":35,"key":"Poison Potion"},{"floor":36,"key":"SteroidPotion"}],"is_trial":false,"path_per_floor":["M","?","M","?","$","R","M","R","T","?","$","?","M","$","R","B",null,"M","?","M","$","M","R","?","R","T","R","?","R","E","?","R","B",null,"M","M","?"],"character_chosen":"DEFECT","items_purchased":["Static Discharge","Defragment"],"campfire_rested":1,"item_purchase_floors":[5,11],"current_hp_per_floor":[56,56,56,56,56,56,56,56,56,56,56,56,44,44,44,34,62,60,60,59,59,65,65,56,56,56,56,56,56,39,39,60,17,63,44,20,20,0],"gold":327,"neow_bonus":"THREE_CARDS","is_prod":false,"is_daily":false,"chose_seed":false,"campfire_upgraded":7,"win_rate":0,"timestamp":1538148886,"path_taken":["M","?","?","?","$","R","M","R","T","?","$","?","M","?","R","BOSS","M","?","M","$","M","R","?","R","T","R","?","R","E","?","R","BOSS","M","M","?","M"],"build_version":"2018-09-27","purchased_purges":2,"victory":false,"max_hp_per_floor":[71,71,71,71,71,71,71,71,71,71,71,71,71,71,71,71,71,71,71,71,71,71,71,71,71,71,71,71,71,71,71,71,71,76,81,81,81,81],"card_choices":[{"not_picked":["Consume","Conserve Battery"],"picked":"Coolheaded","floor":0},{"not_picked":["Stack","Blizzard"],"picked":"Rebound","floor":1},{"not_picked":["Blizzard","Sunder"],"picked":"Cold Snap","floor":3},{"not_picked":["Sunder","Leap"],"picked":"Ball Lightning","floor":7},{"not_picked":["Stack","Rebound","Lockon"],"picked":"SKIP","floor":13},{"not_picked":["Electrodynamics","Biased Cognition"],"picked":"Creative AI","floor":16},{"not_picked":["Sunder","Turbo"],"picked":"White Noise","floor":18},{"not_picked":["Barrage","Coolheaded"],"picked":"Hologram","floor":20},{"not_picked":["Compile Driver","Stack"],"picked":"Go for the Eyes+1","floor":22},{"not_picked":["FTL","Sweeping Beam"],"picked":"Glacier","floor":30},{"not_picked":["All For One","Meteor Strike"],"picked":"Fission","floor":33},{"not_picked":["Steam","Go for the Eyes"],"picked":"Fusion+1","floor":34},{"not_picked":["Glacier","Turbo","Leap+1"],"picked":"SKIP","floor":35},{"not_picked":["Compile Driver","Undo"],"picked":"Coolheaded","floor":36}],"player_experience":274534,"relics_obtained":[{"floor":9,"key":"Juzu Bracelet"},{"floor":26,"key":"DataDisk"},{"floor":30,"key":"Lantern"}],"event_choices":[{"event_name":"Golden Idol","player_choice":"Take Wound","floor":2,"damage_taken":0},{"event_name":"Golden Shrine","player_choice":"Pray","floor":4,"damage_taken":0},{"event_name":"Purifier","player_choice":"One Purge","floor":10,"damage_taken":0},{"event_name":"WeMeetAgain","player_choice":"Gold","floor":12,"damage_taken":0},{"event_name":"Back to Basics","player_choice":"Elegance","floor":19,"damage_taken":0},{"event_name":"Colosseum","player_choice":"Fight","floor":24,"damage_taken":0},{"event_name":"Colosseum","player_choice":"Fled From Nobs","floor":24,"damage_taken":0},{"event_name":"The Library","player_choice":"Read","floor":28,"damage_taken":0},{"event_name":"The Mausoleum","player_choice":"No","floor":31,"damage_taken":0},{"event_name":"Tomb of Lord Red Mask","player_choice":"Ignored","floor":37,"damage_taken":0}],"is_beta":false,"boss_relics":[{"not_picked":["Black Star","FrozenCore"],"picked":"Astrolabe"},{"not_picked":["Fusion Hammer","Pandora\u0027s Box"],"picked":"Tiny House"}],"items_purged_floors":[5,21],"is_endless":false,"potions_floor_spawned":[7,13,20,22,33,35,36],"killed_by":"Reptomancer","ascension_level":18}