{"gold_per_floor":[118,132,193,144,161,161,190,190,271,271,299,6,6,6,6,110,110,110,0,0,0,0,0,0,0,0,0,0,0,0,0,0,0,0,0,0,0,0,0,0,0,0,0,0,0,0,0,0,0,0],"floor_reached":50,"playtime":5493,"items_purged":[],"score":603,"play_id":"0137338e-b836-40d8-a893-f122762098d9","local_time":"20180909024827","is_ascension_mode":false,"campfire_choices":[{"data":"Die Die Die","floor":6,"key":"SMITH"},{"data":"Survivor","floor":8,"key":"SMITH"},{"data":"Sucker Punch","floor":10,"key":"SMITH"},{"data":"Glass Knife","floor":15,"key":"SMITH"},{"data":"Unload","floor":23,"key":"SMITH"},{"data":"Flying Knee","floor":27,"key":"SMITH"},{"data":"Terror","floor":30,"key":"SMITH"},{"data":"PiercingWail","floor":32,"key":"SMITH"},{"floor":41,"key":"REST"},{"data":"Bandage Up","floor":44,"key":"SMITH"},{"data":"Dagger Throw","floor":49,"key":"SMITH"}],"neow_cost":"","seed_source_timestamp":186889773753953,"circlet_count":0,"master_deck":["Defend_G","Defend_G","Defend_G","Defend_G","Strike_G","Strike_G","Strike_G","Survivor+1","Neutralize","Die Die Die+1","PiercingWail+1","Sucker Punch+1","Predator+1","Glass Knife+1","Unload+1","Flying Knee+1","RitualDagger","Terror+1","Sucker Punch+1","Prepared","Sucker Punch+1","Terror+1","Night Terror","Dagger Spray+1","Prepared+1","Sucker Punch+1","Prepared","Quick Slash+1","Bandage Up+1","Madness","Madness","Noxious Fumes+1","Flying Knee+1","Dagger Throw+1","Caltrops+1"],"relics":["Ring of the Snake","Strawberry","Mercury Hourglass","Bag of Preparation","Ectoplasm","Gremlin Horn","Astrolabe","Bird Faced Urn","Regal Pillow","Centennial Puzzle","Red Mask"],"potions_floor_usage":[2,7,7,11,12,16,31,33,33,40],"damage_taken":[{"damage":0,"enemies":"2 Louse","floor":1,"turns":4},{"damage":0,"enemies":"Small Slimes","floor":2,"turns":3},{"damage":0,"enemies":"Jaw Worm","floor":5,"turns":3},{"damage":0,"enemies":"3 Sentries","floor":7,"turns":3},{"damage":8,"enemies":"Lagavulin","floor":11,"turns":7},{"damage":42,"enemies":"Slime Boss","floor":16,"turns":12},{"damage":0,"enemies":"Spheric Guardian","floor":18,"turns":2},{"damage":0,"enemies":"Shell Parasite","floor":22,"turns":3},{"damage":0,"enemies":"3 Cultists","floor":24,"turns":3},{"damage":10,"enemies":"Snake Plant","floor":25,"turns":3},{"damage":0,"enemies":"Centurion and Healer","floor":28,"turns":3},{"damage":0,"enemies":"Chosen and Byrds","floor":29,"turns":3},{"damage":0,"enemies":"3 Cultists","floor":31,"turns":3},{"damage":47,"enemies":"Champ","floor":33,"turns":14},{"damage":14,"enemies":"3 Darklings","floor":35,"turns":2},{"damage":0,"enemies":"Mind Bloom Boss Battle","floor":36,"turns":4},{"damage":0,"enemies":"3 Shapes","floor":39,"turns":1},{"damage":43,"enemies":"2 Orb Walkers","floor":40,"turns":3},{"damage":13,"enemies":"Maw","floor":46,"turns":5},{"damage":0,"enemies":"Reptomancer","floor":48,"turns":2},{"damage":98,"enemies":"Awakened One","floor":50,"turns":8}],"seed_played":"8705405449424729160","potions_obtained":[{"floor":2,"key":"Fruit Juice"},{"floor":5,"key":"Fire Potion"},{"floor":7,"key":"PowerPotion"},{"floor":24,"key":"Weak Potion"},{"floor":28,"key":"Fire Potion"},{"floor":29,"key":"Weak Potion"},{"floor":36,"key":"Poison Potion"}],"is_trial":false,"path_per_floor":["M","M","?","$","M","R","E","R","T","R","E","$","?","?","R","B",null,"M","?","?","?","M","R","M","M","T","R","M","M","R","M","R","B",null,"M","?","?","?","M","E","R","?","T","R","$","M","?","M","R"],"character_chosen":"THE_SILENT","items_purchased":["AttackPotion","Glass Knife","Fruit Juice","Energy Potion"],"campfire_rested":1,"item_purchase_floors":[4,12,12,12],"current_hp_per_floor":[70,75,75,75,75,75,82,82,82,82,74,79,79,79,79,37,87,87,87,87,81,81,81,81,71,71,71,71,71,71,71,71,24,87,73,73,73,62,66,29,70,70,70,70,70,63,63,69,69,0],"gold":0,"neow_bonus":"","is_prod":false,"is_daily":false,"chose_seed":false,"campfire_upgraded":10,"win_rate":0.0,"timestamp":1536475707,"path_taken":["M","M","?","?","M","R","E","R","T","R","E","$","?","?","R","BOSS","M","?","?","?","?","R","M","M","T","R","M","M","R","M","R","BOSS","M","?","?","?","?","E","R","?","T","R","?","M","?","M","R","BOSS"],"build_version":"2018-09-06","purchased_purges":0,"victory":false,"max_hp_per_floor":[70,75,75,75,75,75,82,82,82,82,82,87,87,87,87,87,87,87,87,87,87,87,87,87,87,87,87,87,87,87,87,87,87,87,87,87,87,87,87,87,87,87,87,87,87,87,87,87,87,87],"card_choices":[{"not_picked":["Underhanded Strike","PiercingWail"],"picked":"Prepared","floor":1},{"not_picked":["Acrobatics","Deflect"],"picked":"Die Die Die","floor":2},{"not_picked":["Acrobatics","Dodge and Roll"],"picked":"PiercingWail","floor":5},{"not_picked":["Bouncing Flask","Choke"],"picked":"Sucker Punch","floor":7},{"not_picked":["Dagger Spray","Sucker Punch"],"picked":"Predator","floor":11},{"not_picked":["Wraith Form v2","Bullet Time"],"picked":"Unload","floor":16},{"not_picked":["Dash","Quick Slash"],"picked":"Flying Knee","floor":18},{"not_picked":["Blade Dance","Dodge and Roll"],"picked":"Terror+1","floor":22},{"not_picked":["Eviscerate+1","Poisoned Stab"],"picked":"Sucker Punch+1","floor":24},{"not_picked":["Poisoned Stab","Dagger Throw"],"picked":"Prepared","floor":25},{"not_picked":["Expertise","Dagger Throw"],"picked":"Sucker Punch+1","floor":28},{"not_picked":["Dagger Spray","Poisoned Stab"],"picked":"Terror","floor":29},{"not_picked":["Backflip","Deadly Poison+1","Malaise"],"picked":"SKIP","floor":31},{"not_picked":["Burst","Glass Knife"],"picked":"Night Terror","floor":33},{"not_picked":["Dagger Spray","Backflip"],"picked":"Prepared","floor":35},{"not_picked":["Sucker Punch+1","Underhanded Strike+1"],"picked":"Quick Slash+1","floor":36},{"not_picked":["Violence","Discovery"],"picked":"Bandage Up","floor":37},{"not_picked":["Heel Hook","Deadly Poison"],"picked":"Noxious Fumes+1","floor":39},{"not_picked":["Poisoned Stab","Expertise"],"picked":"Flying Knee+1","floor":40},{"not_picked":["Masterful Stab","Blade Dance+1"],"picked":"Dagger Throw","floor":46},{"not_picked":["Outmaneuver+1","Sucker Punch+1"],"picked":"Caltrops+1","floor":48}],"player_experience":6644,"relics_obtained":[{"floor":7,"key":"Strawberry"},{"floor":9,"key":"Mercury Hourglass"},{"floor":11,"key":"Bag of Preparation"},{"floor":26,"key":"Gremlin Horn"},{"floor":36,"key":"Bird Faced Urn"},{"floor":40,"key":"Regal Pillow"},{"floor":43,"key":"Centennial Puzzle"}],"event_choices":[{"event_name":"Golden Wing","player_choice":"Gained Gold","floor":3,"damage_taken":0},{"event_name":"The Cleric","player_choice":"Leave","floor":13,"damage_taken":0},{"event_name":"Liars Game","player_choice":"disagreed","floor":14,"damage_taken":0},{"event_name":"Masked Bandits","player_choice":"Paid Fearfully","floor":19,"damage_taken":0},{"event_name":"Accursed Blacksmith","player_choice":"Forge","floor":20,"damage_taken":0},{"event_name":"Nest","player_choice":"Joined the Cult","floor":21,"damage_taken":0},{"event_name":"MindBloom","player_choice":"Fight","floor":36,"damage_taken":0},{"event_name":"SensoryStone","player_choice":"Memory 1","floor":37,"damage_taken":0},{"event_name":"Winding Halls","player_choice":"Embrace Madness","floor":38,"damage_taken":0},{"event_name":"Falling","player_choice":"Removed Attack","floor":42,"damage_taken":0},{"event_name":"Tomb of Lord Red Mask","player_choice":"Paid","floor":47,"damage_taken":0}],"is_beta":false,"boss_relics":[{"not_picked":["Runic Pyramid","Eternal Feather"],"picked":"Ectoplasm"},{"not_picked":["Fusion Hammer","Calling Bell"],"picked":"Astrolabe"}],"items_purged_floors":[],"is_endless":false,"potions_floor_spawned":[2,5,7,24,28,29,36],"killed_by":"Awakened One","ascension_level":0}