{"gold_per_floor":[115,115,135,151,20,20,34,34,34,65,82,117,117,136,136,212,212,226,11,28,38,38,38,63,76,102,102,2,2,14,14,14,93,93,109,121,121,133,151,185,60,60,60,92,52,62,62,73,73,73,73,73,73,17,44,44],"floor_reached":56,"playtime":4434,"items_purged":["Strike_B","Shame","Strike_B"],"score":1828,"play_id":"dc53955a-5964-4d8f-8f25-e83d6fd0e2bc","local_time":"20190305234852","is_ascension_mode":true,"campfire_choices":[{"data":"Go for the Eyes","floor":6.0,"key":"SMITH"},{"data":"Genetic Algorithm","floor":8.0,"key":"SMITH"},{"data":"Dualcast","floor":13.0,"key":"SMITH"},{"data":"Biased Cognition","floor":15.0,"key":"SMITH"},{"data":"The Bomb","floor":23.0,"key":"SMITH"},{"data":"Seek","floor":32.0,"key":"SMITH"},{"data":"Chill","floor":42,"key":"SMITH"},{"floor":47,"key":"REST"},{"floor":49,"key":"RECALL"},{"data":"Rainbow","floor":53,"key":"SMITH"}],"neow_cost":"NONE","seed_source_timestamp":2378777434490200,"circlet_count":0,"master_deck":["AscendersBane","Strike_B","Strike_B","Defend_B","Defend_B","Defend_B","Defend_B","Zap+1","Dualcast+1","Conserve Battery","Go for the Eyes+1","Steam","Coolheaded","Genetic Algorithm+1","Biased Cognition+1","Capacitor","Glacier","Chill+1","Seek+1","Hologram","Barrage","The Bomb+1","Electrodynamics","Compile Driver+1","Rainbow+1","Go for the Eyes+1","White Noise","Core Surge+1","Barrage+1","Thunder Strike","Hologram+1","Compile Driver+1","Glacier"],"special_seed":0,"relics":["Cracked Core","Question Card","Shuriken","Kunai","Runic Dome","Matryoshka","Bottled Lightning","Pantograph","Pear","Sundial","Inserter","Juzu Bracelet","Whetstone","Bottled Flame","Cables"],"potions_floor_usage":[39,44,51,56,56],"damage_taken":[{"damage":5.0,"enemies":"2 Louse","floor":1.0,"turns":2.0},{"damage":2.0,"enemies":"Small Slimes","floor":3.0,"turns":3.0},{"damage":2.0,"enemies":"Jaw Worm","floor":4.0,"turns":3.0},{"damage":2.0,"enemies":"Large Slime","floor":7.0,"turns":6.0},{"damage":17.0,"enemies":"Lagavulin","floor":10.0,"turns":9.0},{"damage":0.0,"enemies":"Looter","floor":11.0,"turns":4.0},{"damage":32.0,"enemies":"Gremlin Nob","floor":12.0,"turns":5.0},{"damage":3.0,"enemies":"Gremlin Gang","floor":14.0,"turns":4.0},{"damage":8.0,"enemies":"The Guardian","floor":16.0,"turns":22.0},{"damage":10.0,"enemies":"Shell Parasite","floor":18.0,"turns":11.0},{"damage":0.0,"enemies":"2 Thieves","floor":20.0,"turns":3.0},{"damage":4.0,"enemies":"Sentry and Sphere","floor":21.0,"turns":4.0},{"damage":12.0,"enemies":"Slavers","floor":24.0,"turns":3.0},{"damage":10.0,"enemies":"Shelled Parasite and Fungi","floor":25.0,"turns":5.0},{"damage":12.0,"enemies":"Colosseum Slavers","floor":29.0,"turns":3.0},{"damage":1.0,"enemies":"3 Cultists","floor":30.0,"turns":3.0},{"damage":34.0,"enemies":"Automaton","floor":33.0,"turns":9.0},{"damage":0.0,"enemies":"Orb Walker","floor":35.0,"turns":4.0},{"damage":0.0,"enemies":"3 Shapes","floor":36.0,"turns":3.0},{"damage":16,"enemies":"Spire Growth","floor":38,"turns":5},{"damage":11,"enemies":"Transient","floor":39,"turns":6},{"damage":11,"enemies":"Giant Head","floor":40,"turns":9},{"damage":17,"enemies":"Nemesis","floor":44,"turns":7},{"damage":0,"enemies":"Jaw Worm Horde","floor":46,"turns":5},{"damage":1,"enemies":"4 Shapes","floor":48,"turns":4},{"damage":10,"enemies":"Awakened One","floor":50,"turns":15},{"damage":8,"enemies":"Time Eater","floor":51,"turns":23},{"damage":61,"enemies":"Shield and Spear","floor":55,"turns":9},{"damage":53,"enemies":"The Heart","floor":56,"turns":9}],"seed_played":"-8630719828854360493","potions_obtained":[{"floor":3.0,"key":"Block Potion"},{"floor":7.0,"key":"Regen Potion"},{"floor":12.0,"key":"Explosive Potion"},{"floor":14.0,"key":"Weak Potion"},{"floor":16.0,"key":"PowerPotion"},{"floor":24.0,"key":"FearPotion"},{"floor":25.0,"key":"FocusPotion"},{"floor":30.0,"key":"SkillPotion"},{"floor":35.0,"key":"Swift Potion"},{"floor":36.0,"key":"Ancient Potion"},{"floor":39,"key":"Regen Potion"},{"floor":44,"key":"Poison Potion"},{"floor":45,"key":"Fire Potion"},{"floor":55,"key":"Ancient Potion"}],"is_trial":false,"path_per_floor":["M","?","M","M","$","R","M","R","T","E","M","E","R","M","R","B",null,"M","$","M","M","?","R","E","M","T","?","$","?","M","T","R","B",null,"M","M","?","M","M","E","$","R","T","E","?","M","R","M","R","B","B",null,"R","$","E","B"],"character_chosen":"DEFECT","items_purchased":["Coolheaded","Barrage","The Bomb","Energy Potion"],"campfire_rested":1,"item_purchase_floors":[5,19,19,54],"current_hp_per_floor":[66,66,64,62,62,62,60,60,60,43,43,25,25,22,22,14,62,52,52,52,48,48,48,36,26,26,26,26,14,13,23,23,14,70,70,70,70,54,43,32,32,32,32,27,27,27,53,52,52,67,80,86,86,86,25,0],"gold":44,"neow_bonus":"TEN_PERCENT_HP_BONUS","is_prod":false,"is_daily":false,"chose_seed":false,"campfire_upgraded":8,"win_rate":0,"timestamp":1551858532,"path_taken":["M","?","M","M","$","R","M","R","T","E","M","E","R","M","R","BOSS","M","$","M","M","?","R","E","M","T","?","$","?","M","?","R","BOSS","M","M","?","M","M","E","$","R","T","E","?","M","R","M","R","BOSS","BOSS","R","$","E","BOSS"],"build_version":"2019-01-23","purchased_purges":3,"victory":false,"max_hp_per_floor":[78,78,78,78,78,78,78,78,78,78,78,78,78,78,78,78,78,78,78,78,78,78,78,78,78,78,78,78,78,78,88,88,88,88,88,88,88,88,88,88,88,88,88,88,88,88,88,88,88,88,88,88,88,88,88,88],"card_choices":[{"not_picked":["Rebound","Skim"],"picked":"Conserve Battery","floor":1.0},{"not_picked":["Turbo","Fusion"],"picked":"Go for the Eyes","floor":3.0},{"not_picked":["Barrage","Stack"],"picked":"Steam","floor":4.0},{"not_picked":["Rebound","Coolheaded"],"picked":"Genetic Algorithm","floor":7.0},{"not_picked":["Static Discharge","Stack","Beam Cell"],"picked":"Biased Cognition","floor":10.0},{"not_picked":["Hologram","Turbo","Sweeping Beam"],"picked":"Capacitor","floor":11.0},{"not_picked":["Steam","Sweeping Beam","Stack"],"picked":"Glacier","floor":12.0},{"not_picked":["Tempest","Double Energy","Turbo"],"picked":"Chill","floor":14.0},{"not_picked":["All For One","Machine Learning","Reboot"],"picked":"Seek","floor":16.0},{"not_picked":["Leap+1","Chaos","Rebound"],"picked":"Hologram","floor":18.0},{"not_picked":["Steam+1","Undo","Cold Snap"],"picked":"Electrodynamics","floor":20.0},{"not_picked":["Reinforced Body","Coolheaded","Cold Snap+1"],"picked":"Compile Driver+1","floor":21.0},{"not_picked":["Compile Driver","Force Field","Rebound"],"picked":"Rainbow","floor":24.0},{"not_picked":["Ball Lightning","Fusion+1","Genetic Algorithm"],"picked":"Go for the Eyes+1","floor":25.0},{"not_picked":["Scrape","Sunder","Redo","Stack"],"picked":"SKIP","floor":30.0},{"not_picked":["Creative AI","Multi-Cast","Reboot"],"picked":"Core Surge","floor":33.0},{"not_picked":["Rip and Tear","Sunder","Turbo+1","Double Energy+1"],"picked":"SKIP","floor":35.0},{"not_picked":["Hello World+1","Sweeping Beam","Doom and Gloom","Conserve Battery+1"],"picked":"SKIP","floor":36.0},{"not_picked":["Steam","Darkness","Multi-Cast","Turbo+1"],"picked":"SKIP","floor":38},{"not_picked":["BootSequence","Compile Driver+1","Capacitor"],"picked":"Barrage","floor":39},{"not_picked":["Coolheaded","Steam","Scrape"],"picked":"Thunder Strike","floor":40},{"not_picked":["Sunder","Stack","Rebound"],"picked":"Hologram+1","floor":44},{"not_picked":["Rebound","Streamline","Skim"],"picked":"Compile Driver+1","floor":46},{"not_picked":["Streamline","Barrage","Hologram"],"picked":"Glacier","floor":48},{"not_picked":["Rebound","Turbo+1","Machine Learning","Coolheaded+1"],"picked":"SKIP","floor":55}],"player_experience":793162,"relics_obtained":[{"floor":9.0,"key":"Question Card"},{"floor":10.0,"key":"Shuriken"},{"floor":12.0,"key":"Kunai"},{"floor":24.0,"key":"Bottled Lightning"},{"floor":26.0,"key":"Pantograph"},{"floor":31.0,"key":"Pear"},{"floor":31.0,"key":"Sundial"},{"floor":40,"key":"Juzu Bracelet"},{"floor":43,"key":"Whetstone"},{"floor":44,"key":"Bottled Flame"},{"floor":55,"key":"Cables"}],"event_choices":[{"damage_healed":0.0,"max_hp_gain":0.0,"max_hp_loss":0.0,"gold_gain":0.0,"event_name":"Living Wall","player_choice":"Grow","floor":2.0,"gold_loss":0.0,"damage_taken":0.0,"cards_upgraded":["Zap"]},{"damage_healed":0.0,"max_hp_gain":0.0,"max_hp_loss":0.0,"gold_gain":0.0,"event_name":"Addict","player_choice":"Stole Relic","floor":22.0,"gold_loss":0.0,"damage_taken":0.0,"relics_obtained":["Matryoshka"],"cards_obtained":["Shame"]},{"damage_healed":0.0,"max_hp_gain":0.0,"max_hp_loss":0.0,"gold_gain":0.0,"event_name":"The Library","player_choice":"Read","floor":27.0,"gold_loss":0.0,"damage_taken":0.0,"cards_obtained":["White Noise"]},{"damage_healed":0.0,"max_hp_gain":0.0,"max_hp_loss":0.0,"gold_gain":0.0,"event_name":"Colosseum","player_choice":"Fight","floor":29.0,"gold_loss":0.0,"damage_taken":0.0},{"damage_healed":0.0,"max_hp_gain":0.0,"max_hp_loss":0.0,"gold_gain":0.0,"event_name":"Colosseum","player_choice":"Fled From Nobs","floor":29.0,"gold_loss":0.0,"damage_taken":0.0},{"damage_healed":0.0,"max_hp_gain":0.0,"max_hp_loss":0.0,"gold_gain":0.0,"event_name":"Match and Keep!","player_choice":"0 cards matched","floor":37.0,"gold_loss":0.0,"damage_taken":0.0,"cards_obtained":[]},{"damage_healed":0,"gold_gain":0,"player_choice":"Bought 3 Potions","damage_taken":0,"max_hp_gain":0,"max_hp_loss":0,"event_name":"The Woman in Blue","floor":45,"gold_loss":0}],"is_beta":false,"boss_relics":[{"not_picked":["Snecko Eye","Tiny House"],"picked":"Runic Dome"},{"not_picked":["Velvet Choker","Cursed Key"],"picked":"Inserter"}],"items_purged_floors":[5,28,41],"is_endless":false,"potions_floor_spawned":[3,7,12,14,16,24,25,30,35,36,39,44,55],"killed_by":"The Heart","ascension_level":20}