{"gold_per_floor":[116,134,149,149,161,186,202,202],"floor_reached":8,"playtime":424,"items_purged":[],"score":120,"play_id":"0e977ea0-5ddf-45c1-a81f-d49471daf994","local_time":"20190301170808","is_ascension_mode":true,"campfire_choices":[],"neow_cost":"NONE","seed_source_timestamp":31755567376106,"circlet_count":0,"master_deck":["AscendersBane","Strike_R","Strike_R","Strike_R","Strike_R","Defend_R","Defend_R","Defend_R","Defend_R","Bash","Cleave","Thunderclap","True Grit","Double Tap","Clothesline","Anger","Shrug It Off"],"special_seed":0,"relics":["Burning Blood","Strawberry","Pen Nib"],"potions_floor_usage":[8,8],"damage_taken":[{"damage":14.0,"enemies":"Jaw Worm","floor":1.0,"turns":6.0},{"damage":9.0,"enemies":"2 Louse","floor":2.0,"turns":4.0},{"damage":0.0,"enemies":"Small Slimes","floor":3.0,"turns":2.0},{"damage":9.0,"enemies":"Looter","floor":5.0,"turns":5.0},{"damage":43.0,"enemies":"Lagavulin","floor":6.0,"turns":8.0},{"damage":22.0,"enemies":"Large Slime","floor":7.0,"turns":6.0},{"damage":23,"enemies":"Gremlin Nob","floor":8,"turns":4}],"seed_played":"-8437668432337877534","potions_obtained":[{"floor":3.0,"key":"Energy Potion"},{"floor":5.0,"key":"Regen Potion"},{"floor":6.0,"key":"PowerPotion"}],"is_trial":false,"path_per_floor":["M","M","M","?","M","E","M","E"],"character_chosen":"IRONCLAD","items_purchased":[],"campfire_rested":0,"item_purchase_floors":[],"current_hp_per_floor":[67,64,70,70,67,30,14,3],"gold":202,"neow_bonus":"RANDOM_COMMON_RELIC","is_prod":false,"is_daily":false,"chose_seed":false,"campfire_upgraded":0,"win_rate":0,"timestamp":1551478088,"path_taken":["M","M","M","?","M","E","M","E"],"build_version":"2019-01-23","purchased_purges":0,"victory":false,"max_hp_per_floor":[82,82,82,82,82,82,82,82],"card_choices":[{"not_picked":["Rupture","Flex"],"picked":"Cleave","floor":1.0},{"not_picked":["Sentinel","Sever Soul"],"picked":"Thunderclap","floor":2.0},{"not_picked":["Ghostly Armor","Combust"],"picked":"True Grit","floor":3.0},{"not_picked":["Headbutt","Flex"],"picked":"Clothesline","floor":5.0},{"not_picked":["Twin Strike","Wild Strike"],"picked":"Anger","floor":6.0},{"not_picked":["Exhume","Pommel Strike"],"picked":"Shrug It Off","floor":7.0}],"player_experience":619331,"relics_obtained":[{"floor":6.0,"key":"Pen Nib"}],"event_choices":[{"damage_healed":0.0,"max_hp_gain":0.0,"max_hp_loss":0.0,"gold_gain":0.0,"cards_transformed":["Strike_R"],"event_name":"Living Wall","player_choice":"Change","floor":4.0,"gold_loss":0.0,"damage_taken":0.0,"cards_obtained":["Double Tap"]}],"is_beta":false,"boss_relics":[],"items_purged_floors":[],"is_endless":false,"potions_floor_spawned":[3,5,6],"killed_by":"Gremlin Nob","ascension_level":20}