{"gold_per_floor":[363,363,85,103,103,131,56,76,76,96,131,199,214,230,230,330,330,299,314,324,336,236,236],"floor_reached":23,"playtime":1423,"items_purged":["Strike_R","Bash"],"score":215,"play_id":"cc009ab2-5d29-4450-8d16-eb0f9a562354","local_time":"20190301001507","is_ascension_mode":true,"campfire_choices":[{"data":"Barricade","floor":15.0,"key":"SMITH"}],"neow_cost":"PERCENT_DAMAGE","seed_source_timestamp":1394587028747063,"circlet_count":0,"master_deck":["Strike_R","Strike_R","Strike_R","Strike_R","Defend_R","Defend_R","Defend_R","Defend_R","Body Slam+1","Rage","Metallicize","Flame Barrier","Armaments","Shrug It Off","Shrug It Off","Barricade+1","Thunderclap"],"special_seed":0,"relics":["Burning Blood","Ornamental Fan","Paper Frog","Mango","Dodecahedron","Black Star"],"potions_floor_usage":[21,21,23],"damage_taken":[{"damage":3.0,"enemies":"Small Slimes","floor":1.0,"turns":3.0},{"damage":3.0,"enemies":"Jaw Worm","floor":4.0,"turns":5.0},{"damage":17.0,"enemies":"3 Sentries","floor":6.0,"turns":10.0},{"damage":0.0,"enemies":"2 Louse","floor":8.0,"turns":2.0},{"damage":0.0,"enemies":"Blue Slaver","floor":10.0,"turns":7.0},{"damage":3.0,"enemies":"Gremlin Nob","floor":11.0,"turns":4.0},{"damage":0.0,"enemies":"3 Louse","floor":13.0,"turns":5.0},{"damage":1.0,"enemies":"Gremlin Gang","floor":14.0,"turns":6.0},{"damage":38.0,"enemies":"Hexaghost","floor":16.0,"turns":12.0},{"damage":19.0,"enemies":"2 Thieves","floor":18.0,"turns":5.0},{"damage":23.0,"enemies":"Chosen","floor":19.0,"turns":9.0},{"damage":4,"enemies":"Centurion and Healer","floor":20,"turns":9},{"damage":20,"enemies":"Snecko","floor":21,"turns":9},{"damage":52,"enemies":"Book of Stabbing","floor":23,"turns":7}],"seed_played":"-3419570751522984221","potions_obtained":[{"floor":4.0,"key":"Fire Potion"},{"floor":8.0,"key":"Energy Potion"},{"floor":11.0,"key":"SkillPotion"},{"floor":14.0,"key":"Explosive Potion"},{"floor":16.0,"key":"GamblersBrew"},{"floor":19.0,"key":"GamblersBrew"},{"floor":20,"key":"Energy Potion"},{"floor":21,"key":"Strength Potion"}],"is_trial":false,"path_per_floor":["M","?","$","M","?","E","$","M","T","M","E","T","M","M","R","B",null,"M","M","M","M","$","E"],"character_chosen":"IRONCLAD","items_purchased":["Rage","Metallicize","Block Potion","Armaments","Shrug It Off"],"campfire_rested":0,"item_purchase_floors":[3,3,3,7,7],"current_hp_per_floor":[59,59,59,62,62,51,51,57,57,63,80,80,86,91,91,59,94,81,64,66,52,52,0],"gold":236,"neow_bonus":"TWO_FIFTY_GOLD","is_prod":false,"is_daily":false,"chose_seed":false,"campfire_upgraded":1,"win_rate":0,"timestamp":1551417307,"path_taken":["M","?","$","M","?","E","?","M","T","M","E","?","M","M","R","BOSS","M","M","M","M","$","E"],"build_version":"2019-01-23","purchased_purges":2,"victory":false,"max_hp_per_floor":[80,80,80,80,80,80,80,80,80,80,94,94,94,94,94,94,94,94,94,94,94,94,94],"card_choices":[{"not_picked":["Heavy Blade","Carnage"],"picked":"Body Slam","floor":1.0},{"not_picked":["Sentinel","Heavy Blade"],"picked":"Flame Barrier","floor":4.0},{"not_picked":["Evolve","Sword Boomerang","Dark Embrace"],"picked":"SKIP","floor":6.0},{"not_picked":["Hemokinesis","Warcry","Reckless Charge"],"picked":"SKIP","floor":8.0},{"not_picked":["Warcry","Combust"],"picked":"Shrug It Off","floor":10.0},{"not_picked":["Brutality","Clothesline"],"picked":"Barricade","floor":11.0},{"not_picked":["Anger","Reckless Charge","Sentinel"],"picked":"SKIP","floor":13.0},{"not_picked":["Feel No Pain","Thunderclap","Warcry"],"picked":"SKIP","floor":14.0},{"not_picked":["True Grit","Clothesline"],"picked":"Thunderclap","floor":18.0},{"not_picked":["Reckless Charge","Feel No Pain","Sword Boomerang"],"picked":"SKIP","floor":19.0},{"not_picked":["Sword Boomerang","Sever Soul","Bloodletting"],"picked":"SKIP","floor":20},{"not_picked":["Headbutt","Flex+1","Thunderclap"],"picked":"SKIP","floor":21}],"player_experience":500464,"relics_obtained":[{"floor":6.0,"key":"Ornamental Fan"},{"floor":9.0,"key":"Paper Frog"},{"floor":11.0,"key":"Mango"},{"floor":12.0,"key":"Dodecahedron"}],"event_choices":[{"damage_healed":0.0,"max_hp_gain":0.0,"max_hp_loss":0.0,"gold_gain":0.0,"event_name":"Living Wall","player_choice":"Grow","floor":2.0,"gold_loss":0.0,"damage_taken":0.0,"cards_upgraded":["Body Slam"]},{"damage_healed":0.0,"max_hp_gain":0.0,"max_hp_loss":0.0,"gold_gain":0.0,"event_name":"Liars Game","player_choice":"Ignored","floor":5.0,"gold_loss":0.0,"damage_taken":0.0}],"is_beta":false,"boss_relics":[{"not_picked":["Busted Crown","Mark of Pain"],"picked":"Black Star"}],"items_purged_floors":[3,22],"is_endless":false,"potions_floor_spawned":[4,8,11,14,16,19,20,21],"killed_by":"Book of Stabbing","ascension_level":1}