{"gold_per_floor":[114,114,129,94,269,269,269,299,299,72,102,129,171,213,225,337,349,376,403,415,427,358,388,388,403,453,453,453,453,453,3,3,103,103,118,118,0,0,0,30,30,30,55,55,85,100,130,130,130,130],"floor_reached":51,"playtime":4721,"items_purged":["Doubt"],"score":901,"play_id":"1460b48f-125b-4485-9381-7ce7c97bb3ff","local_time":"20190206005118","daily_mods":["Shiny","Flight","Binary"],"is_ascension_mode":false,"campfire_choices":[{"data":"Barricade","floor":6,"key":"SMITH"},{"data":"Feed","floor":7,"key":"SMITH"},{"floor":15,"key":"REST"},{"data":"Impervious","floor":24,"key":"SMITH"},{"data":"Double Tap","floor":27,"key":"SMITH"},{"data":"Fiend Fire","floor":28,"key":"SMITH"},{"data":"Reaper","floor":30,"key":"SMITH"},{"floor":32,"key":"REST"},{"data":"The Bomb","floor":41,"key":"SMITH"},{"data":"Sword Boomerang","floor":49,"key":"SMITH"}],"neow_cost":"","seed_source_timestamp":0,"circlet_count":0,"master_deck":["Double Tap+1","Bludgeon+1","Feed+1","Barricade+1","Fiend Fire+1","Dark Embrace+1","Berserk+1","Impervious+1","Brutality+1","Reaper+1","Exhume+1","Offering+1","Immolate+1","Anger+1","Dramatic Entrance+1","Feel No Pain+1","Offering+1","Berserk+1","Entrench+1","Rupture+1","Feel No Pain+1","Feed+1","The Bomb+1","Rampage+1","Fire Breathing+1","Sword Boomerang+1"],"special_seed":17933,"relics":["Burning Blood","Boot","Question Card","MawBank","Omamori","Frozen Egg 2","Sozu","Regal Pillow","Lantern","OrangePellets","Mummified Hand","Runic Cube","Mark of the Bloom","Red Mask","Ancient Tea Set","Red Skull","Dream Catcher","Centennial Puzzle","Bird Faced Urn"],"potions_floor_usage":[13,14,16,16],"damage_taken":[{"damage":6,"enemies":"Cultist","floor":1,"turns":2},{"damage":40,"enemies":"Jaw Worm","floor":3,"turns":3},{"damage":55,"enemies":"3 Sentries","floor":8,"turns":4},{"damage":36,"enemies":"Lagavulin","floor":11,"turns":5},{"damage":6,"enemies":"2 Louse","floor":12,"turns":2},{"damage":15,"enemies":"3 Sentries","floor":13,"turns":4},{"damage":23,"enemies":"Gremlin Nob","floor":14,"turns":5},{"damage":35,"enemies":"Hexaghost","floor":16,"turns":6},{"damage":32,"enemies":"2 Thieves","floor":18,"turns":2},{"damage":19,"enemies":"Chosen","floor":19,"turns":4},{"damage":73,"enemies":"Slavers","floor":23,"turns":4},{"damage":30,"enemies":"Snake Plant","floor":25,"turns":4},{"damage":48,"enemies":"Automaton","floor":33,"turns":5},{"damage":13,"enemies":"Orb Walker","floor":35,"turns":2},{"damage":17,"enemies":"Reptomancer","floor":40,"turns":4},{"damage":5,"enemies":"Giant Head","floor":44,"turns":6},{"damage":6,"enemies":"Nemesis","floor":45,"turns":1},{"damage":7,"enemies":"3 Darklings","floor":46,"turns":2},{"damage":4,"enemies":"Giant Head","floor":47,"turns":5},{"damage":30,"enemies":"Donu and Deca","floor":50,"turns":5}],"seed_played":"843888505984905002","potions_obtained":[{"floor":3,"key":"LiquidBronze"},{"floor":8,"key":"Poison Potion"},{"floor":12,"key":"FearPotion"},{"floor":13,"key":"Regen Potion"}],"is_trial":false,"path_per_floor":["M","?","M","?","?","R","R","E","T","$","E","M","E","E","R","B",null,"M","M","?","?","$","E","R","M","T","R","R","?","R","$","R","B",null,"M","?","?","?","?","E","R","?","T","E","E","M","E","?","R","B",null],"character_chosen":"IRONCLAD","items_purchased":["Feel No Pain","Dramatic Entrance","Rupture+1","OrangePellets","Mummified Hand"],"campfire_rested":2,"item_purchase_floors":[10,10,22,31,31],"current_hp_per_floor":[80,80,53,73,73,73,73,64,64,64,38,38,38,36,64,39,99,77,69,69,113,113,69,69,54,54,54,54,54,54,54,106,82,125,123,123,123,123,123,106,106,106,106,101,95,88,84,84,84,54],"gold":130,"neow_bonus":"","is_prod":false,"is_daily":true,"chose_seed":false,"campfire_upgraded":8,"win_rate":0,"timestamp":1549421478,"path_taken":["M","?","?","?","?","R","R","E","T","$","E","?","E","E","R","BOSS","M","?","?","?","$","E","R","?","T","R","R","?","R","$","R","BOSS","M","?","?","?","?","E","R","?","T","E","E","?","E","?","R","BOSS"],"build_version":"2019-01-23","purchased_purges":1,"victory":true,"max_hp_per_floor":[80,80,83,83,83,83,83,87,87,87,91,91,95,95,95,99,99,103,103,103,113,113,121,121,125,125,125,125,125,125,125,125,125,125,125,125,125,125,125,129,129,123,123,123,123,123,123,123,123,123],"card_choices":[{"not_picked":["True Grit"],"picked":"Anger","floor":1},{"not_picked":["Clash","Pommel Strike"],"picked":"SKIP","floor":3},{"not_picked":["Power Through","Heavy Blade"],"picked":"SKIP","floor":8},{"not_picked":["Corruption","Clothesline"],"picked":"Feel No Pain","floor":11},{"not_picked":["Cleave","Burning Pact"],"picked":"Offering","floor":12},{"not_picked":["Second Wind","Spot Weakness","Anger"],"picked":"SKIP","floor":13},{"not_picked":["True Grit","Dark Embrace","Wild Strike"],"picked":"SKIP","floor":14},{"not_picked":["Brutality+1","Barricade+1"],"picked":"Berserk+1","floor":16},{"not_picked":["Cleave+1","Twin Strike"],"picked":"Entrench","floor":18},{"not_picked":["Iron Wave","Cleave","Ghostly Armor"],"picked":"SKIP","floor":19},{"not_picked":["Carnage","Armaments","Entrench"],"picked":"SKIP","floor":23},{"not_picked":["Hemokinesis","Shrug It Off"],"picked":"Feel No Pain+1","floor":25},{"not_picked":["Offering","Brutality+1"],"picked":"Feed","floor":33},{"not_picked":["Pummel+1","Wild Strike","Pommel Strike"],"picked":"SKIP","floor":35},{"not_picked":["Deep Breath","Master of Strategy"],"picked":"The Bomb","floor":39},{"not_picked":["Clash+1","Havoc+1","Twin Strike+1"],"picked":"SKIP","floor":40},{"not_picked":["Clash+1","Havoc+1","Twin Strike+1"],"picked":"SKIP","floor":40},{"not_picked":["Rupture+1","Havoc"],"picked":"Rampage+1","floor":44},{"not_picked":["Whirlwind","Flex+1"],"picked":"Fire Breathing+1","floor":45},{"not_picked":["Clothesline+1","Sever Soul+1","Shrug It Off+1"],"picked":"SKIP","floor":46},{"not_picked":["Clothesline+1","Sever Soul+1","Shrug It Off+1"],"picked":"SKIP","floor":46},{"not_picked":["Sentinel+1","Flex+1","Disarm+1"],"picked":"SKIP","floor":47}],"player_experience":65667,"relics_obtained":[{"floor":8,"key":"Boot"},{"floor":9,"key":"Question Card"},{"floor":11,"key":"MawBank"},{"floor":13,"key":"Omamori"},{"floor":14,"key":"Frozen Egg 2"},{"floor":23,"key":"Regal Pillow"},{"floor":26,"key":"Lantern"},{"floor":40,"key":"Ancient Tea Set"},{"floor":43,"key":"Red Skull"},{"floor":44,"key":"Dream Catcher"},{"floor":45,"key":"Centennial Puzzle"},{"floor":47,"key":"Bird Faced Urn"}],"event_choices":[{"damage_healed":0,"gold_gain":0,"player_choice":"Forge","damage_taken":0,"max_hp_gain":0,"max_hp_loss":0,"event_name":"Accursed Blacksmith","floor":2,"gold_loss":0,"cards_upgraded":["Berserk"]},{"damage_healed":20,"gold_gain":0,"player_choice":"Healed","damage_taken":0,"max_hp_gain":0,"max_hp_loss":0,"event_name":"The Cleric","floor":4,"gold_loss":35},{"damage_healed":0,"gold_gain":175,"player_choice":"AGREE","damage_taken":0,"max_hp_gain":0,"max_hp_loss":0,"event_name":"Liars Game","floor":5,"gold_loss":0,"cards_obtained":["Doubt"]},{"cards_removed":["Limit Break"],"damage_healed":0,"gold_gain":0,"player_choice":"Elegance","damage_taken":0,"max_hp_gain":0,"max_hp_loss":0,"event_name":"Back to Basics","floor":20,"gold_loss":0},{"cards_removed":["Demon Form"],"damage_healed":34,"gold_gain":0,"player_choice":"Offered Rare","damage_taken":0,"max_hp_gain":10,"max_hp_loss":0,"event_name":"Bonfire Elementals","floor":21,"gold_loss":0},{"damage_healed":0,"gold_gain":0,"player_choice":"Ignored","damage_taken":0,"max_hp_gain":0,"max_hp_loss":0,"event_name":"Purifier","floor":29,"gold_loss":0},{"damage_healed":0,"gold_gain":0,"player_choice":"Upgrade","damage_taken":0,"relics_obtained":["Mark of the Bloom"],"max_hp_gain":0,"max_hp_loss":0,"event_name":"MindBloom","floor":36,"gold_loss":0,"cards_upgraded":["Bludgeon","Dark Embrace","Juggernaut","Brutality","Exhume","Offering","Immolate","Anger","Feel No Pain","Dramatic Entrance","Feel No Pain","Offering","Entrench","Feed"]},{"damage_healed":0,"gold_gain":0,"player_choice":"Paid","damage_taken":0,"relics_obtained":["Red Mask"],"max_hp_gain":0,"max_hp_loss":0,"event_name":"Tomb of Lord Red Mask","floor":37,"gold_loss":118},{"cards_removed":["Juggernaut"],"damage_healed":0,"gold_gain":0,"player_choice":"Removed Power","damage_taken":0,"max_hp_gain":0,"max_hp_loss":0,"event_name":"Falling","floor":38,"gold_loss":0},{"damage_healed":0,"gold_gain":0,"player_choice":"Memory 1","damage_taken":0,"max_hp_gain":0,"max_hp_loss":0,"event_name":"SensoryStone","floor":39,"gold_loss":0},{"damage_healed":0,"gold_gain":0,"player_choice":"Max HP","damage_taken":0,"max_hp_gain":0,"max_hp_loss":6,"event_name":"Winding Halls","floor":42,"gold_loss":0},{"damage_healed":0,"gold_gain":0,"cards_transformed":["Feel No Pain"],"player_choice":"Transformed","damage_taken":0,"max_hp_gain":0,"max_hp_loss":0,"event_name":"Transmorgrifier","floor":48,"gold_loss":0,"cards_obtained":["Sword Boomerang"]}],"is_beta":false,"boss_relics":[{"not_picked":["Tiny House","Empty Cage"],"picked":"Sozu"},{"not_picked":["Orrery","White Beast Statue"],"picked":"Runic Cube"}],"items_purged_floors":[10],"is_endless":false,"potions_floor_spawned":[3,8,12,13,19,25,33,35,46,47],"ascension_level":0}