{"gold_per_floor":[118,118,43,43,60,60,88,104,128,147,165,176,176,47,47,125,125,114,41,57,68,42,70,70,104,104,104,35,134,149,164,164,241,241,256,125,138,51,64,98,98,98,98,128,43,75,130,130,130,130,130,130,8,36,36],"floor_reached":55,"playtime":6092,"items_purged":["Pain","Defend_B","Defend_B","Writhe","Strike_B"],"score":1314,"play_id":"2f55a0f0-5976-4f74-9e5d-1244f06f12f5","local_time":"20190114122649","is_ascension_mode":true,"campfire_choices":[{"floor":6,"key":"REST"},{"floor":13,"key":"REST"},{"data":"Defragment","floor":15,"key":"SMITH"},{"floor":24,"key":"REST"},{"floor":27,"key":"REST"},{"data":"Defragment","floor":32,"key":"SMITH"},{"data":"Defragment","floor":41,"key":"SMITH"},{"floor":49,"key":"RECALL"},{"data":"Capacitor","floor":52,"key":"SMITH"}],"neow_cost":"NONE","seed_source_timestamp":1390276542566,"circlet_count":0,"master_deck":["AscendersBane","Strike_B","Strike_B","Defend_B","Defend_B","Zap+1","Dualcast","Glacier","Defragment+1","Hello World","Rip and Tear","Leap","Reboot","Turbo","Coolheaded","Buffer","Capacitor","Self Repair","FTL","Barrage","Hologram","Defragment+1","Capacitor","Skim","All For One","Beam Cell+1","FTL","Defragment+1","Machine Learning","Auto Shields+1","Capacitor+1","Consume+1","Machine Learning","Conserve Battery+1"],"relics":["FrozenCore","WarpedTongs","Happy Flower","Oddly Smooth Stone","Smiling Mask","Red Mask","Pear","Velvet Choker","Art of War","Mercury Hourglass","Meat on the Bone","Sundial","Orichalcum"],"potions_floor_usage":[16,21,23,25,25,39,50,50,54,55],"damage_taken":[{"damage":2,"enemies":"Small Slimes","floor":1,"turns":4},{"damage":15,"enemies":"Jaw Worm","floor":5,"turns":2},{"damage":17,"enemies":"Lagavulin","floor":7,"turns":8},{"damage":3,"enemies":"Cultist","floor":8,"turns":3},{"damage":4,"enemies":"3 Louse","floor":10,"turns":4},{"damage":3,"enemies":"Looter","floor":11,"turns":3},{"damage":3,"enemies":"2 Fungi Beasts","floor":12,"turns":2},{"damage":17,"enemies":"Hexaghost","floor":16,"turns":9},{"damage":12,"enemies":"2 Thieves","floor":18,"turns":5},{"damage":0,"enemies":"Chosen","floor":20,"turns":7},{"damage":1,"enemies":"Snake Plant","floor":21,"turns":7},{"damage":58,"enemies":"Gremlin Leader","floor":23,"turns":8},{"damage":13,"enemies":"Masked Bandits","floor":25,"turns":7},{"damage":0,"enemies":"Centurion and Healer","floor":30,"turns":8},{"damage":0,"enemies":"Chosen and Byrds","floor":31,"turns":8},{"damage":27,"enemies":"Automaton","floor":33,"turns":13},{"damage":35,"enemies":"3 Darklings","floor":35,"turns":7},{"damage":0,"enemies":"Orb Walker","floor":37,"turns":4},{"damage":6,"enemies":"Jaw Worm Horde","floor":39,"turns":6},{"damage":0,"enemies":"Giant Head","floor":40,"turns":9},{"damage":0,"enemies":"Nemesis","floor":44,"turns":7},{"damage":30,"enemies":"Reptomancer","floor":46,"turns":6},{"damage":8,"enemies":"Donu and Deca","floor":50,"turns":11},{"damage":56,"enemies":"Shield and Spear","floor":54,"turns":9},{"damage":65,"enemies":"The Heart","floor":55,"turns":3}],"seed_played":"3510382504846591660","potions_obtained":[{"floor":5,"key":"Energy Potion"},{"floor":7,"key":"FairyPotion"},{"floor":11,"key":"Fire Potion"},{"floor":18,"key":"Weak Potion"},{"floor":21,"key":"Strength Potion"},{"floor":23,"key":"Block Potion"},{"floor":35,"key":"SkillPotion"},{"floor":37,"key":"Block Potion"},{"floor":40,"key":"Block Potion"},{"floor":54,"key":"AttackPotion"}],"is_trial":false,"path_per_floor":["M","?","$","?","M","R","E","M","T","M","M","M","R","$","R","B",null,"M","$","M","M","$","E","R","?","T","R","$","?","M","M","R","B",null,"M","$","M","$","M","E","R","?","T","E","$","E","T","?","R","B",null,"R","$","E","B"],"character_chosen":"DEFECT","items_purchased":["Defragment","Coolheaded","Self Repair","Barrage","Capacitor","FTL","Defragment","Capacitor","Regen Potion"],"campfire_rested":4,"item_purchase_floors":[3,14,19,22,28,36,38,45,53],"current_hp_per_floor":[62,55,55,55,40,61,44,41,41,37,34,31,52,52,52,35,62,50,50,57,63,63,12,33,27,37,61,61,61,68,75,75,55,75,47,47,54,54,55,62,62,81,81,81,81,58,58,58,58,57,75,75,75,53,0],"gold":36,"neow_bonus":"UPGRADE_CARD","is_prod":false,"is_daily":false,"chose_seed":false,"campfire_upgraded":4,"win_rate":0,"timestamp":1547465209,"path_taken":["M","?","$","?","M","R","E","?","T","M","M","M","R","$","R","BOSS","M","$","M","M","$","E","R","?","T","R","$","?","M","M","R","BOSS","M","$","M","$","M","E","R","?","T","E","$","E","?","?","R","BOSS","R","$","E","BOSS"],"build_version":"2019-01-10","purchased_purges":5,"victory":false,"max_hp_per_floor":[71,71,71,71,71,71,71,71,71,71,71,71,71,71,71,71,71,71,71,71,71,71,71,71,71,81,81,81,81,81,81,81,81,81,81,81,81,81,81,81,81,81,81,81,81,81,81,81,81,81,81,81,81,81,81],"card_choices":[{"not_picked":["Stack","Gash"],"picked":"Glacier","floor":1},{"not_picked":["Scrape","Redo"],"picked":"Hello World","floor":5},{"not_picked":["Consume","Force Field"],"picked":"Rip and Tear","floor":7},{"not_picked":["Steam","Compile Driver","Chaos"],"picked":"SKIP","floor":8},{"not_picked":["Steam Power","Consume"],"picked":"Leap","floor":10},{"not_picked":["Hologram","Streamline"],"picked":"Reboot","floor":11},{"not_picked":["Loop","Barrage"],"picked":"Turbo","floor":12},{"not_picked":["Core Surge","Thunder Strike"],"picked":"Buffer","floor":16},{"not_picked":["Redo+1","Undo"],"picked":"Capacitor","floor":18},{"not_picked":["Beam Cell","Steam"],"picked":"FTL","floor":20},{"not_picked":["Beam Cell","Coolheaded","Leap"],"picked":"SKIP","floor":21},{"not_picked":["Cold Snap","Compile Driver"],"picked":"Hologram","floor":23},{"not_picked":["Streamline","Barrage"],"picked":"Defragment","floor":25},{"not_picked":["Chaos","Melter","Compile Driver"],"picked":"SKIP","floor":30},{"not_picked":["Hello World","Rip and Tear"],"picked":"Skim","floor":31},{"not_picked":["Biased Cognition","Rainbow"],"picked":"All For One","floor":33},{"not_picked":["Hologram","Doom and Gloom"],"picked":"Beam Cell+1","floor":35},{"not_picked":["Redo","Cold Snap","Gash"],"picked":"SKIP","floor":37},{"not_picked":["Beam Cell","Consume","Double Energy"],"picked":"SKIP","floor":39},{"not_picked":["Force Field","Aggregate"],"picked":"Machine Learning","floor":40},{"not_picked":["Chaos","Self Repair+1"],"picked":"Auto Shields+1","floor":44},{"not_picked":["Auto Shields+1","Gash"],"picked":"Consume+1","floor":46},{"not_picked":["Glacier","Chaos"],"picked":"Conserve Battery+1","floor":54}],"player_experience":750690,"relics_obtained":[{"floor":7,"key":"Happy Flower"},{"floor":9,"key":"Oddly Smooth Stone"},{"floor":23,"key":"Smiling Mask"},{"floor":25,"key":"Red Mask"},{"floor":26,"key":"Pear"},{"floor":40,"key":"Art of War"},{"floor":43,"key":"Mercury Hourglass"},{"floor":44,"key":"Meat on the Bone"},{"floor":46,"key":"Sundial"},{"floor":54,"key":"Orichalcum"}],"event_choices":[{"cards_removed":["Strike_B"],"damage_healed":0,"gold_gain":0,"player_choice":"Card Removal","damage_taken":7,"max_hp_gain":0,"max_hp_loss":0,"event_name":"Golden Wing","floor":2,"gold_loss":0},{"damage_healed":0,"gold_gain":0,"player_choice":"Rummage","damage_taken":0,"relics_obtained":["WarpedTongs"],"max_hp_gain":0,"max_hp_loss":0,"event_name":"Accursed Blacksmith","floor":4,"gold_loss":0,"cards_obtained":["Pain"]},{"damage_healed":0,"gold_gain":0,"player_choice":"Fought Bandits","damage_taken":0,"max_hp_gain":0,"max_hp_loss":0,"event_name":"Masked Bandits","floor":25,"gold_loss":0},{"damage_healed":0,"gold_gain":99,"player_choice":"Stole From Cult","damage_taken":0,"max_hp_gain":0,"max_hp_loss":0,"event_name":"Nest","floor":29,"gold_loss":0},{"damage_healed":20,"gold_gain":0,"player_choice":"Writhe","damage_taken":0,"max_hp_gain":0,"max_hp_loss":0,"event_name":"Winding Halls","floor":42,"gold_loss":0,"cards_obtained":["Writhe"]},{"damage_healed":0,"gold_gain":0,"player_choice":"1 cards matched","damage_taken":0,"max_hp_gain":0,"max_hp_loss":0,"event_name":"Match and Keep!","floor":48,"gold_loss":0,"cards_obtained":["Machine Learning"]}],"is_beta":true,"boss_relics":[{"not_picked":["Black Star","Orrery"],"picked":"FrozenCore"},{"not_picked":["Runic Dome","Empty Cage"],"picked":"Velvet Choker"}],"items_purged_floors":[14,36,38,45,53],"is_endless":false,"potions_floor_spawned":[5,7,11,18,21,23,35,37,40,44,54],"killed_by":"The Heart","ascension_level":14}