{"gold_per_floor":[367,379,49,61,61,91,16,16,41,74,93,112,128,160,160,234,234,247,261,186,86,98,98,130,130],"floor_reached":25,"playtime":2138,"items_purged":["Regret","Defend_R"],"score":425,"play_id":"21fc2adc-dc55-4b6d-848b-f452ce91eeb1","local_time":"20190307202822","is_ascension_mode":true,"campfire_choices":[{"floor":8,"key":"REST"},{"floor":15,"key":"REST"},{"floor":23,"key":"REST"}],"neow_cost":"TEN_PERCENT_HP_LOSS","seed_source_timestamp":17227062894762,"circlet_count":0,"master_deck":["AscendersBane","Strike_R+1","Strike_R","Strike_R","Strike_R","Defend_R","Defend_R","Defend_R","Bash+1","Uppercut","Carnage","Thinking Ahead","True Grit","Whirlwind","Bludgeon","Shrug It Off","Double Tap","Shockwave","Battle Trance","Intimidate","Battle Trance"],"relics":["Burning Blood","Regal Pillow","Pen Nib","Omamori","Juzu Bracelet","Whetstone","Orichalcum","Orrery","Art of War"],"potions_floor_usage":[14,22],"damage_taken":[{"damage":9,"enemies":"Jaw Worm","floor":1,"turns":4},{"damage":9,"enemies":"Small Slimes","floor":2,"turns":4},{"damage":0,"enemies":"2 Louse","floor":4,"turns":2},{"damage":49,"enemies":"3 Sentries","floor":6,"turns":12},{"damage":12,"enemies":"Gremlin Nob","floor":10,"turns":3},{"damage":21,"enemies":"Exordium Thugs","floor":11,"turns":6},{"damage":8,"enemies":"Looter","floor":12,"turns":2},{"damage":8,"enemies":"Blue Slaver","floor":13,"turns":3},{"damage":32,"enemies":"Lagavulin","floor":14,"turns":4},{"damage":29,"enemies":"Slime Boss","floor":16,"turns":9},{"damage":18,"enemies":"Shell Parasite","floor":18,"turns":6},{"damage":25,"enemies":"2 Thieves","floor":19,"turns":4},{"damage":36,"enemies":"Centurion and Healer","floor":22,"turns":8},{"damage":44,"enemies":"Gremlin Leader","floor":24,"turns":6},{"damage":14,"enemies":"3 Cultists","floor":25,"turns":4}],"seed_played":"1911864940177136773","potions_obtained":[{"floor":4,"key":"FairyPotion"},{"floor":10,"key":"Strength Potion"},{"floor":19,"key":"Regen Potion"}],"is_trial":false,"path_per_floor":["M","M","$","M","?","E","$","R","T","E","M","M","M","E","R","B",null,"M","M","?","$","M","R","E","M"],"character_chosen":"IRONCLAD","items_purchased":["Thinking Ahead","Regal Pillow"],"campfire_rested":3,"item_purchase_floors":[3,3],"current_hp_per_floor":[65,62,62,68,68,25,25,60,60,54,39,37,35,9,44,21,56,44,25,25,25,10,45,7,0],"gold":130,"neow_bonus":"TWO_FIFTY_GOLD","is_prod":false,"is_daily":false,"chose_seed":false,"campfire_upgraded":0,"win_rate":0,"timestamp":1552012102,"path_taken":["M","M","$","M","?","E","$","R","T","E","M","M","M","E","R","BOSS","M","M","?","$","M","R","E","M"],"build_version":"2019-01-23","purchased_purges":2,"victory":false,"max_hp_per_floor":[68,68,68,68,68,68,68,68,68,68,68,68,68,68,68,68,68,68,68,68,68,68,68,68,68],"card_choices":[{"not_picked":["Havoc","Infernal Blade"],"picked":"Uppercut","floor":1},{"not_picked":["Sever Soul","Headbutt"],"picked":"Carnage","floor":2},{"not_picked":["Armaments","Disarm"],"picked":"True Grit","floor":4},{"not_picked":["Evolve","Ghostly Armor"],"picked":"Whirlwind","floor":6},{"not_picked":["Body Slam","Iron Wave","Flex"],"picked":"SKIP","floor":10},{"not_picked":["Power Through","Feel No Pain"],"picked":"Bludgeon","floor":11},{"not_picked":["Dual Wield","Sword Boomerang","Clash"],"picked":"SKIP","floor":12},{"not_picked":["Heavy Blade","Sever Soul"],"picked":"Shrug It Off","floor":13},{"not_picked":["True Grit","Evolve","Blood for Blood"],"picked":"SKIP","floor":14},{"not_picked":["Exhume","Limit Break"],"picked":"Double Tap","floor":16},{"not_picked":["Cleave","Reckless Charge"],"picked":"Shockwave","floor":17},{"not_picked":["True Grit","Pummel"],"picked":"Battle Trance","floor":17},{"not_picked":["Clash","Carnage"],"picked":"Intimidate","floor":17},{"not_picked":["Wild Strike+1","Rampage+1","Cleave"],"picked":"SKIP","floor":18},{"not_picked":["Dropkick","Perfected Strike"],"picked":"Battle Trance","floor":19},{"not_picked":["True Grit","Body Slam","Disarm+1"],"picked":"SKIP","floor":22},{"not_picked":["Clothesline","Rage","Anger"],"picked":"SKIP","floor":24}],"player_experience":272259,"relics_obtained":[{"floor":6,"key":"Omamori"},{"floor":9,"key":"Juzu Bracelet"},{"floor":10,"key":"Whetstone"},{"floor":14,"key":"Orichalcum"},{"floor":24,"key":"Art of War"}],"event_choices":[{"damage_healed":0,"gold_gain":0,"player_choice":"Box","damage_taken":0,"relics_obtained":["Pen Nib"],"max_hp_gain":0,"max_hp_loss":0,"event_name":"Big Fish","floor":5,"gold_loss":0,"cards_obtained":["Regret"]},{"cards_removed":["Strike_R"],"damage_healed":0,"gold_gain":0,"player_choice":"Gave Gold","damage_taken":0,"max_hp_gain":0,"max_hp_loss":0,"event_name":"Beggar","floor":20,"gold_loss":75}],"is_beta":false,"boss_relics":[{"not_picked":["Coffee Dripper","Runic Dome"],"picked":"Orrery"}],"items_purged_floors":[7,21],"is_endless":false,"potions_floor_spawned":[4,10,11,12,13,19],"killed_by":"3 Cultists","ascension_level":15}