{"path_per_floor":["M","?","M","$","?","E","R","?","T","$","R","T","E","?","R","B",null,"M","?","$","?","?","E","?","E","T","M","$","?","R","M","R"],"character_chosen":"IRONCLAD","items_purchased":["Frozen Egg 2","Anger","Mercury Hourglass","Flex"],"gold_per_floor":[112,287,306,40,40,69,69,69,115,40,40,40,72,129,129,230,230,242,242,2,2,2,29,29,56,79,89,40,40,40,52,52,52],"floor_reached":33,"campfire_rested":0,"playtime":2057,"item_purchase_floors":[4,4,20,28],"current_hp_per_floor":[88,88,88,88,88,71,71,71,71,71,71,71,73,70,70,65,88,62,62,62,62,62,49,49,32,32,33,33,33,33,30,30,0],"items_purged":["Doubt"],"gold":52,"score":299,"play_id":"77b5c89c-3d60-4d3d-967b-eceacce8365c","local_time":"20180608094846","is_prod":false,"is_daily":false,"chose_seed":false,"is_ascension_mode":true,"campfire_upgraded":5,"win_rate":0,"timestamp":1528476526,"campfire_choices":[{"data":"Infernal Blade","floor":7,"key":"SMITH"},{"data":"Anger","floor":11,"key":"SMITH"},{"data":"Pommel Strike","floor":15,"key":"SMITH"},{"data":"Flex","floor":30,"key":"SMITH"},{"data":"Offering","floor":32,"key":"SMITH"}],"path_taken":["M","?","?","$","?","E","R","?","T","$","R","?","E","?","R","BOSS","M","?","$","?","?","E","?","E","T","M","?","?","R","M","R","BOSS"],"build_version":"2018-06-07","seed_source_timestamp":460321032416856,"purchased_purges":1,"victory":false,"master_deck":["Strike_R","Strike_R","Strike_R","Strike_R","Strike_R","Defend_R+1","Defend_R","Defend_R+1","Bash","Intimidate","Infernal Blade+1","Anger+1","Combust+1","Pommel Strike+1","Cleave","Offering+1","Offering+1","Purity","Feed","Clash","Ghostly Armor+1","Flex+1","Inflame+1","Clothesline"],"max_hp_per_floor":[88,88,88,88,88,88,88,88,88,88,88,88,88,88,88,88,88,88,88,88,88,88,88,88,91,91,94,94,94,94,94,94,94],"relics":["Burning Blood","Frozen Egg 2","Dream Catcher","Ancient Tea Set","Juzu Bracelet","Anchor","Bottled Lightning","War Paint","Busted Crown","Mercury Hourglass","Regal Pillow","Pen Nib","Bronze Scales"],"card_choices":[{"not_picked":["Shockwave","Headbutt"],"picked":"Intimidate","floor":1},{"not_picked":["Clash","Thunderclap"],"picked":"Infernal Blade","floor":3},{"not_picked":["Cleave","Impervious"],"picked":"Combust+1","floor":6},{"not_picked":["Heavy Blade","Clothesline"],"picked":"Pommel Strike","floor":13},{"not_picked":["Pummel","Shrug It Off"],"picked":"Cleave","floor":14},{"not_picked":["Double Tap","Brutality+1"],"picked":"Offering","floor":16},{"not_picked":["Havoc"],"picked":"SKIP","floor":18},{"not_picked":[],"picked":"Offering","floor":23},{"not_picked":[],"picked":"Clash","floor":25},{"not_picked":[],"picked":"Ghostly Armor+1","floor":27},{"not_picked":[],"picked":"Clothesline","floor":31}],"player_experience":47210,"potions_floor_usage":[13,13,14,14,16,16,16,23,33],"damage_taken":[{"damage":1,"enemies":"Jaw Worm","floor":1,"turns":6},{"damage":2,"enemies":"Small Slimes","floor":3,"turns":4},{"damage":23,"enemies":"Gremlin Nob","floor":6,"turns":4},{"damage":4,"enemies":"3 Sentries","floor":13,"turns":3},{"damage":9,"enemies":"3 Sentries","floor":14,"turns":4},{"damage":11,"enemies":"Slime Boss","floor":16,"turns":6},{"damage":32,"enemies":"3 Byrds","floor":18,"turns":3},{"damage":19,"enemies":"Gremlin Leader","floor":23,"turns":3},{"damage":26,"enemies":"Slavers","floor":25,"turns":2},{"damage":8,"enemies":"2 Thieves","floor":27,"turns":2},{"damage":9,"enemies":"Sentry and Sphere","floor":31,"turns":3},{"damage":35,"enemies":"Champ","floor":33,"turns":5}],"relics_obtained":[{"floor":6,"key":"Ancient Tea Set"},{"floor":9,"key":"Juzu Bracelet"},{"floor":12,"key":"Anchor"},{"floor":13,"key":"Bottled Lightning"},{"floor":14,"key":"War Paint"},{"floor":23,"key":"Regal Pillow"},{"floor":25,"key":"Pen Nib"},{"floor":26,"key":"Bronze Scales"}],"event_choices":[{"event_name":"Liars Game","player_choice":"agreed","floor":2,"damage_taken":0},{"event_name":"Wheel of Change","player_choice":"Relic","floor":5,"damage_taken":0},{"event_name":"The Lab","player_choice":"Got Potions","floor":8,"damage_taken":0},{"event_name":"Dead Adventurer","player_choice":"Searched \u00272\u0027 times","floor":14,"damage_taken":0},{"event_name":"Ghosts","player_choice":"Ignored","floor":19,"damage_taken":0},{"event_name":"Purifier","player_choice":"One Purge","floor":21,"damage_taken":0},{"event_name":"Accursed Blacksmith","player_choice":"Forge","floor":22,"damage_taken":0},{"event_name":"Match and Keep!","player_choice":"2 cards matched","floor":24,"damage_taken":0},{"event_name":"The Library","player_choice":"Read","floor":29,"damage_taken":0}],"boss_relics":[{"not_picked":["Orrery","Philosopher\u0027s Stone"],"picked":"Busted Crown"}],"items_purged_floors":[10],"potions_floor_spawned":[1,3,14,18,31],"seed_played":"-924582196317502785","killed_by":"Champ","ascension_level":1,"potions_obtained":[{"floor":1,"key":"EntropicBrew"},{"floor":3,"key":"Energy Potion"},{"floor":8,"key":"PowerPotion"},{"floor":14,"key":"PowerPotion"},{"floor":18,"key":"Strength Potion"},{"floor":31,"key":"Weak Potion"}],"is_trial":false}