{"gold_per_floor":[110,110,110,35,35,76,26,26,26,57,57,97,121,135,135,256,256,270,195,220,238,65,106,119,219,219,219,94,134,152,183,183,307,307,326,341,341,414,429,499,534,579,591,627,278,312,222,222,222,222,222,222,45,79,79],"floor_reached":56,"playtime":4167,"items_purged":["Strike_G","Strike_G","Strike_G","Defend_G","Defend_G","Defend_G"],"score":1682,"play_id":"d00ad173-25ba-4b6d-9781-606d82be25ee","local_time":"20190204034408","is_ascension_mode":true,"campfire_choices":[{"data":"Bane","floor":11.0,"key":"SMITH"},{"data":"Neutralize","floor":15.0,"key":"SMITH"},{"data":"Blur","floor":27.0,"key":"SMITH"},{"floor":32.0,"key":"RECALL"},{"data":"Calculated Gamble","floor":49,"key":"SMITH"},{"data":"Prepared","floor":52,"key":"SMITH"}],"neow_cost":"NONE","seed_source_timestamp":0,"circlet_count":0,"master_deck":["Defend_G","Defend_G+1","Survivor","Neutralize+1","Deadly Poison+1","Blur+1","Bane+1","Noxious Fumes","Acrobatics","Prepared+1","Corpse Explosion","PiercingWail+1","Deadly Poison","PiercingWail+1","Backflip+1","Calculated Gamble+1","Blur","Dodge and Roll","Well Laid Plans+1","Backflip","PiercingWail+1","Burst+1","Burst+1","PiercingWail+1","Prepared+1","Crippling Poison+1","Outmaneuver+1","Catalyst+1","Escape Plan+1","Well Laid Plans+1","Panacea+1","Escape Plan+1"],"special_seed":0,"relics":["Ring of the Snake","StoneCalendar","Golden Idol","Boot","Matryoshka","Snake Skull","Prayer Wheel","Ancient Tea Set","Ginger","Black Star","Bronze Scales","Molten Egg 2","Orichalcum","Centennial Puzzle","Tough Bandages","Toxic Egg 2","Smiling Mask","Sozu","Mummified Hand","MawBank","Tiny Chest","PreservedInsect","Frozen Egg 2","Regal Pillow","Incense Burner","Strawberry","Unceasing Top","Lantern","Gambling Chip"],"potions_floor_usage":[],"damage_taken":[{"damage":0.0,"enemies":"Small Slimes","floor":1.0,"turns":4.0},{"damage":10.0,"enemies":"Lagavulin","floor":6.0,"turns":7.0},{"damage":7.0,"enemies":"Gremlin Nob","floor":10.0,"turns":5.0},{"damage":0.0,"enemies":"Lagavulin","floor":12.0,"turns":6.0},{"damage":0.0,"enemies":"2 Louse","floor":13.0,"turns":2.0},{"damage":1.0,"enemies":"Jaw Worm","floor":14.0,"turns":5.0},{"damage":10.0,"enemies":"The Guardian","floor":16.0,"turns":8.0},{"damage":0.0,"enemies":"Shell Parasite","floor":18.0,"turns":6.0},{"damage":13.0,"enemies":"Spheric Guardian","floor":20.0,"turns":4.0},{"damage":8.0,"enemies":"Centurion and Healer","floor":21.0,"turns":7.0},{"damage":8.0,"enemies":"Book of Stabbing","floor":23.0,"turns":7.0},{"damage":0.0,"enemies":"Snake Plant","floor":24.0,"turns":4.0},{"damage":0.0,"enemies":"Gremlin Leader","floor":29.0,"turns":7.0},{"damage":0.0,"enemies":"Shelled Parasite and Fungi","floor":30.0,"turns":5.0},{"damage":6.0,"enemies":"Slavers","floor":31.0,"turns":6.0},{"damage":0.0,"enemies":"Collector","floor":33.0,"turns":7.0},{"damage":0.0,"enemies":"3 Darklings","floor":35.0,"turns":4.0},{"damage":0.0,"enemies":"Orb Walker","floor":36.0,"turns":5.0},{"damage":0.0,"enemies":"3 Darklings","floor":39.0,"turns":4.0},{"damage":0.0,"enemies":"Nemesis","floor":40.0,"turns":7.0},{"damage":13.0,"enemies":"4 Shapes","floor":41.0,"turns":3.0},{"damage":4.0,"enemies":"Giant Head","floor":42.0,"turns":8.0},{"damage":0.0,"enemies":"Sphere and 2 Shapes","floor":44.0,"turns":4.0},{"damage":2.0,"enemies":"Reptomancer","floor":46.0,"turns":4.0},{"damage":0,"enemies":"Time Eater","floor":50,"turns":11},{"damage":0,"enemies":"Shield and Spear","floor":54,"turns":3},{"damage":13,"enemies":"The Heart","floor":55,"turns":7}],"seed_played":"-4877293046840825662","potions_obtained":[{"floor":6.0,"key":"GhostInAJar"},{"floor":10.0,"key":"Dexterity Potion"},{"floor":14.0,"key":"AttackPotion"},{"floor":16.0,"key":"Fire Potion"},{"floor":20.0,"key":"Dexterity Potion"},{"floor":24.0,"key":"GamblersBrew"},{"floor":33.0,"key":"Weak Potion"}],"is_trial":false,"path_per_floor":["M","?","?","$","?","E","?","T","T","E","R","E","M","M","R","B",null,"M","?","M","M","$","E","M","?","T","R","$","E","M","E","R","B",null,"M","M","?","T","M","E","M","E","T","M","$","E","$","?","R","B",null,"R","$","E","B",null],"character_chosen":"THE_SILENT","items_purchased":["Blur","Incense Burner","Escape Plan+1","Well Laid Plans+1","Panacea+1"],"campfire_rested":0,"item_purchase_floors":[22,45,47,53,53],"current_hp_per_floor":[77,74,55,55,40,30,30,30,30,23,23,23,23,22,22,12,77,77,77,64,56,56,48,48,48,48,48,48,48,48,42,42,42,77,77,77,77,77,77,77,64,60,60,60,60,65,65,65,65,65,84,84,84,84,71],"gold":79,"neow_bonus":"TEN_PERCENT_HP_BONUS","is_prod":false,"is_daily":false,"chose_seed":false,"campfire_upgraded":5,"win_rate":0,"timestamp":1549241048,"path_taken":["M","?","?","$","?","E","?","?","T","E","R","E","M","M","R","BOSS","M","?","M","M","$","E","M","?","T","R","$","E","?","E","R","BOSS","M","M","?","?","M","E","?","E","T","M","$","E","$","?","R","BOSS","R","$","E","BOSS"],"build_version":"2019-01-23","purchased_purges":6,"victory":true,"max_hp_per_floor":[77,77,77,77,77,77,77,77,77,77,77,77,77,77,77,77,77,77,77,77,77,77,77,77,77,77,77,77,77,77,77,77,77,77,77,77,77,77,77,77,77,77,77,77,77,84,84,84,84,84,84,84,84,84,84],"card_choices":[{"not_picked":["PiercingWail","Sucker Punch"],"picked":"Deadly Poison","floor":1.0},{"not_picked":["Masterful Stab","Backstab"],"picked":"Blur","floor":6.0},{"not_picked":["Sucker Punch","Heel Hook"],"picked":"Bane","floor":10.0},{"not_picked":["Deflect","Choke","Cloak And Dagger"],"picked":"SKIP","floor":12.0},{"not_picked":["Slice","Prepared"],"picked":"Noxious Fumes","floor":13.0},{"not_picked":["Die Die Die","Underhanded Strike","Cloak And Dagger"],"picked":"SKIP","floor":13.0},{"not_picked":["Deflect","Eviscerate"],"picked":"Acrobatics","floor":14.0},{"not_picked":["Grand Finale","Blade Dance"],"picked":"Prepared","floor":14.0},{"not_picked":["Wraith Form v2","Night Terror"],"picked":"Corpse Explosion","floor":16.0},{"not_picked":["Caltrops","Slice"],"picked":"PiercingWail+1","floor":18.0},{"not_picked":["Calculated Gamble","Tactician"],"picked":"Deadly Poison","floor":18.0},{"not_picked":["Quick Slash","Flying Knee+1"],"picked":"PiercingWail+1","floor":20.0},{"not_picked":["Crippling Poison+1","Choke"],"picked":"Backflip+1","floor":20.0},{"not_picked":["Slice","Deflect"],"picked":"Calculated Gamble","floor":21.0},{"not_picked":["Distraction+1","Underhanded Strike","Masterful Stab"],"picked":"SKIP","floor":21.0},{"not_picked":["Deadly Poison","Cloak And Dagger","A Thousand Cuts"],"picked":"SKIP","floor":23.0},{"not_picked":["Infinite Blades","Underhanded Strike+1"],"picked":"Dodge and Roll","floor":24.0},{"not_picked":["Deadly Poison","Poisoned Stab+1"],"picked":"Well Laid Plans","floor":24.0},{"not_picked":["Deadly Poison","Deflect"],"picked":"Backflip","floor":29.0},{"not_picked":["Blade Dance","Predator+1"],"picked":"PiercingWail+1","floor":30.0},{"not_picked":["Dagger Spray+1","Flying Knee+1","Cloak And Dagger"],"picked":"SKIP","floor":30.0},{"not_picked":["Tactician","Heel Hook+1","Backflip"],"picked":"SKIP","floor":31.0},{"not_picked":["Venomology+1","Envenom"],"picked":"Burst+1","floor":33.0},{"not_picked":["All Out Attack+1","Infinite Blades+1","Flying Knee+1"],"picked":"SKIP","floor":35.0},{"not_picked":["Bouncing Flask+1","Dodge and Roll+1","Cloak And Dagger+1"],"picked":"SKIP","floor":35.0},{"not_picked":["Dodge and Roll+1","Dagger Spray+1"],"picked":"Burst+1","floor":36.0},{"not_picked":["Tactician+1","Eviscerate+1","Dagger Throw+1"],"picked":"SKIP","floor":36.0},{"not_picked":["Backflip+1","Flying Knee+1"],"picked":"PiercingWail+1","floor":39.0},{"not_picked":["Acrobatics+1","Blade Dance+1","Quick Slash+1"],"picked":"SKIP","floor":39.0},{"not_picked":["Blade Dance+1","Dodge and Roll+1","Quick Slash+1"],"picked":"SKIP","floor":40.0},{"not_picked":["Terror+1","Caltrops"],"picked":"Prepared+1","floor":41.0},{"not_picked":["Poisoned Stab+1","Concentrate+1"],"picked":"Crippling Poison+1","floor":41.0},{"not_picked":["PiercingWail+1","Cloak And Dagger+1"],"picked":"Outmaneuver+1","floor":42.0},{"not_picked":["Flechettes+1","Backstab+1"],"picked":"Catalyst+1","floor":44.0},{"not_picked":["Bouncing Flask+1","Flechettes+1","Deflect+1"],"picked":"SKIP","floor":44.0},{"not_picked":["Backstab+1","Backflip+1","Poisoned Stab+1"],"picked":"SKIP","floor":46.0},{"not_picked":["Envenom+1","Quick Slash+1"],"picked":"Escape Plan+1","floor":54}],"player_experience":244061,"relics_obtained":[{"floor":6.0,"key":"Boot"},{"floor":8.0,"key":"Matryoshka"},{"floor":9.0,"key":"Snake Skull"},{"floor":9.0,"key":"Prayer Wheel"},{"floor":10.0,"key":"Ancient Tea Set"},{"floor":12.0,"key":"Ginger"},{"floor":23.0,"key":"Bronze Scales"},{"floor":23.0,"key":"Molten Egg 2"},{"floor":26.0,"key":"Orichalcum"},{"floor":29.0,"key":"Centennial Puzzle"},{"floor":29.0,"key":"Tough Bandages"},{"floor":31.0,"key":"Toxic Egg 2"},{"floor":31.0,"key":"Smiling Mask"},{"floor":38.0,"key":"Mummified Hand"},{"floor":40.0,"key":"MawBank"},{"floor":40.0,"key":"Tiny Chest"},{"floor":42.0,"key":"PreservedInsect"},{"floor":42.0,"key":"Frozen Egg 2"},{"floor":43.0,"key":"Regal Pillow"},{"floor":46.0,"key":"Strawberry"},{"floor":46.0,"key":"Unceasing Top"},{"floor":54,"key":"Lantern"},{"floor":54,"key":"Gambling Chip"}],"event_choices":[{"damage_healed":0.0,"max_hp_gain":0.0,"max_hp_loss":0.0,"gold_gain":0.0,"event_name":"Scrap Ooze","player_choice":"Success","floor":2.0,"gold_loss":0.0,"damage_taken":3.0,"relics_obtained":["StoneCalendar"]},{"damage_healed":0.0,"max_hp_gain":0.0,"max_hp_loss":0.0,"gold_gain":0.0,"event_name":"Golden Idol","player_choice":"Take Damage","floor":3.0,"gold_loss":0.0,"damage_taken":19.0,"relics_obtained":["Golden Idol"]},{"damage_healed":0.0,"max_hp_gain":0.0,"max_hp_loss":0.0,"gold_gain":0.0,"event_name":"Shining Light","player_choice":"Entered Light","floor":5.0,"gold_loss":0.0,"damage_taken":15.0,"cards_upgraded":["Defend_G","Deadly Poison"]},{"cards_removed":["Strike_G"],"damage_healed":0.0,"max_hp_gain":0.0,"max_hp_loss":0.0,"gold_gain":0.0,"event_name":"The Cleric","player_choice":"Card Removal","floor":7.0,"gold_loss":50.0,"damage_taken":0.0},{"cards_removed":["Strike_G"],"damage_healed":0.0,"max_hp_gain":0.0,"max_hp_loss":0.0,"gold_gain":0.0,"event_name":"Beggar","player_choice":"Gave Gold","floor":19.0,"gold_loss":75.0,"damage_taken":0.0},{"damage_healed":0.0,"max_hp_gain":0.0,"max_hp_loss":0.0,"gold_gain":100.0,"event_name":"Golden Shrine","player_choice":"Pray","floor":25.0,"gold_loss":0.0,"damage_taken":0.0},{"damage_healed":0.0,"max_hp_gain":0.0,"max_hp_loss":0.0,"gold_gain":0.0,"event_name":"Tomb of Lord Red Mask","player_choice":"Ignored","floor":37.0,"gold_loss":0.0,"damage_taken":0.0},{"damage_healed":0,"gold_gain":0,"player_choice":"Forge","damage_taken":0,"max_hp_gain":0,"max_hp_loss":0,"event_name":"Accursed Blacksmith","floor":48,"gold_loss":0,"cards_upgraded":["Well Laid Plans"]}],"is_beta":false,"boss_relics":[{"not_picked":["WristBlade","Ring of the Serpent"],"picked":"Black Star"},{"not_picked":["Lizard Tail","Empty Cage"],"picked":"Sozu"}],"items_purged_floors":[4,22,28,45,47,53],"is_endless":false,"potions_floor_spawned":[6,10,14,16,20,24,33,36,39,41,42,44],"ascension_level":2}