{"gold_per_floor":[111,76,76,30,50,85,85,112,137,137,150,166,166,166,166,267,267,287,139,139,139,152,181,181,208,208,227,227,227,227,239,239,342,342,357,114,74,21,39,39,50,83,110,144,144,161,161,10,10,10],"floor_reached":51,"playtime":3528,"items_purged":[],"score":994,"play_id":"f3bd1a79-4c3f-4f87-af1e-ef83e497919c","local_time":"20190304225039","is_ascension_mode":true,"campfire_choices":[{"data":"True Grit","floor":7,"key":"SMITH"},{"data":"Immolate","floor":10,"key":"SMITH"},{"data":"True Grit","floor":13,"key":"SMITH"},{"data":"Strike_R","floor":15,"key":"SMITH"},{"data":"J.A.X.","floor":24,"key":"SMITH"},{"data":"Clothesline","floor":30,"key":"SMITH"},{"data":"Demon Form","floor":32,"key":"SMITH"},{"data":"Shrug It Off","floor":40,"key":"SMITH"},{"floor":45,"key":"REST"},{"data":"Defend_R","floor":47,"key":"SMITH"},{"floor":49,"key":"REST"}],"neow_cost":"PERCENT_DAMAGE","seed_source_timestamp":40348788657316,"circlet_count":0,"master_deck":["Strike_R","Strike_R+1","Strike_R+1","Strike_R+1","Defend_R+1","Defend_R","Defend_R+1","Defend_R","Bash+1","True Grit+1","Shrug It Off+1","Immolate+1","True Grit+1","Battle Trance+1","J.A.X.+1","Clothesline+1","Rage+1","Pommel Strike+1","Demon Form+1","Shrug It Off+1","Battle Trance+1","Intimidate+1"],"relics":["Burning Blood","Whetstone","Lantern","War Paint","Runic Cube","PreservedInsect","Happy Flower","Strawberry","Ice Cream","Anchor","Lizard Tail","Paper Frog","Orichalcum","Regal Pillow","Pen Nib","Bronze Scales"],"potions_floor_usage":[6,16,33,33,33,41,50,50],"damage_taken":[{"damage":8,"enemies":"Jaw Worm","floor":1,"turns":5},{"damage":0,"enemies":"Cultist","floor":5,"turns":4},{"damage":25,"enemies":"Gremlin Nob","floor":6,"turns":5},{"damage":15,"enemies":"3 Sentries","floor":8,"turns":6},{"damage":0,"enemies":"2 Louse","floor":11,"turns":3},{"damage":0,"enemies":"Blue Slaver","floor":12,"turns":3},{"damage":46,"enemies":"Slime Boss","floor":16,"turns":10},{"damage":3,"enemies":"Chosen","floor":18,"turns":4},{"damage":7,"enemies":"2 Thieves","floor":22,"turns":3},{"damage":15,"enemies":"Gremlin Leader","floor":23,"turns":6},{"damage":20,"enemies":"Book of Stabbing","floor":25,"turns":5},{"damage":4,"enemies":"Snecko","floor":27,"turns":4},{"damage":5,"enemies":"Chosen and Byrds","floor":31,"turns":3},{"damage":70,"enemies":"Champ","floor":33,"turns":9},{"damage":0,"enemies":"3 Shapes","floor":35,"turns":2},{"damage":4,"enemies":"Orb Walker","floor":39,"turns":3},{"damage":6,"enemies":"Spire Growth","floor":41,"turns":4},{"damage":23,"enemies":"Nemesis","floor":42,"turns":7},{"damage":22,"enemies":"Reptomancer","floor":44,"turns":7},{"damage":25,"enemies":"Sphere and 2 Shapes","floor":46,"turns":8},{"damage":158,"enemies":"Donu and Deca","floor":50,"turns":10}],"seed_played":"8771395064550522518","potions_obtained":[{"floor":1,"key":"SkillPotion"},{"floor":5,"key":"AttackPotion"},{"floor":16,"key":"Strength Potion"},{"floor":22,"key":"PowerPotion"},{"floor":31,"key":"PowerPotion"},{"floor":35,"key":"Energy Potion"},{"floor":41,"key":"Weak Potion"},{"floor":44,"key":"Weak Potion"}],"is_trial":false,"path_per_floor":["M","?","?","$","M","E","R","E","T","R","M","M","R","?","R","B",null,"M","$","?","?","M","E","R","E","T","M","T","?","R","M","R","B",null,"M","$","?","$","M","R","M","E","T","E","R","M","R","$","R","B",null],"character_chosen":"IRONCLAD","items_purchased":["True Grit","PreservedInsect","Paper Frog","Shrug It Off","Bronze Scales"],"campfire_rested":2,"item_purchase_floors":[4,19,36,38,48],"current_hp_per_floor":[65,89,89,89,95,76,76,67,67,67,73,79,79,79,79,39,82,85,85,85,85,84,75,75,68,68,70,70,70,70,71,71,7,79,85,85,85,85,87,87,87,70,70,54,99,80,80,80,103,12],"gold":10,"neow_bonus":"TWENTY_PERCENT_HP_BONUS","is_prod":false,"is_daily":false,"chose_seed":false,"campfire_upgraded":9,"win_rate":0,"timestamp":1551761439,"path_taken":["M","?","?","$","?","E","R","E","T","R","M","M","R","?","R","BOSS","M","$","?","?","M","E","R","E","T","M","?","?","R","M","R","BOSS","M","$","?","$","M","R","?","E","T","E","R","M","R","$","R","BOSS"],"build_version":"2019-01-23","purchased_purges":0,"victory":true,"max_hp_per_floor":[96,96,96,96,96,96,96,96,96,96,96,96,96,96,96,96,96,96,96,96,96,96,96,96,103,103,103,103,103,103,103,103,103,103,103,103,103,103,103,103,103,103,103,103,103,103,103,103,103,103],"card_choices":[{"not_picked":["Dropkick","Sever Soul","Rage"],"picked":"SKIP","floor":1},{"not_picked":["Intimidate","Pommel Strike"],"picked":"Shrug It Off","floor":5},{"not_picked":["Sword Boomerang","Inflame"],"picked":"Immolate","floor":6},{"not_picked":["Fiend Fire","Warcry"],"picked":"True Grit","floor":8},{"not_picked":["Pommel Strike","Iron Wave","Body Slam"],"picked":"SKIP","floor":11},{"not_picked":["Sword Boomerang","Warcry","Spot Weakness"],"picked":"SKIP","floor":12},{"not_picked":["Rage","Havoc"],"picked":"Battle Trance","floor":18},{"not_picked":["Armaments","Seeing Red"],"picked":"Clothesline","floor":22},{"not_picked":["Bludgeon","Infernal Blade"],"picked":"Rage+1","floor":23},{"not_picked":["True Grit","Cleave+1"],"picked":"Pommel Strike+1","floor":25},{"not_picked":["Flex+1","Sword Boomerang","Anger"],"picked":"SKIP","floor":27},{"not_picked":["True Grit+1","Burning Pact"],"picked":"Demon Form","floor":31},{"not_picked":["Cleave","Armaments+1","Perfected Strike+1"],"picked":"SKIP","floor":35},{"not_picked":["Perfected Strike+1","Clothesline"],"picked":"Battle Trance+1","floor":39},{"not_picked":["Thunderclap+1","Iron Wave+1","Body Slam"],"picked":"SKIP","floor":41},{"not_picked":["Thunderclap+1","Iron Wave+1","Body Slam"],"picked":"SKIP","floor":41},{"not_picked":["Wild Strike","Demon Form"],"picked":"Intimidate+1","floor":42},{"not_picked":["Sword Boomerang+1","Disarm+1","Iron Wave"],"picked":"SKIP","floor":44},{"not_picked":["Anger","Warcry","Clash"],"picked":"SKIP","floor":46}],"player_experience":149031,"relics_obtained":[{"floor":6,"key":"Whetstone"},{"floor":8,"key":"Lantern"},{"floor":9,"key":"War Paint"},{"floor":23,"key":"Happy Flower"},{"floor":25,"key":"Strawberry"},{"floor":26,"key":"Ice Cream"},{"floor":28,"key":"Anchor"},{"floor":42,"key":"Orichalcum"},{"floor":43,"key":"Regal Pillow"},{"floor":44,"key":"Pen Nib"}],"event_choices":[{"damage_healed":24,"gold_gain":0,"player_choice":"Healed","damage_taken":0,"max_hp_gain":0,"max_hp_loss":0,"event_name":"The Cleric","floor":2,"gold_loss":35},{"cards_removed":["Strike_R"],"damage_healed":0,"gold_gain":0,"player_choice":"Purged","damage_taken":0,"max_hp_gain":0,"max_hp_loss":0,"event_name":"Purifier","floor":3,"gold_loss":0},{"damage_healed":0,"gold_gain":0,"player_choice":"Grow","damage_taken":0,"max_hp_gain":0,"max_hp_loss":0,"event_name":"Living Wall","floor":14,"gold_loss":0,"cards_upgraded":["Bash"]},{"damage_healed":0,"gold_gain":0,"player_choice":"Ignored","damage_taken":0,"max_hp_gain":0,"max_hp_loss":0,"event_name":"Ghosts","floor":20,"gold_loss":0},{"damage_healed":0,"gold_gain":0,"player_choice":"Obtain J.A.X.","damage_taken":0,"max_hp_gain":0,"max_hp_loss":0,"event_name":"Drug Dealer","floor":21,"gold_loss":0,"cards_obtained":["J.A.X."]},{"damage_healed":0,"gold_gain":0,"player_choice":"Ignored","damage_taken":0,"max_hp_gain":0,"max_hp_loss":0,"event_name":"Vampires","floor":29,"gold_loss":0},{"damage_healed":0,"gold_gain":0,"player_choice":"Upgrade","damage_taken":0,"max_hp_gain":0,"max_hp_loss":0,"event_name":"Designer","floor":37,"gold_loss":40,"cards_upgraded":["Battle Trance"]}],"is_beta":false,"boss_relics":[{"not_picked":["Eternal Feather","Calling Bell"],"picked":"Runic Cube"},{"not_picked":["Coffee Dripper","White Beast Statue"],"picked":"Lizard Tail"}],"items_purged_floors":[],"is_endless":false,"potions_floor_spawned":[1,5,16,22,31,35,41,44],"ascension_level":7}