{"gold_per_floor":[109,184,131,145,47,47,61,78,78,97,97,116,136,158,158,255,255,270,270,270],"floor_reached":20,"playtime":948,"items_purged":["Defend_R"],"score":166,"play_id":"37cfbc91-81a8-49bf-93a7-7c4b4ba74001","local_time":"20190105230030","is_ascension_mode":false,"campfire_choices":[{"data":"Armaments","floor":6,"key":"SMITH"},{"data":"Juggernaut","floor":11,"key":"SMITH"},{"data":"Body Slam","floor":15,"key":"SMITH"}],"neow_cost":"NONE","seed_source_timestamp":1761918052220323,"circlet_count":0,"master_deck":["Strike_R","Strike_R","Strike_R","Strike_R","Strike_R","Defend_R","Defend_R","Defend_R","Bash","Juggernaut+1","Flame Barrier","Iron Wave","Shrug It Off","Armaments+1","Body Slam+1","Impervious","Armaments","Demon Form","Shrug It Off","Body Slam"],"relics":["Burning Blood","Meat on the Bone","Odd Mushroom","Sozu"],"potions_floor_usage":[16,16],"damage_taken":[{"damage":3,"enemies":"Small Slimes","floor":1,"turns":4},{"damage":0,"enemies":"2 Louse","floor":4,"turns":3},{"damage":2,"enemies":"Jaw Worm","floor":7,"turns":4},{"damage":5,"enemies":"Looter","floor":8,"turns":4},{"damage":6,"enemies":"Large Slime","floor":10,"turns":7},{"damage":10,"enemies":"Lots of Slimes","floor":12,"turns":5},{"damage":5,"enemies":"Looter","floor":13,"turns":4},{"damage":4,"enemies":"The Mushroom Lair","floor":14,"turns":4},{"damage":28,"enemies":"The Guardian","floor":16,"turns":11},{"damage":17,"enemies":"Spheric Guardian","floor":18,"turns":4},{"damage":12,"enemies":"Colosseum Slavers","floor":20,"turns":4},{"damage":83,"enemies":"Colosseum Nobs","floor":20,"turns":5}],"seed_played":"-3587919671626885846","potions_obtained":[{"floor":1,"key":"Weak Potion"},{"floor":4,"key":"Dexterity Potion"},{"floor":8,"key":"FearPotion"}],"is_trial":false,"path_per_floor":["M","?","$","M","$","R","M","M","T","M","R","M","M","?","R","B",null,"M","?","?"],"character_chosen":"IRONCLAD","items_purchased":["Iron Wave","Armaments"],"campfire_rested":0,"item_purchase_floors":[3,5],"current_hp_per_floor":[80,69,69,75,75,75,79,80,80,80,80,76,77,79,79,57,80,69,69,0],"gold":270,"neow_bonus":"ONE_RANDOM_RARE_CARD","is_prod":false,"is_daily":false,"chose_seed":false,"campfire_upgraded":3,"win_rate":0.0,"timestamp":1546747230,"path_taken":["M","?","$","M","$","R","M","M","T","M","R","M","M","?","R","BOSS","M","?","?"],"build_version":"2019-01-03v4","purchased_purges":1,"victory":false,"max_hp_per_floor":[80,80,80,80,80,80,80,80,80,80,80,80,80,80,80,80,80,80,80,80],"card_choices":[{"not_picked":["Cleave","Heavy Blade"],"picked":"Flame Barrier","floor":1},{"not_picked":["Pommel Strike","Perfected Strike"],"picked":"Shrug It Off","floor":4},{"not_picked":["Clash","Feed","Heavy Blade"],"picked":"SKIP","floor":7},{"not_picked":["Warcry","Power Through","Heavy Blade"],"picked":"SKIP","floor":8},{"not_picked":["Headbutt","Heavy Blade","Pommel Strike"],"picked":"SKIP","floor":10},{"not_picked":["Armaments","Thunderclap"],"picked":"Body Slam","floor":12},{"not_picked":["Flame Barrier","Hemokinesis"],"picked":"Impervious","floor":13},{"not_picked":["Dual Wield","Rupture"],"picked":"Armaments","floor":14},{"not_picked":["Brutality","Bludgeon"],"picked":"Demon Form","floor":16},{"not_picked":["Warcry","Sword Boomerang"],"picked":"Shrug It Off","floor":18}],"player_experience":16564,"relics_obtained":[{"floor":9,"key":"Meat on the Bone"},{"floor":14,"key":"Odd Mushroom"}],"event_choices":[{"damage_healed":0,"gold_gain":75,"player_choice":"Gather Gold","damage_taken":11,"max_hp_gain":0,"max_hp_loss":0,"event_name":"World of Goop","floor":2,"gold_loss":0},{"damage_healed":0,"gold_gain":0,"player_choice":"Fought Mushrooms","damage_taken":0,"max_hp_gain":0,"max_hp_loss":0,"event_name":"Mushrooms","floor":14,"gold_loss":0},{"damage_healed":0,"gold_gain":0,"player_choice":"Read","damage_taken":0,"max_hp_gain":0,"max_hp_loss":0,"event_name":"The Library","floor":19,"gold_loss":0,"cards_obtained":["Body Slam"]},{"damage_healed":0,"gold_gain":0,"player_choice":"Fight","damage_taken":0,"max_hp_gain":0,"max_hp_loss":0,"event_name":"Colosseum","floor":20,"gold_loss":0},{"damage_healed":0,"gold_gain":0,"player_choice":"Fought Nobs","damage_taken":0,"max_hp_gain":0,"max_hp_loss":0,"event_name":"Colosseum","floor":20,"gold_loss":0}],"is_beta":false,"boss_relics":[{"not_picked":["White Beast Statue","Snecko Eye"],"picked":"Sozu"}],"items_purged_floors":[5],"is_endless":false,"potions_floor_spawned":[1,4,8,13,20],"killed_by":"Colosseum Nobs","ascension_level":0}