{"gold_per_floor":[111,111,286,286,304,332,350,350,350,375,389,389,402,402,402,503,503,484,229,229,229,229],"floor_reached":22,"playtime":1051,"items_purged":["Doubt"],"score":255,"play_id":"a2001a41-27d2-4edf-9ef3-e499449040cd","local_time":"20181112171242","is_ascension_mode":true,"campfire_choices":[{"data":"Inflame","floor":8,"key":"SMITH"},{"data":"Shrug It Off","floor":12,"key":"SMITH"},{"data":"Bash","floor":15,"key":"SMITH"}],"neow_cost":"NONE","seed_source_timestamp":716442820407458,"circlet_count":0,"master_deck":["Strike_R","Strike_R","Strike_R","Defend_R","Defend_R","Defend_R","Defend_R","Bash+1","Seeing Red","Body Slam","Clothesline","Inflame+1","Spot Weakness","Shrug It Off+1","Limit Break+1","Twin Strike","Mayhem+1"],"relics":["Black Blood","Matryoshka","Frozen Egg 2","Boot","Odd Mushroom","Blue Candle","Pantograph"],"potions_floor_usage":[6,10],"damage_taken":[{"damage":14,"enemies":"Small Slimes","floor":1,"turns":4},{"damage":23,"enemies":"Jaw Worm","floor":5,"turns":7},{"damage":26,"enemies":"Gremlin Nob","floor":6,"turns":5},{"damage":4,"enemies":"2 Louse","floor":7,"turns":3},{"damage":37,"enemies":"The Mushroom Lair","floor":10,"turns":5},{"damage":2,"enemies":"2 Fungi Beasts","floor":11,"turns":5},{"damage":11,"enemies":"Exordium Thugs","floor":13,"turns":5},{"damage":33,"enemies":"The Guardian","floor":16,"turns":13},{"damage":29,"enemies":"2 Thieves","floor":18,"turns":4},{"damage":37,"enemies":"Colosseum Slavers","floor":20,"turns":5},{"damage":30,"enemies":"Spheric Guardian","floor":22,"turns":4}],"seed_played":"-8041659994068348739","potions_obtained":[{"floor":1,"key":"AttackPotion"},{"floor":5,"key":"Regen Potion"},{"floor":11,"key":"Strength Potion"},{"floor":18,"key":"LiquidBronze"}],"is_trial":false,"path_per_floor":["M","?","?","?","M","E","M","R","T","?","M","R","M","T","R","B",null,"M","$","?","?","M"],"character_chosen":"IRONCLAD","items_purchased":["Mayhem+1"],"campfire_rested":0,"item_purchase_floors":[19],"current_hp_per_floor":[64,57,57,80,63,43,45,45,45,28,32,32,27,27,27,25,66,47,47,20,20,0],"gold":229,"neow_bonus":"TRANSFORM_CARD","is_prod":false,"is_daily":false,"chose_seed":false,"campfire_upgraded":3,"win_rate":0,"timestamp":1542060762,"path_taken":["M","?","?","?","M","E","M","R","T","?","?","R","M","?","R","BOSS","M","$","?","?","M"],"build_version":"2018-11-08","purchased_purges":1,"victory":false,"max_hp_per_floor":[80,80,80,80,80,80,80,80,80,80,80,80,80,80,80,80,80,80,80,80,80,80],"card_choices":[{"not_picked":["Carnage","Clash"],"picked":"Body Slam","floor":1},{"not_picked":["Armaments","Havoc"],"picked":"Clothesline","floor":5},{"not_picked":["Twin Strike","Brutality"],"picked":"Inflame","floor":6},{"not_picked":["Carnage","Sever Soul"],"picked":"Spot Weakness","floor":7},{"not_picked":["Cleave","Reckless Charge"],"picked":"Shrug It Off","floor":10},{"not_picked":["Uppercut","Intimidate","Carnage"],"picked":"SKIP","floor":11},{"not_picked":["Thunderclap","Warcry","Seeing Red"],"picked":"SKIP","floor":13},{"not_picked":["Bludgeon","Double Tap"],"picked":"Limit Break","floor":16},{"not_picked":["Perfected Strike","Shrug It Off"],"picked":"Twin Strike","floor":18}],"player_experience":352857,"relics_obtained":[{"floor":6,"key":"Matryoshka"},{"floor":9,"key":"Frozen Egg 2"},{"floor":9,"key":"Boot"},{"floor":10,"key":"Odd Mushroom"},{"floor":14,"key":"Blue Candle"},{"floor":14,"key":"Pantograph"}],"event_choices":[{"cards_removed":["Strike_R"],"damage_healed":0,"gold_gain":0,"player_choice":"Card Removal","damage_taken":7,"max_hp_gain":0,"max_hp_loss":0,"event_name":"Golden Wing","floor":2,"gold_loss":0},{"damage_healed":0,"gold_gain":175,"player_choice":"AGREE","damage_taken":0,"max_hp_gain":0,"max_hp_loss":0,"event_name":"Liars Game","floor":3,"gold_loss":0,"cards_obtained":["Doubt"]},{"damage_healed":26,"gold_gain":0,"player_choice":"Banana","damage_taken":0,"max_hp_gain":0,"max_hp_loss":0,"event_name":"Big Fish","floor":4,"gold_loss":0},{"damage_healed":0,"gold_gain":0,"player_choice":"Fought Mushrooms","damage_taken":0,"max_hp_gain":0,"max_hp_loss":0,"event_name":"Mushrooms","floor":10,"gold_loss":0},{"damage_healed":0,"gold_gain":0,"player_choice":"Fight","damage_taken":0,"max_hp_gain":0,"max_hp_loss":0,"event_name":"Colosseum","floor":20,"gold_loss":0},{"damage_healed":0,"gold_gain":0,"player_choice":"Fled From Nobs","damage_taken":0,"max_hp_gain":0,"max_hp_loss":0,"event_name":"Colosseum","floor":20,"gold_loss":0},{"damage_healed":0,"gold_gain":0,"player_choice":"Forge","damage_taken":0,"max_hp_gain":0,"max_hp_loss":0,"event_name":"Accursed Blacksmith","floor":21,"gold_loss":0,"cards_upgraded":["Limit Break"]}],"is_beta":true,"boss_relics":[{"not_picked":["Black Star","Calling Bell"],"picked":"Black Blood"}],"items_purged_floors":[19],"is_endless":false,"potions_floor_spawned":[1,5,11,18],"killed_by":"Spheric Guardian","ascension_level":8}