{"gold_per_floor":[109,109,121,141,157,185,185,197,197,208,220,233,233,243,243,243],"floor_reached":16,"playtime":1054,"items_purged":[],"score":108,"play_id":"b9a1b925-2eab-4e9b-ab10-0518c20a5fa7","local_time":"20190303045540","is_ascension_mode":false,"campfire_choices":[{"data":"Double Tap","floor":7,"key":"SMITH"},{"floor":15,"key":"REST"}],"neow_cost":"","seed_source_timestamp":36122788367566,"circlet_count":0,"master_deck":["Strike_R","Strike_R","Strike_R","Strike_R","Strike_R","Defend_R","Defend_R","Defend_R","Defend_R","Bash","Armaments","Regret","Shrug It Off","Dropkick","Thunderclap","Double Tap+1","Sword Boomerang","Thunderclap","Clash","Dark Embrace","Warcry"],"relics":["Burning Blood","Pantograph","Unceasing Top","Paper Frog","Ornamental Fan"],"potions_floor_usage":[6,16,16,16],"damage_taken":[{"damage":2,"enemies":"Small Slimes","floor":1,"turns":4},{"damage":5,"enemies":"2 Louse","floor":3,"turns":2},{"damage":17,"enemies":"Cultist","floor":4,"turns":5},{"damage":25,"enemies":"Blue Slaver","floor":5,"turns":5},{"damage":17,"enemies":"Gremlin Nob","floor":6,"turns":4},{"damage":14,"enemies":"Large Slime","floor":8,"turns":4},{"damage":25,"enemies":"Gremlin Gang","floor":10,"turns":5},{"damage":6,"enemies":"3 Louse","floor":11,"turns":2},{"damage":8,"enemies":"Lots of Slimes","floor":12,"turns":4},{"damage":0,"enemies":"Exordium Wildlife","floor":14,"turns":2},{"damage":62,"enemies":"The Guardian","floor":16,"turns":7}],"seed_played":"-3898292022854107447","potions_obtained":[{"floor":1,"key":"Fire Potion"},{"floor":8,"key":"Strength Potion"},{"floor":12,"key":"SpeedPotion"},{"floor":14,"key":"Fire Potion"}],"is_trial":false,"path_per_floor":["M","?","M","M","M","E","R","M","T","M","M","M","?","M","R","B"],"character_chosen":"IRONCLAD","items_purchased":[],"campfire_rested":1,"item_purchase_floors":[],"current_hp_per_floor":[80,80,80,69,50,39,39,31,31,12,12,10,7,13,37,0],"gold":243,"neow_bonus":"","is_prod":false,"is_daily":false,"chose_seed":false,"campfire_upgraded":1,"win_rate":0.0,"timestamp":1551556540,"path_taken":["M","?","M","M","M","E","R","M","T","M","M","M","?","M","R","BOSS"],"build_version":"2019-01-23","purchased_purges":0,"victory":false,"max_hp_per_floor":[80,80,80,80,80,80,80,80,80,80,80,80,80,80,80,80],"card_choices":[{"not_picked":["Searing Blow","Intimidate"],"picked":"Armaments","floor":1},{"not_picked":["Clash","Iron Wave"],"picked":"Shrug It Off","floor":3},{"not_picked":["Flex","Reckless Charge"],"picked":"Dropkick","floor":4},{"not_picked":["Body Slam","Iron Wave"],"picked":"Thunderclap","floor":5},{"not_picked":["Flame Barrier","Uppercut"],"picked":"Double Tap","floor":6},{"not_picked":["Hemokinesis","Shrug It Off"],"picked":"Sword Boomerang","floor":8},{"not_picked":["Whirlwind","Reckless Charge"],"picked":"Thunderclap","floor":10},{"not_picked":["Shockwave","Fire Breathing"],"picked":"Clash","floor":11},{"not_picked":["Sword Boomerang","Clash"],"picked":"Dark Embrace","floor":12},{"not_picked":["Searing Blow","Twin Strike"],"picked":"Warcry","floor":14}],"player_experience":0,"relics_obtained":[{"floor":6,"key":"Unceasing Top"},{"floor":9,"key":"Paper Frog"}],"event_choices":[{"damage_healed":0,"gold_gain":0,"player_choice":"Box","damage_taken":0,"relics_obtained":["Pantograph"],"max_hp_gain":0,"max_hp_loss":0,"event_name":"Big Fish","floor":2,"gold_loss":0,"cards_obtained":["Regret"]},{"damage_healed":0,"gold_gain":0,"player_choice":"Success","damage_taken":3,"relics_obtained":["Ornamental Fan"],"max_hp_gain":0,"max_hp_loss":0,"event_name":"Scrap Ooze","floor":13,"gold_loss":0}],"is_beta":false,"boss_relics":[],"items_purged_floors":[],"is_endless":false,"potions_floor_spawned":[1,8,12,14],"killed_by":"The Guardian","ascension_level":0}