{"path_per_floor":["M","M","M","M","$","E","R","M","T","E","M","M","E","M","R","B",null,"M","?","?","M","M"],"character_chosen":"THE_SILENT","items_purchased":["Infinite Blades","Cloak And Dagger"],"gold_per_floor":[113,124,139,149,50,76,76,93,93,127,140,160,193,211,211,286,286,297,297,212,231,243,243],"floor_reached":23,"campfire_rested":1,"playtime":1293,"current_hp_per_floor":[59,59,59,45,45,36,36,33,33,20,15,13,4,4,38,29,57,56,56,56,43,9,0],"items_purged":[],"gold":243,"score":380,"play_id":"70718961-2dbb-4b23-af65-8b492e09af25","local_time":"20180428225815","is_prod":false,"is_daily":false,"chose_seed":false,"is_ascension_mode":true,"campfire_upgraded":1,"timestamp":1524949095,"path_taken":["M","M","M","M","$","E","R","M","T","E","M","M","E","M","R","BOSS","M","?","?","M","?","E"],"build_version":"2018-04-28","seed_source_timestamp":10256139962482,"purchased_purges":0,"victory":false,"master_deck":["Defend_G","Defend_G","Defend_G","Defend_G","Defend_G","Strike_G","Strike_G","Strike_G","Strike_G","Survivor","Neutralize","AscendersBane","Cloak And Dagger+1","Sucker Punch","Bouncing Flask","Slice","Infinite Blades","Cloak And Dagger","Finisher","Caltrops","Backstab","Dodge and Roll","Sucker Punch","Noxious Fumes","After Image","Sucker Punch+1"],"max_hp_per_floor":[66,66,66,66,66,66,66,66,66,66,66,66,66,66,66,66,66,66,66,66,66,66,66],"relics":["Ring of the Snake","Happy Flower","Vajra","Oddly Smooth Stone","Regal Pillow","Darkstone Periapt","Cursed Key","Gremlin Horn"],"card_choices":[{"not_picked":["Underhanded Strike","Eviscerate"],"picked":"Cloak And Dagger","floor":1},{"not_picked":["Underhanded Strike","Quick Slash"],"picked":"Sucker Punch","floor":2},{"not_picked":["Cloak And Dagger","Poisoned Stab"],"picked":"Bouncing Flask","floor":3},{"not_picked":["PiercingWail","Deflect"],"picked":"Slice","floor":4},{"not_picked":["Storm of Steel","Flying Knee"],"picked":"Finisher","floor":6},{"not_picked":["Dagger Spray","Quick Slash"],"picked":"Caltrops","floor":8},{"not_picked":["Deflect","Corpse Explosion"],"picked":"Backstab","floor":10},{"not_picked":["Outmaneuver","PiercingWail"],"picked":"Dodge and Roll","floor":12},{"not_picked":["Underhanded Strike","Slice"],"picked":"Sucker Punch","floor":13},{"not_picked":["Heel Hook","Reflex"],"picked":"Noxious Fumes","floor":14},{"not_picked":["Unload","Tactician"],"picked":"After Image","floor":16},{"not_picked":["Eviscerate","Dagger Spray"],"picked":"Sucker Punch","floor":21}],"player_experience":470154,"potions_floor_usage":[6,10,13,16],"damage_taken":[{"damage":0,"enemies":"2 Louse","floor":1,"turns":4},{"damage":0,"enemies":"Cultist","floor":2,"turns":4},{"damage":0,"enemies":"Jaw Worm","floor":3,"turns":4},{"damage":14,"enemies":"Large Slime","floor":4,"turns":7},{"damage":21,"enemies":"3 Sentries","floor":6,"turns":10},{"damage":3,"enemies":"Blue Slaver","floor":8,"turns":2},{"damage":13,"enemies":"Gremlin Nob","floor":10,"turns":3},{"damage":5,"enemies":"Exordium Thugs","floor":11,"turns":4},{"damage":2,"enemies":"Red Slaver","floor":12,"turns":3},{"damage":9,"enemies":"Lagavulin","floor":13,"turns":5},{"damage":0,"enemies":"Large Slime","floor":14,"turns":3},{"damage":9,"enemies":"Hexaghost","floor":16,"turns":8},{"damage":1,"enemies":"Shell Parasite","floor":18,"turns":5},{"damage":13,"enemies":"2 Thieves","floor":21,"turns":5},{"damage":34,"enemies":"Slaver and Parasite","floor":22,"turns":6},{"damage":14,"enemies":"Slavers","floor":23,"turns":1}],"event_choices":[{"event_name":"Purifier","player_choice":"One Purge","floor":19,"damage_taken":0},{"event_name":"Addict","player_choice":"Obtained Relic","floor":20,"damage_taken":0}],"boss_relics":[{"not_picked":["Velvet Choker","Runic Pyramid"],"picked":"Cursed Key"}],"potions_floor_spawned":[2,4,11,13,14,16,18],"seed_played":"4121648414494808858","killed_by":"Slavers","ascension_level":15,"is_trial":false}