{"gold_per_floor":[109,121,52,0,55,55,87,87,87,87,116,131,166,185,185,288,288,298,309,38,138,170,205,205,240,265,275,309,309,322,356,356,455,455,468,468,482,537,537],"floor_reached":39,"playtime":2352,"items_purged":[],"score":681,"play_id":"a260e150-9566-455f-b3be-483b79e96cd3","local_time":"20190117230906","is_ascension_mode":true,"campfire_choices":[{"data":"Armaments","floor":6,"key":"SMITH"},{"data":"Corruption","floor":10,"key":"SMITH"},{"data":"Disarm","floor":15,"key":"SMITH"},{"floor":24,"key":"REST"},{"floor":29,"key":"REST"},{"floor":32,"key":"RECALL"}],"neow_cost":"NONE","seed_source_timestamp":627518268770500,"circlet_count":0,"master_deck":["Strike_R","Strike_R","Strike_R","Strike_R","Defend_R","Defend_R+1","Defend_R","Defend_R+1","Bash","Corruption+1","Feel No Pain","Uppercut","Armaments+1","Disarm+1","Disarm","Evolve","Anger","Twin Strike","Fiend Fire","Clash","Disarm","Fire Breathing","Shrug It Off","Clash","Double Tap","Battle Trance+1","True Grit+1","Rampage","Rampage+1","Clash","Thunderclap","Limit Break","Flame Barrier","Flex","Armaments+1","Pummel+1","Iron Wave+1"],"relics":["Burning Blood","NeowsBlessing","War Paint","Bottled Tornado","Red Skull","Shuriken","Fusion Hammer","Strange Spoon","Prayer Wheel","Pantograph","Red Mask","Happy Flower","Smiling Mask","Oddly Smooth Stone","Orichalcum","Art of War","Runic Cube","Ginger"],"potions_floor_usage":[13,21,21,21,39],"damage_taken":[{"damage":0,"enemies":"Cultist","floor":1,"turns":1},{"damage":0,"enemies":"Small Slimes","floor":2,"turns":1},{"damage":0,"enemies":"3 Sentries","floor":7,"turns":1},{"damage":15,"enemies":"Gremlin Nob","floor":11,"turns":5},{"damage":8,"enemies":"Jaw Worm","floor":12,"turns":4},{"damage":4,"enemies":"3 Sentries","floor":13,"turns":7},{"damage":22,"enemies":"Lots of Slimes","floor":14,"turns":6},{"damage":24,"enemies":"The Guardian","floor":16,"turns":13},{"damage":10,"enemies":"Shell Parasite","floor":18,"turns":4},{"damage":15,"enemies":"3 Byrds","floor":19,"turns":6},{"damage":28,"enemies":"Colosseum Slavers","floor":21,"turns":4},{"damage":3,"enemies":"Colosseum Nobs","floor":21,"turns":4},{"damage":19,"enemies":"Masked Bandits","floor":22,"turns":5},{"damage":15,"enemies":"Book of Stabbing","floor":23,"turns":4},{"damage":15,"enemies":"Slavers","floor":25,"turns":6},{"damage":0,"enemies":"Snecko","floor":27,"turns":5},{"damage":12,"enemies":"Gremlin Leader","floor":28,"turns":7},{"damage":7,"enemies":"3 Cultists","floor":30,"turns":6},{"damage":0,"enemies":"Book of Stabbing","floor":31,"turns":4},{"damage":62,"enemies":"Collector","floor":33,"turns":8},{"damage":6,"enemies":"Orb Walker","floor":35,"turns":3},{"damage":15,"enemies":"3 Darklings","floor":37,"turns":8},{"damage":42,"enemies":"2 Orb Walkers","floor":38,"turns":3},{"damage":21,"enemies":"Writhing Mass","floor":39,"turns":1}],"seed_played":"5314839877947349700","potions_obtained":[{"floor":1,"key":"Strength Potion"},{"floor":12,"key":"AttackPotion"},{"floor":14,"key":"FearPotion"},{"floor":16,"key":"Strength Potion"},{"floor":21,"key":"Dexterity Potion"},{"floor":23,"key":"FearPotion"},{"floor":33,"key":"GamblersBrew"}],"is_trial":false,"path_per_floor":["M","M","$","$","?","R","E","?","T","R","E","M","E","M","R","B",null,"M","M","$","?","?","E","R","E","T","M","E","R","M","E","R","B",null,"M","?","M","?","M"],"character_chosen":"IRONCLAD","items_purchased":["Uppercut","Armaments","Strange Spoon","Fire Breathing"],"campfire_rested":2,"item_purchase_floors":[3,4,20,20],"current_hp_per_floor":[80,80,80,80,80,80,80,80,80,80,71,69,71,55,55,37,69,65,56,56,37,24,15,39,30,30,36,30,54,53,59,59,24,66,66,66,57,21,0],"gold":537,"neow_bonus":"THREE_ENEMY_KILL","is_prod":false,"is_daily":false,"chose_seed":false,"campfire_upgraded":3,"win_rate":0,"timestamp":1547795346,"path_taken":["M","M","?","$","?","R","E","?","T","R","E","M","E","M","R","BOSS","M","?","$","?","?","E","R","E","T","M","E","R","M","E","R","BOSS","M","?","M","?","M"],"build_version":"2019-01-17","purchased_purges":0,"victory":false,"max_hp_per_floor":[80,80,80,80,80,80,80,80,80,80,80,80,80,80,80,80,80,80,80,80,80,80,80,80,80,80,80,80,80,80,80,80,80,80,80,80,80,80,80],"card_choices":[{"not_picked":["Heavy Blade","Sword Boomerang"],"picked":"Corruption","floor":1},{"not_picked":["Seeing Red","Pommel Strike"],"picked":"Feel No Pain","floor":2},{"not_picked":["Cleave","Reaper"],"picked":"Disarm","floor":7},{"not_picked":["Metallicize","Seeing Red"],"picked":"Disarm","floor":11},{"not_picked":["Seeing Red","Second Wind"],"picked":"Evolve","floor":12},{"not_picked":["Heavy Blade","Second Wind"],"picked":"Anger","floor":13},{"not_picked":["Shrug It Off","Iron Wave"],"picked":"Twin Strike","floor":14},{"not_picked":["Bludgeon","Immolate"],"picked":"Fiend Fire","floor":16},{"not_picked":["Fire Breathing","Flex+1"],"picked":"Clash","floor":18},{"not_picked":["True Grit","Headbutt"],"picked":"Disarm","floor":19},{"not_picked":["Heavy Blade","Havoc"],"picked":"Shrug It Off","floor":21},{"not_picked":["Seeing Red","Anger"],"picked":"Clash","floor":22},{"not_picked":["Evolve","Heavy Blade"],"picked":"Double Tap","floor":23},{"not_picked":["Sword Boomerang+1","Clothesline+1"],"picked":"Battle Trance+1","floor":25},{"not_picked":["Power Through","Sword Boomerang"],"picked":"Armaments","floor":27},{"not_picked":["Combust","Perfected Strike"],"picked":"True Grit+1","floor":27},{"not_picked":["Flex+1","Dual Wield"],"picked":"Rampage","floor":28},{"not_picked":["True Grit","Sentinel"],"picked":"Rampage+1","floor":30},{"not_picked":["Dropkick","Clothesline"],"picked":"Clash","floor":30},{"not_picked":["True Grit","Impervious"],"picked":"Thunderclap","floor":31},{"not_picked":["Barricade","Impervious"],"picked":"Limit Break","floor":33},{"not_picked":["Perfected Strike","Havoc+1"],"picked":"Flame Barrier","floor":35},{"not_picked":["Bloodletting+1","Power Through+1"],"picked":"Flex","floor":35},{"not_picked":["True Grit+1","Rupture"],"picked":"Armaments+1","floor":37},{"not_picked":["Pommel Strike+1","Perfected Strike"],"picked":"Pummel+1","floor":37},{"not_picked":["Power Through+1","Heavy Blade"],"picked":"Iron Wave+1","floor":38}],"player_experience":528794,"relics_obtained":[{"floor":7,"key":"War Paint"},{"floor":9,"key":"Bottled Tornado"},{"floor":11,"key":"Red Skull"},{"floor":13,"key":"Shuriken"},{"floor":21,"key":"Prayer Wheel"},{"floor":21,"key":"Pantograph"},{"floor":22,"key":"Red Mask"},{"floor":23,"key":"Happy Flower"},{"floor":25,"key":"Smiling Mask"},{"floor":26,"key":"Oddly Smooth Stone"},{"floor":28,"key":"Orichalcum"},{"floor":31,"key":"Art of War"},{"floor":38,"key":"Ginger"}],"event_choices":[{"damage_healed":0,"gold_gain":55,"player_choice":"Gained Gold","damage_taken":0,"max_hp_gain":0,"max_hp_loss":0,"event_name":"Golden Wing","floor":5,"gold_loss":0},{"cards_removed":["Strike_R"],"damage_healed":0,"gold_gain":0,"player_choice":"Offered Basic","damage_taken":0,"max_hp_gain":0,"max_hp_loss":0,"event_name":"Bonfire Elementals","floor":8,"gold_loss":0},{"damage_healed":0,"gold_gain":0,"player_choice":"Fight","damage_taken":0,"max_hp_gain":0,"max_hp_loss":0,"event_name":"Colosseum","floor":21,"gold_loss":0},{"damage_healed":0,"gold_gain":0,"player_choice":"Fought Nobs","damage_taken":0,"max_hp_gain":0,"max_hp_loss":0,"event_name":"Colosseum","floor":21,"gold_loss":0},{"damage_healed":0,"gold_gain":0,"player_choice":"Fought Bandits","damage_taken":0,"max_hp_gain":0,"max_hp_loss":0,"event_name":"Masked Bandits","floor":22,"gold_loss":0},{"cards_removed":["Armaments"],"damage_healed":0,"gold_gain":0,"player_choice":"Removed Skill","damage_taken":0,"max_hp_gain":0,"max_hp_loss":0,"event_name":"Falling","floor":36,"gold_loss":0},{"damage_healed":0,"gold_gain":0,"player_choice":"Fight","damage_taken":0,"max_hp_gain":0,"max_hp_loss":0,"event_name":"Mysterious Sphere","floor":38,"gold_loss":0}],"is_beta":false,"boss_relics":[{"not_picked":["Astrolabe","Black Blood"],"picked":"Fusion Hammer"},{"not_picked":["White Beast Statue","Tiny House"],"picked":"Runic Cube"}],"items_purged_floors":[],"is_endless":false,"potions_floor_spawned":[1,12,14,16,18,21,21,23,33,35],"killed_by":"Writhing Mass","ascension_level":5}