{"gold_per_floor":[111,124,138,138,91,91,108,121,147,147,158,186,186,198,198,296,296,313,170,170,182,196,196,230,230,230,241,32,44,79,89,89,89],"floor_reached":33,"playtime":1472,"items_purged":[],"score":316,"play_id":"4c489174-281e-4254-88c9-53b385e8243d","local_time":"20180911024738","is_ascension_mode":false,"campfire_choices":[{"data":"Pommel Strike","floor":6,"key":"SMITH"},{"data":"Twin Strike","floor":10,"key":"SMITH"},{"data":"Perfected Strike","floor":13,"key":"SMITH"},{"data":"Perfected Strike","floor":15,"key":"SMITH"},{"data":"Clash","floor":23,"key":"SMITH"},{"data":"Pommel Strike","floor":25,"key":"SMITH"},{"data":"Clash","floor":32,"key":"SMITH"}],"neow_cost":"NONE","seed_source_timestamp":363658204960078,"circlet_count":0,"master_deck":["Strike_R","Strike_R","Strike_R","Strike_R+1","Strike_R","Defend_R","Defend_R","Defend_R","Defend_R","Bash","Twin Strike+1","Pommel Strike+1","Clash+1","Clash+1","Perfected Strike+1","Perfected Strike+1","Sword Boomerang","Clash+1","Pommel Strike+1","Pommel Strike+1","Wild Strike","Twin Strike+1"],"relics":["Burning Blood","NeowsBlessing","Oddly Smooth Stone","Whetstone","Sozu","Anchor","Juzu Bracelet","Champion Belt","PreservedInsect","Dream Catcher"],"potions_floor_usage":[11,12,16],"damage_taken":[{"damage":0,"enemies":"Jaw Worm","floor":1,"turns":1},{"damage":0,"enemies":"2 Louse","floor":2,"turns":1},{"damage":0,"enemies":"Small Slimes","floor":3,"turns":1},{"damage":10,"enemies":"Exordium Thugs","floor":7,"turns":4},{"damage":2,"enemies":"Blue Slaver","floor":8,"turns":2},{"damage":8,"enemies":"Lots of Slimes","floor":11,"turns":3},{"damage":6,"enemies":"3 Sentries","floor":12,"turns":6},{"damage":5,"enemies":"Large Slime","floor":14,"turns":2},{"damage":54,"enemies":"Hexaghost","floor":16,"turns":8},{"damage":6,"enemies":"Shell Parasite","floor":18,"turns":2},{"damage":0,"enemies":"Spheric Guardian","floor":21,"turns":1},{"damage":0,"enemies":"Chosen and Byrds","floor":22,"turns":3},{"damage":18,"enemies":"Slavers","floor":24,"turns":4},{"damage":18,"enemies":"Snecko","floor":27,"turns":4},{"damage":5,"enemies":"Snake Plant","floor":29,"turns":2},{"damage":0,"enemies":"Book of Stabbing","floor":30,"turns":2},{"damage":0,"enemies":"Centurion and Healer","floor":31,"turns":4},{"damage":76,"enemies":"Champ","floor":33,"turns":10}],"seed_played":"2777091566808259267","potions_obtained":[{"floor":7,"key":"SkillPotion"},{"floor":8,"key":"Strength Potion"},{"floor":11,"key":"Fire Potion"}],"is_trial":false,"path_per_floor":["M","M","M","?","$","R","M","M","T","R","M","E","R","M","R","B",null,"M","$","?","M","M","R","E","R","T","M","$","M","E","M","R"],"character_chosen":"IRONCLAD","items_purchased":["Clash","Anchor","PreservedInsect","Wild Strike"],"campfire_rested":0,"item_purchase_floors":[5,19,28,28],"current_hp_per_floor":[80,80,80,85,85,85,81,85,85,85,83,83,83,84,84,36,85,85,85,85,85,85,85,73,73,73,61,61,62,68,74,74,0],"gold":89,"neow_bonus":"THREE_ENEMY_KILL","is_prod":false,"is_daily":false,"chose_seed":false,"campfire_upgraded":7,"win_rate":0,"timestamp":1536648458,"path_taken":["M","M","M","?","$","R","M","M","T","R","M","E","R","M","R","BOSS","M","$","?","M","?","R","E","R","T","M","$","M","E","M","R","BOSS"],"build_version":"2018-09-06","purchased_purges":0,"victory":false,"max_hp_per_floor":[80,80,80,85,85,85,85,85,85,85,85,85,85,85,85,85,85,85,85,85,85,85,85,85,85,85,85,85,85,85,85,85,85],"card_choices":[{"not_picked":["Clash","Body Slam"],"picked":"Twin Strike","floor":1},{"not_picked":["Second Wind","Battle Trance","Reckless Charge"],"picked":"SKIP","floor":2},{"not_picked":["Fire Breathing","Infernal Blade"],"picked":"Pommel Strike","floor":3},{"not_picked":["Pummel","Shockwave"],"picked":"Clash","floor":7},{"not_picked":["Rampage","Warcry","Clothesline"],"picked":"SKIP","floor":8},{"not_picked":["Searing Blow","Evolve","Dual Wield"],"picked":"SKIP","floor":11},{"not_picked":["Pommel Strike","Flex"],"picked":"Perfected Strike","floor":12},{"not_picked":["Second Wind","Anger"],"picked":"Perfected Strike","floor":14},{"not_picked":["Ghostly Armor","Battle Trance"],"picked":"Sword Boomerang","floor":18},{"not_picked":["Uppercut","Anger"],"picked":"Clash","floor":21},{"not_picked":["Clothesline+1","Corruption+1","Shrug It Off"],"picked":"SKIP","floor":22},{"not_picked":["Warcry+1","Sentinel"],"picked":"Pommel Strike","floor":24},{"not_picked":["Wild Strike","Demon Form"],"picked":"Pommel Strike+1","floor":27},{"not_picked":["Second Wind","Cleave"],"picked":"Twin Strike+1","floor":29},{"not_picked":["Flex+1","Combust","Sword Boomerang"],"picked":"SKIP","floor":30},{"not_picked":["Inflame","Disarm","Headbutt"],"picked":"SKIP","floor":31}],"player_experience":85407,"relics_obtained":[{"floor":9,"key":"Oddly Smooth Stone"},{"floor":12,"key":"Whetstone"},{"floor":24,"key":"Juzu Bracelet"},{"floor":26,"key":"Champion Belt"},{"floor":30,"key":"Dream Catcher"}],"event_choices":[{"event_name":"Big Fish","player_choice":"Donut","floor":4,"damage_taken":0},{"event_name":"FaceTrader","player_choice":"Leave","floor":20,"damage_taken":0}],"is_beta":false,"boss_relics":[{"not_picked":["Empty Cage","Philosopher\u0027s Stone"],"picked":"Sozu"}],"items_purged_floors":[],"is_endless":false,"potions_floor_spawned":[7,8,11,21,22,24,30],"killed_by":"Champ","ascension_level":0}