{"gold_per_floor":[115,115,190,340,615,615,632,632,655,671,651,668,193,209,209,283,283,262,275,8,8,27,59,59,79,102,17,35,35,35,35,35,35],"floor_reached":33,"playtime":1067,"items_purged":["Regret"],"score":560,"play_id":"b2ca95d0-9905-4e04-a008-cd09378f9ccb","local_time":"20181120010740","is_ascension_mode":true,"campfire_choices":[{"data":"Bash","floor":6.0,"key":"SMITH"},{"data":"Battle Trance","floor":8.0,"key":"SMITH"},{"data":"Metallicize","floor":15.0,"key":"SMITH"},{"floor":24,"key":"REST"},{"floor":29,"key":"REST"},{"floor":32,"key":"REST"}],"neow_cost":"NONE","seed_source_timestamp":51458688222241,"circlet_count":0,"master_deck":["AscendersBane","Strike_R","Strike_R","Strike_R","Defend_R","Defend_R","Defend_R","Defend_R","Bash+1","Bludgeon+1","Battle Trance+1","Doubt","Metallicize+1","Metallicize","Impervious","Second Wind","Heavy Blade","Shrug It Off","RitualDagger"],"special_seed":0,"relics":["Burning Blood","PreservedInsect","Pen Nib","Blood Vial","Philosopher\u0027s Stone","Bottled Tornado","Bag of Marbles","Happy Flower","Oddly Smooth Stone"],"potions_floor_usage":[22,23,33],"damage_taken":[{"damage":6.0,"enemies":"Small Slimes","floor":1.0,"turns":2.0},{"damage":4.0,"enemies":"Cultist","floor":7.0,"turns":3.0},{"damage":13.0,"enemies":"Jaw Worm","floor":10.0,"turns":4.0},{"damage":22.0,"enemies":"Looter","floor":12.0,"turns":5.0},{"damage":3.0,"enemies":"3 Louse","floor":14.0,"turns":5.0},{"damage":26.0,"enemies":"Hexaghost","floor":16.0,"turns":9.0},{"damage":12,"enemies":"2 Thieves","floor":18,"turns":4},{"damage":1,"enemies":"Chosen","floor":19,"turns":3},{"damage":19,"enemies":"Shelled Parasite and Fungi","floor":22,"turns":6},{"damage":29,"enemies":"Gremlin Leader","floor":23,"turns":3},{"damage":22,"enemies":"Sentry and Sphere","floor":25,"turns":7},{"damage":20,"enemies":"Chosen and Byrds","floor":28,"turns":9},{"damage":71,"enemies":"Champ","floor":33,"turns":17}],"seed_played":"-193809261893236346","potions_obtained":[{"floor":10.0,"key":"Energy Potion"},{"floor":11.0,"key":"Block Potion"},{"floor":12.0,"key":"Fire Potion"},{"floor":16.0,"key":"LiquidBronze"},{"floor":19,"key":"Poison Potion"},{"floor":25,"key":"Block Potion"},{"floor":28,"key":"FearPotion"}],"is_trial":false,"path_per_floor":["M","?","?","?","?","R","M","R","T","M","?","M","$","M","R","B",null,"M","M","$","?","M","E","R","M","T","?","M","R","?","$","R","B"],"character_chosen":"IRONCLAD","items_purchased":["Pen Nib","Blood Vial","Metallicize","Bottled Tornado"],"campfire_rested":3,"item_purchase_floors":[13,13,13,20],"current_hp_per_floor":[68,68,57,57,57,57,59,59,59,52,52,36,36,41,41,23,62,58,65,65,65,54,33,55,41,41,41,29,51,45,45,67,0],"gold":35,"neow_bonus":"ONE_RANDOM_RARE_CARD","is_prod":false,"is_daily":false,"chose_seed":false,"campfire_upgraded":3,"win_rate":0,"timestamp":1542704860,"path_taken":["M","?","?","?","?","R","M","R","T","?","?","?","$","M","R","BOSS","M","M","$","?","M","E","R","M","T","?","M","R","?","$","R","BOSS"],"build_version":"2018-11-15","purchased_purges":1,"victory":false,"max_hp_per_floor":[75,75,75,75,75,75,75,75,75,75,75,75,75,75,75,75,75,75,75,75,75,75,75,75,75,75,75,75,75,75,75,75,75],"card_choices":[{"not_picked":["Headbutt","Sentinel"],"picked":"Battle Trance","floor":1.0},{"not_picked":["Sentinel","Seeing Red","Carnage"],"picked":"SKIP","floor":7.0},{"not_picked":["Dual Wield","Cleave","Havoc"],"picked":"SKIP","floor":10.0},{"not_picked":["Flex","Cleave","Power Through"],"picked":"SKIP","floor":12.0},{"not_picked":["Uppercut","Bloodletting"],"picked":"Metallicize","floor":14.0},{"not_picked":["Brutality","Double Tap"],"picked":"Impervious","floor":16.0},{"not_picked":["Perfected Strike+1","Intimidate","Warcry"],"picked":"SKIP","floor":18},{"not_picked":["Armaments","Carnage","Clash"],"picked":"SKIP","floor":19},{"not_picked":["Clothesline","Sword Boomerang","Thunderclap+1"],"picked":"SKIP","floor":22},{"not_picked":["Armaments","Rampage"],"picked":"Shrug It Off","floor":23},{"not_picked":["Thunderclap","Heavy Blade+1","Twin Strike"],"picked":"SKIP","floor":25},{"not_picked":["Havoc","Corruption","Hemokinesis"],"picked":"SKIP","floor":28}],"player_experience":659409,"relics_obtained":[{"floor":9.0,"key":"PreservedInsect"},{"floor":23,"key":"Bag of Marbles"},{"floor":26,"key":"Happy Flower"}],"event_choices":[{"damage_healed":0.0,"max_hp_gain":0.0,"max_hp_loss":0.0,"gold_gain":0.0,"event_name":"Living Wall","player_choice":"Grow","floor":2.0,"gold_loss":0.0,"damage_taken":0.0,"cards_upgraded":["Bludgeon"]},{"damage_healed":0.0,"max_hp_gain":0.0,"max_hp_loss":0.0,"gold_gain":75.0,"event_name":"World of Goop","player_choice":"Gather Gold","floor":3.0,"gold_loss":0.0,"damage_taken":11.0},{"damage_healed":0.0,"max_hp_gain":0.0,"max_hp_loss":0.0,"gold_gain":150.0,"event_name":"Liars Game","player_choice":"AGREE","floor":4.0,"gold_loss":0.0,"damage_taken":0.0,"cards_obtained":["Doubt"]},{"damage_healed":0.0,"max_hp_gain":0.0,"max_hp_loss":0.0,"gold_gain":275.0,"event_name":"Golden Shrine","player_choice":"Desecrate","floor":5.0,"gold_loss":0.0,"damage_taken":0.0,"cards_obtained":["Regret"]},{"damage_healed":0.0,"max_hp_gain":0.0,"max_hp_loss":0.0,"gold_gain":0.0,"event_name":"The Woman in Blue","player_choice":"Bought 1 Potion","floor":11.0,"gold_loss":0.0,"damage_taken":0.0},{"damage_healed":0,"gold_gain":0,"cards_transformed":["Strike_R","Strike_R"],"player_choice":"Became Test Subject","damage_taken":0,"max_hp_gain":0,"max_hp_loss":0,"event_name":"Drug Dealer","floor":21,"gold_loss":0,"cards_obtained":["Second Wind","Heavy Blade"]},{"damage_healed":0,"gold_gain":0,"player_choice":"Obtained Relic","damage_taken":0,"relics_obtained":["Oddly Smooth Stone"],"max_hp_gain":0,"max_hp_loss":0,"event_name":"Addict","floor":27,"gold_loss":85},{"damage_healed":0,"gold_gain":0,"player_choice":"Joined the Cult","damage_taken":6,"max_hp_gain":0,"max_hp_loss":0,"event_name":"Nest","floor":30,"gold_loss":0,"cards_obtained":["RitualDagger"]}],"is_beta":false,"boss_relics":[{"not_picked":["Runic Cube","Black Blood"],"picked":"Philosopher\u0027s Stone"}],"items_purged_floors":[13],"is_endless":false,"potions_floor_spawned":[10,12,16,19,25,28],"killed_by":"Champ","ascension_level":20}