{"gold_per_floor":[112,127,127,127,182,182,208,232,256,256,269,283,283,77,77,154,154,165,165,177,177,41,41,41],"floor_reached":24,"playtime":680,"items_purged":["Defend_G","Regret"],"score":434,"play_id":"ec517afe-fa79-4ece-9d8f-b45fc61f2fc8","local_time":"20190228213435","is_ascension_mode":true,"campfire_choices":[{"data":"Venomology","floor":6.0,"key":"SMITH"},{"floor":10.0,"key":"REST"},{"floor":15.0,"key":"REST"},{"floor":23,"key":"REST"}],"neow_cost":"NONE","seed_source_timestamp":1122673162238368,"circlet_count":0,"master_deck":["AscendersBane","Defend_G","Defend_G","Defend_G","Defend_G","Strike_G","Strike_G","Strike_G","Strike_G","Survivor","Neutralize","Terror","Venomology+1","PiercingWail","Caltrops","Blur","Dash","Blur","Tools of the Trade","Writhe","Well Laid Plans","Blur"],"special_seed":0,"relics":["Ring of the Snake","NeowsBlessing","Dodecahedron","Juzu Bracelet","Omamori","Odd Mushroom","Calling Bell","Art of War","Darkstone Periapt","StoneCalendar","Orichalcum"],"potions_floor_usage":[24,24],"damage_taken":[{"damage":0.0,"enemies":"Jaw Worm","floor":1.0,"turns":1.0},{"damage":0.0,"enemies":"2 Louse","floor":2.0,"turns":1.0},{"damage":0.0,"enemies":"Lagavulin","floor":7.0,"turns":1.0},{"damage":18.0,"enemies":"The Mushroom Lair","floor":8.0,"turns":5.0},{"damage":1.0,"enemies":"Small Slimes","floor":11.0,"turns":4.0},{"damage":20.0,"enemies":"2 Fungi Beasts","floor":12.0,"turns":5.0},{"damage":34.0,"enemies":"The Guardian","floor":16.0,"turns":15.0},{"damage":5.0,"enemies":"Chosen","floor":18.0,"turns":6.0},{"damage":12.0,"enemies":"3 Byrds","floor":20.0,"turns":3.0},{"damage":49,"enemies":"Slavers","floor":24,"turns":4}],"seed_played":"4362965873619611056","potions_obtained":[{"floor":1.0,"key":"Poison Potion"},{"floor":2.0,"key":"LiquidBronze"}],"is_trial":false,"path_per_floor":["M","M","?","?","T","R","E","?","T","R","M","M","?","$","R","B",null,"M","?","M","?","$","R","E"],"character_chosen":"THE_SILENT","items_purchased":["Dash","Blur","Blur"],"campfire_rested":3,"item_purchase_floors":[14,14,22],"current_hp_per_floor":[59,59,59,48,48,48,48,30,30,49,48,28,28,28,47,13,53,48,54,42,22,22,45,0],"gold":41,"neow_bonus":"THREE_ENEMY_KILL","is_prod":false,"is_daily":false,"chose_seed":false,"campfire_upgraded":1,"win_rate":0,"timestamp":1551418475,"path_taken":["M","M","?","?","?","R","E","?","T","R","M","M","?","$","R","BOSS","M","?","M","?","$","R","E"],"build_version":"2019-01-23","purchased_purges":2,"victory":false,"max_hp_per_floor":[66,66,66,66,66,66,66,66,66,66,66,66,66,66,66,66,66,66,72,72,77,77,77,77],"card_choices":[{"not_picked":["Flying Knee","Acrobatics"],"picked":"Terror","floor":1.0},{"not_picked":["Underhanded Strike","Flying Knee","Flechettes"],"picked":"SKIP","floor":2.0},{"not_picked":["Dodge and Roll","Flechettes"],"picked":"PiercingWail","floor":7.0},{"not_picked":["PiercingWail","Slice"],"picked":"Caltrops","floor":11.0},{"not_picked":["PiercingWail","Calculated Gamble"],"picked":"Blur","floor":12.0},{"not_picked":["Envenom","Night Terror"],"picked":"Tools of the Trade","floor":16.0},{"not_picked":["Blade Dance","Deflect+1","Terror"],"picked":"SKIP","floor":18.0},{"not_picked":["Escape Plan","Dodge and Roll"],"picked":"Well Laid Plans","floor":20.0}],"player_experience":735152,"relics_obtained":[{"floor":5.0,"key":"Juzu Bracelet"},{"floor":7.0,"key":"Omamori"},{"floor":8.0,"key":"Odd Mushroom"},{"floor":17.0,"key":"Art of War"},{"floor":17.0,"key":"Darkstone Periapt"},{"floor":17.0,"key":"StoneCalendar"}],"event_choices":[{"damage_healed":0.0,"max_hp_gain":0.0,"max_hp_loss":0.0,"gold_gain":0.0,"cards_transformed":["Strike_G"],"event_name":"Living Wall","player_choice":"Change","floor":3.0,"gold_loss":0.0,"damage_taken":0.0,"cards_obtained":["Venomology"]},{"damage_healed":0.0,"max_hp_gain":0.0,"max_hp_loss":0.0,"gold_gain":0.0,"event_name":"Scrap Ooze","player_choice":"Success","floor":4.0,"gold_loss":0.0,"damage_taken":11.0,"relics_obtained":["Dodecahedron"]},{"damage_healed":0.0,"max_hp_gain":0.0,"max_hp_loss":0.0,"gold_gain":0.0,"event_name":"Mushrooms","player_choice":"Fought Mushrooms","floor":8.0,"gold_loss":0.0,"damage_taken":0.0},{"damage_healed":0.0,"max_hp_gain":0.0,"max_hp_loss":0.0,"gold_gain":0.0,"event_name":"Dead Adventurer","player_choice":"Searched \u00270\u0027 times","floor":13.0,"gold_loss":0.0,"damage_taken":0.0},{"damage_healed":0.0,"max_hp_gain":0.0,"max_hp_loss":0.0,"gold_gain":0.0,"event_name":"The Mausoleum","player_choice":"Opened","floor":19.0,"gold_loss":0.0,"damage_taken":0.0,"relics_obtained":["Orichalcum"],"cards_obtained":["Writhe"]},{"damage_healed":0.0,"max_hp_gain":5.0,"max_hp_loss":0.0,"gold_gain":0.0,"event_name":"Forgotten Altar","player_choice":"Shed Blood","floor":21.0,"gold_loss":0.0,"damage_taken":25.0}],"is_beta":false,"boss_relics":[{"not_picked":["Fusion Hammer","Orrery"],"picked":"Calling Bell"}],"items_purged_floors":[14,22],"is_endless":false,"potions_floor_spawned":[1,2,7],"killed_by":"Slavers","ascension_level":20}