{"gold_per_floor":[209,225,225,236,254,254,81,107,107,107],"floor_reached":10,"playtime":527,"items_purged":["Bash"],"score":68,"play_id":"b0fb83de-dea3-4454-84b3-4ee3388719e5","local_time":"20181209232137","is_ascension_mode":false,"campfire_choices":[{"data":"Ghostly Armor","floor":6,"key":"SMITH"}],"neow_cost":"NONE","seed_source_timestamp":867578374158621,"circlet_count":0,"master_deck":["Strike_R","Strike_R","Strike_R","Strike_R","Strike_R","Defend_R","Defend_R","Defend_R","Defend_R","Armaments+1","Ghostly Armor+1","Good Instincts"],"relics":["Burning Blood","Meat on the Bone","Torii"],"potions_floor_usage":[8],"damage_taken":[{"damage":6,"enemies":"Cultist","floor":1,"turns":3},{"damage":8,"enemies":"Jaw Worm","floor":2,"turns":4},{"damage":0,"enemies":"Small Slimes","floor":4,"turns":4},{"damage":5,"enemies":"Exordium Wildlife","floor":5,"turns":7},{"damage":29,"enemies":"3 Sentries","floor":8,"turns":14},{"damage":63,"enemies":"Gremlin Nob","floor":10,"turns":5}],"seed_played":"-1534767031895660838","potions_obtained":[{"floor":1,"key":"Strength Potion"}],"is_trial":false,"path_per_floor":["M","M","?","M","M","R","$","E","T","E"],"character_chosen":"IRONCLAD","items_purchased":["Good Instincts"],"campfire_rested":0,"item_purchase_floors":[7],"current_hp_per_floor":[80,78,78,80,80,80,80,57,57,0],"gold":107,"neow_bonus":"HUNDRED_GOLD","is_prod":false,"is_daily":false,"chose_seed":false,"campfire_upgraded":1,"win_rate":0,"timestamp":1544415697,"path_taken":["M","?","?","?","M","R","$","E","T","E"],"build_version":"2018-12-06","purchased_purges":1,"victory":false,"max_hp_per_floor":[80,80,80,80,80,80,80,80,80,80],"card_choices":[{"not_picked":["Combust","Warcry","Pommel Strike"],"picked":"SKIP","floor":1},{"not_picked":["Wild Strike","Thunderclap"],"picked":"Armaments","floor":2},{"not_picked":["Headbutt","Pommel Strike","Double Tap"],"picked":"SKIP","floor":4},{"not_picked":["Reckless Charge","Havoc"],"picked":"Ghostly Armor","floor":5},{"not_picked":["Clash","Sword Boomerang","Carnage"],"picked":"SKIP","floor":8}],"player_experience":225409,"relics_obtained":[{"floor":8,"key":"Meat on the Bone"},{"floor":9,"key":"Torii"}],"event_choices":[{"damage_healed":0,"gold_gain":0,"player_choice":"Forge","damage_taken":0,"max_hp_gain":0,"max_hp_loss":0,"event_name":"Accursed Blacksmith","floor":3,"gold_loss":0,"cards_upgraded":["Armaments"]}],"is_beta":false,"boss_relics":[],"items_purged_floors":[7],"is_endless":false,"potions_floor_spawned":[1],"killed_by":"Gremlin Nob","ascension_level":0}