{"gold_per_floor":[119,119,69,69,88,123,123,154,154,9,9,28,103,122,122,221,221,231,241,251,166,166,166,166,166,166,176,176,186,186,201,201,296,296,306,316,316,416,14,34,52,69,69,69,0,0,29,40,40,40],"floor_reached":51,"playtime":4863,"items_purged":["Strike_G","Survivor"],"score":944,"play_id":"e8df2972-7e2d-45b9-bd14-b2b7a3bb411d","local_time":"20181127190005","is_ascension_mode":true,"campfire_choices":[{"data":"Neutralize","floor":7,"key":"SMITH"},{"floor":15,"key":"REST"},{"data":"Footwork","floor":23,"key":"SMITH"},{"data":"Backflip","floor":25,"key":"SMITH"},{"floor":28,"key":"REST"},{"floor":32,"key":"REST"},{"floor":46,"key":"REST"},{"floor":49,"key":"REST"}],"neow_cost":"NONE","seed_source_timestamp":110929913750903,"circlet_count":0,"master_deck":["Defend_G+1","Defend_G","Defend_G","Strike_G","Strike_G","Strike_G","Neutralize+1","Accuracy+1","Choke","Backstab","Burst","Well Laid Plans","Cloak And Dagger","Blade Dance","Backflip+1","After Image","Dagger Throw+1","Crippling Poison+1","Footwork+1","Sucker Punch+1","Quick Slash","Acrobatics+1","Reflex","Die Die Die","Dodge and Roll","After Image","Dodge and Roll+1","Escape Plan","Acrobatics+1","Blade Dance+1","Parasite","Endless Agony+1","Well Laid Plans+1","Infinite Blades","Mayhem","PiercingWail","Blur","Blade Dance+1"],"relics":["Ring of the Snake","NeowsBlessing","Gremlin Horn","Dream Catcher","Dodecahedron","Regal Pillow","HoveringKite","PreservedInsect","Kunai","WristBlade","Prayer Wheel","Membership Card","Pocketwatch","Art of War","Red Mask","Bag of Marbles"],"potions_floor_usage":[8,20,24,27,42,48,48,50,50],"damage_taken":[{"damage":0,"enemies":"Jaw Worm","floor":1,"turns":1},{"damage":0,"enemies":"Small Slimes","floor":5,"turns":1},{"damage":0,"enemies":"3 Sentries","floor":6,"turns":1},{"damage":16,"enemies":"Gremlin Nob","floor":8,"turns":3},{"damage":0,"enemies":"Cultist","floor":12,"turns":3},{"damage":0,"enemies":"2 Fungi Beasts","floor":14,"turns":3},{"damage":35,"enemies":"Slime Boss","floor":16,"turns":11},{"damage":17,"enemies":"Spheric Guardian","floor":18,"turns":7},{"damage":4,"enemies":"3 Byrds","floor":19,"turns":5},{"damage":7,"enemies":"Snake Plant","floor":20,"turns":6},{"damage":24,"enemies":"Colosseum Slavers","floor":24,"turns":3},{"damage":12,"enemies":"Sentry and Sphere","floor":27,"turns":10},{"damage":11,"enemies":"Shelled Parasite and Fungi","floor":29,"turns":6},{"damage":13,"enemies":"Snecko","floor":31,"turns":6},{"damage":26,"enemies":"Collector","floor":33,"turns":17},{"damage":0,"enemies":"3 Shapes","floor":35,"turns":5},{"damage":8,"enemies":"Orb Walker","floor":36,"turns":5},{"damage":0,"enemies":"Mind Bloom Boss Battle","floor":38,"turns":9},{"damage":6,"enemies":"Sphere and 2 Shapes","floor":40,"turns":6},{"damage":16,"enemies":"Writhing Mass","floor":41,"turns":11},{"damage":8,"enemies":"Spire Growth","floor":42,"turns":5},{"damage":12,"enemies":"Giant Head","floor":47,"turns":8},{"damage":7,"enemies":"Transient","floor":48,"turns":5},{"damage":52,"enemies":"Time Eater","floor":50,"turns":15}],"seed_played":"4249077199696882589","potions_obtained":[{"floor":1,"key":"PowerPotion"},{"floor":12,"key":"Regen Potion"},{"floor":16,"key":"GhostInAJar"},{"floor":18,"key":"Energy Potion"},{"floor":20,"key":"PowerPotion"},{"floor":29,"key":"LiquidBronze"},{"floor":31,"key":"Ancient Potion"},{"floor":38,"key":"Strength Potion"},{"floor":47,"key":"Fruit Juice"},{"floor":48,"key":"Poison Potion"}],"is_trial":false,"path_per_floor":["M","?","?","?","M","E","R","E","T","$","?","M","?","M","R","B",null,"M","M","M","?","?","R","?","R","T","M","R","M","?","M","R","B",null,"M","M","?","?","$","M","M","M","T","?","?","R","E","M","R","B",null],"character_chosen":"THE_SILENT","items_purchased":["Well Laid Plans","Membership Card","Pocketwatch"],"campfire_rested":5,"item_purchase_floors":[10,39,39],"current_hp_per_floor":[63,60,60,46,46,46,46,30,30,30,23,23,12,12,48,13,56,39,35,43,43,43,43,19,19,19,7,43,32,32,19,55,29,60,60,52,52,52,52,46,30,22,22,22,22,58,46,44,75,23],"gold":40,"neow_bonus":"THREE_ENEMY_KILL","is_prod":false,"is_daily":false,"chose_seed":false,"campfire_upgraded":3,"win_rate":0,"timestamp":1543363205,"path_taken":["M","?","?","?","?","E","R","E","T","?","?","M","?","M","R","BOSS","M","M","M","?","?","R","?","R","T","M","R","M","?","M","R","BOSS","M","M","?","?","$","M","M","M","T","?","?","R","E","M","R","BOSS"],"build_version":"2018-11-15","purchased_purges":2,"victory":true,"max_hp_per_floor":[70,70,70,70,70,70,70,70,70,70,70,70,70,70,70,70,70,70,70,70,70,70,70,70,70,70,70,70,70,70,70,70,70,70,70,70,70,70,70,70,70,70,70,70,70,70,70,75,75,75],"card_choices":[{"not_picked":["Reflex","Prepared"],"picked":"Accuracy","floor":1},{"not_picked":["Skewer","Bane"],"picked":"Choke","floor":5},{"not_picked":["Dagger Spray","Flechettes"],"picked":"Backstab","floor":6},{"not_picked":["Flying Knee","Poisoned Stab"],"picked":"Burst","floor":8},{"not_picked":["Backflip","Well Laid Plans"],"picked":"Cloak And Dagger","floor":12},{"not_picked":["Outmaneuver","Dodge and Roll"],"picked":"Blade Dance","floor":14},{"not_picked":["Caltrops","Flying Knee"],"picked":"Backflip","floor":15},{"not_picked":["Wraith Form v2","Unload"],"picked":"After Image","floor":16},{"not_picked":["Finisher","Deadly Poison+1"],"picked":"Dagger Throw+1","floor":18},{"not_picked":["Leg Sweep","Deflect"],"picked":"Crippling Poison+1","floor":19},{"not_picked":["Quick Slash","Deflect"],"picked":"Footwork","floor":20},{"not_picked":["Deflect","Footwork"],"picked":"Sucker Punch+1","floor":27},{"not_picked":["Slice+1","Dagger Spray"],"picked":"Quick Slash","floor":28},{"not_picked":["Dagger Throw","Endless Agony"],"picked":"Acrobatics+1","floor":29},{"not_picked":["Tactician","Acrobatics"],"picked":"Die Die Die","floor":31},{"not_picked":["Concentrate","Outmaneuver"],"picked":"Dodge and Roll","floor":32},{"not_picked":["Die Die Die","Wraith Form v2"],"picked":"After Image","floor":33},{"not_picked":["Tactician+1","Prepared"],"picked":"Dodge and Roll+1","floor":35},{"not_picked":["Caltrops","PiercingWail+1"],"picked":"Escape Plan","floor":36},{"not_picked":["Quick Slash+1","Calculated Gamble"],"picked":"Acrobatics+1","floor":38},{"not_picked":["Sucker Punch","Underhanded Strike+1"],"picked":"Blade Dance+1","floor":40},{"not_picked":["Deadly Poison+1","Backstab+1","Catalyst+1"],"picked":"SKIP","floor":40},{"not_picked":["Bane","Accuracy+1"],"picked":"Endless Agony+1","floor":41},{"not_picked":["Prepared","Bullet Time","Deadly Poison"],"picked":"SKIP","floor":41},{"not_picked":["Flying Knee+1","Deadly Poison+1"],"picked":"Well Laid Plans+1","floor":42},{"not_picked":["Backstab+1","Bane"],"picked":"Infinite Blades","floor":42},{"not_picked":["Magnetism","Purity"],"picked":"Mayhem","floor":44},{"not_picked":["Heel Hook","Prepared"],"picked":"PiercingWail","floor":46},{"not_picked":["Sucker Punch","Bane+1"],"picked":"Blur","floor":47},{"not_picked":["Slice","Cloak And Dagger+1"],"picked":"Blade Dance+1","floor":48},{"not_picked":["Setup","Prepared","Distraction"],"picked":"SKIP","floor":48}],"player_experience":436263,"relics_obtained":[{"floor":6,"key":"Dream Catcher"},{"floor":8,"key":"Dodecahedron"},{"floor":9,"key":"Regal Pillow"},{"floor":26,"key":"Kunai"},{"floor":38,"key":"Prayer Wheel"},{"floor":43,"key":"Art of War"},{"floor":47,"key":"Bag of Marbles"}],"event_choices":[{"damage_healed":0,"gold_gain":0,"player_choice":"Success","damage_taken":3,"relics_obtained":["Gremlin Horn"],"max_hp_gain":0,"max_hp_loss":0,"event_name":"Scrap Ooze","floor":2,"gold_loss":0},{"cards_removed":["Strike_G"],"damage_healed":0,"gold_gain":0,"player_choice":"Card Removal","damage_taken":0,"max_hp_gain":0,"max_hp_loss":0,"event_name":"The Cleric","floor":3,"gold_loss":50},{"damage_healed":0,"gold_gain":0,"player_choice":"Entered Light","damage_taken":14,"max_hp_gain":0,"max_hp_loss":0,"event_name":"Shining Light","floor":4,"gold_loss":0,"cards_upgraded":["Accuracy","Defend_G"]},{"cards_removed":["Defend_G"],"damage_healed":0,"gold_gain":0,"player_choice":"Card Removal","damage_taken":7,"max_hp_gain":0,"max_hp_loss":0,"event_name":"Golden Wing","floor":11,"gold_loss":0},{"damage_healed":0,"gold_gain":75,"player_choice":"Gather Gold","damage_taken":11,"max_hp_gain":0,"max_hp_loss":0,"event_name":"World of Goop","floor":13,"gold_loss":0},{"damage_healed":0,"gold_gain":0,"player_choice":"Obtained Relic","damage_taken":0,"relics_obtained":["PreservedInsect"],"max_hp_gain":0,"max_hp_loss":0,"event_name":"Addict","floor":21,"gold_loss":85},{"damage_healed":0,"gold_gain":0,"player_choice":"Ignored","damage_taken":0,"max_hp_gain":0,"max_hp_loss":0,"event_name":"Vampires","floor":22,"gold_loss":0},{"damage_healed":0,"gold_gain":0,"player_choice":"Fight","damage_taken":0,"max_hp_gain":0,"max_hp_loss":0,"event_name":"Colosseum","floor":24,"gold_loss":0},{"damage_healed":0,"gold_gain":0,"player_choice":"Fled From Nobs","damage_taken":0,"max_hp_gain":0,"max_hp_loss":0,"event_name":"Colosseum","floor":24,"gold_loss":0},{"damage_healed":0,"gold_gain":0,"player_choice":"Read","damage_taken":0,"max_hp_gain":0,"max_hp_loss":0,"event_name":"The Library","floor":30,"gold_loss":0,"cards_obtained":["Reflex"]},{"cards_removed":["Defend_G"],"damage_healed":0,"gold_gain":0,"player_choice":"Removed Skill","damage_taken":0,"max_hp_gain":0,"max_hp_loss":0,"event_name":"Falling","floor":37,"gold_loss":0},{"damage_healed":0,"gold_gain":0,"player_choice":"Fight","damage_taken":0,"max_hp_gain":0,"max_hp_loss":0,"event_name":"MindBloom","floor":38,"gold_loss":0},{"damage_healed":0,"gold_gain":0,"player_choice":"Memory 1","damage_taken":0,"max_hp_gain":0,"max_hp_loss":0,"event_name":"SensoryStone","floor":44,"gold_loss":0},{"damage_healed":0,"gold_gain":0,"player_choice":"Paid","damage_taken":0,"relics_obtained":["Red Mask"],"max_hp_gain":0,"max_hp_loss":0,"event_name":"Tomb of Lord Red Mask","floor":45,"gold_loss":69}],"is_beta":true,"boss_relics":[{"not_picked":["Empty Cage","Tiny House"],"picked":"HoveringKite"},{"not_picked":["Velvet Choker","Eternal Feather"],"picked":"WristBlade"}],"items_purged_floors":[10,39],"is_endless":false,"potions_floor_spawned":[1,12,16,18,20,29,31,38,47,48],"ascension_level":7}