{"gold_per_floor":[366,381,232,247,264,294,294,309,309,309,323,339,319,319,319,419,419,433,450,2,19,33,68,68,68,68,68,80,99,125,140,140,245,245,258,269,269,288,300,300,300,300,300,40,40,40,58,74,74,74],"floor_reached":51,"playtime":2727,"items_purged":["Strike_G","Strike_G","Phantasmal Killer"],"score":795,"play_id":"6da4b38c-3539-4397-b5b7-4a3304395177","local_time":"20180814004705","is_ascension_mode":false,"campfire_choices":[{"data":"Infinite Blades","floor":7,"key":"SMITH"},{"data":"Neutralize","floor":10,"key":"SMITH"},{"data":"Cloak And Dagger","floor":15,"key":"SMITH"},{"data":"A Thousand Cuts","floor":25,"key":"SMITH"},{"data":"Tactician","floor":32,"key":"SMITH"},{"data":"Acrobatics","floor":40,"key":"SMITH"},{"data":"1","floor":42,"key":"LIFT"},{"data":"2","floor":45,"key":"LIFT"},{"data":"3","floor":49,"key":"LIFT"}],"neow_cost":"TEN_PERCENT_HP_LOSS","seed_source_timestamp":285826036181306,"circlet_count":0,"master_deck":["Defend_G","Defend_G","Defend_G","Survivor","Neutralize+1","Flying Knee","Backflip","Infinite Blades+1","Terror","Blur","Endless Agony","Cloak And Dagger+1","A Thousand Cuts+1","Acrobatics+1","Flash of Steel","Prepared+1","Tactician+1","Endless Agony+1","Slice+1","Tools of the Trade+1","After Image"],"relics":["Ring of the Snake","Mummified Hand","Kunai","Sozu","ClockworkSouvenir","Molten Egg 2","Incense Burner","Dodecahedron","Astrolabe","Girya","Du-Vu Doll"],"potions_floor_usage":[16,22,23,50],"damage_taken":[{"damage":0,"enemies":"Cultist","floor":1,"turns":4},{"damage":0,"enemies":"2 Louse","floor":2,"turns":3},{"damage":0,"enemies":"Jaw Worm","floor":4,"turns":5},{"damage":11,"enemies":"Lots of Slimes","floor":5,"turns":5},{"damage":24,"enemies":"3 Sentries","floor":6,"turns":10},{"damage":12,"enemies":"Exordium Thugs","floor":8,"turns":8},{"damage":0,"enemies":"Gremlin Gang","floor":11,"turns":7},{"damage":0,"enemies":"Large Slime","floor":12,"turns":5},{"damage":0,"enemies":"Hexaghost","floor":16,"turns":8},{"damage":12,"enemies":"2 Thieves","floor":18,"turns":4},{"damage":0,"enemies":"3 Byrds","floor":19,"turns":4},{"damage":0,"enemies":"Snecko","floor":21,"turns":4},{"damage":5,"enemies":"Snake Plant","floor":22,"turns":5},{"damage":11,"enemies":"Slavers","floor":23,"turns":6},{"damage":1,"enemies":"Centurion and Healer","floor":28,"turns":4},{"damage":0,"enemies":"Cultist and Chosen","floor":29,"turns":4},{"damage":0,"enemies":"Gremlin Leader","floor":30,"turns":5},{"damage":2,"enemies":"Snake Plant","floor":31,"turns":4},{"damage":0,"enemies":"Champ","floor":33,"turns":10},{"damage":7,"enemies":"Flame Bruiser 1 Orb","floor":35,"turns":3},{"damage":0,"enemies":"3 Shapes","floor":36,"turns":3},{"damage":0,"floor":37,"turns":4},{"damage":6,"enemies":"3 Darklings","floor":38,"turns":3},{"damage":1,"enemies":"Flame Bruiser 2 Orb","floor":39,"turns":3},{"damage":0,"enemies":"Maw","floor":47,"turns":4},{"damage":0,"enemies":"Sphere and 2 Shapes","floor":48,"turns":3},{"damage":7,"enemies":"Awakened One","floor":50,"turns":10}],"seed_played":"117368481024431246","potions_obtained":[{"floor":1,"key":"Dexterity Potion"},{"floor":11,"key":"Block Potion"},{"floor":13,"key":"Strength Potion"},{"floor":16,"key":"EssenceOfSteel"}],"is_trial":false,"path_per_floor":["M","M","$","M","M","E","R","M","T","R","M","M","?","?","R","B",null,"M","M","$","M","M","E","?","R","T","?","M","M","E","M","R","B",null,"M","M","?","M","M","R","?","R","T","$","R","?","M","M","R","B"],"character_chosen":"THE_SILENT","items_purchased":["Infinite Blades","ClockworkSouvenir","Flash of Steel","Accuracy","After Image"],"campfire_rested":0,"item_purchase_floors":[3,20,20,20,44],"current_hp_per_floor":[63,63,63,63,52,28,28,16,16,16,16,16,16,16,16,16,63,51,51,51,51,46,35,35,35,35,35,34,34,34,32,32,32,63,56,56,56,50,49,49,49,49,49,49,49,49,49,49,49,42],"gold":74,"neow_bonus":"TWO_FIFTY_GOLD","is_prod":false,"is_daily":false,"chose_seed":false,"campfire_upgraded":6,"win_rate":0,"timestamp":1534175225,"path_taken":["M","?","$","M","M","E","R","M","T","R","M","M","?","?","R","BOSS","M","M","$","M","?","E","?","R","T","?","?","M","E","M","R","BOSS","M","?","?","M","M","R","?","R","T","$","R","?","M","M","R","BOSS"],"build_version":"2018-08-09","purchased_purges":3,"victory":true,"max_hp_per_floor":[63,63,63,63,63,63,63,63,63,63,63,63,63,63,63,63,63,63,63,63,63,63,63,63,63,63,63,63,63,63,63,63,63,63,63,63,63,63,63,63,63,63,63,63,63,63,63,63,63,63],"card_choices":[{"not_picked":["Slice","Poisoned Stab"],"picked":"Flying Knee","floor":1},{"not_picked":["Deflect","Dagger Throw"],"picked":"Backflip","floor":2},{"not_picked":["Concentrate","Quick Slash"],"picked":"Terror","floor":4},{"not_picked":["Acrobatics","Outmaneuver","Backflip"],"picked":"SKIP","floor":5},{"not_picked":["Venomology","Corpse Explosion","Outmaneuver"],"picked":"SKIP","floor":6},{"not_picked":["Deadly Poison","Bouncing Flask"],"picked":"Blur","floor":8},{"not_picked":["Noxious Fumes","Backflip"],"picked":"Endless Agony","floor":11},{"not_picked":["Caltrops","Dodge and Roll"],"picked":"Cloak And Dagger","floor":12},{"not_picked":["Burst","Malaise"],"picked":"A Thousand Cuts","floor":16},{"not_picked":["Flying Knee","Quick Slash+1"],"picked":"Acrobatics","floor":18},{"not_picked":["All Out Attack+1","Flying Knee+1","Bane"],"picked":"SKIP","floor":19},{"not_picked":["Blade Dance+1","Crippling Poison"],"picked":"Prepared+1","floor":21},{"not_picked":["Dash","Crippling Poison+1","Leg Sweep"],"picked":"SKIP","floor":22},{"not_picked":["Predator","Glass Knife","Acrobatics"],"picked":"SKIP","floor":23},{"not_picked":["Distraction","Bane+1"],"picked":"Tactician","floor":28},{"not_picked":["Masterful Stab+1","Slice+1","Deadly Poison"],"picked":"SKIP","floor":29},{"not_picked":["Deadly Poison","Sucker Punch+1"],"picked":"Endless Agony+1","floor":30},{"not_picked":["Terror","Outmaneuver","PiercingWail"],"picked":"SKIP","floor":31},{"not_picked":["Tools of the Trade","Die Die Die+1"],"picked":"Phantasmal Killer","floor":33},{"not_picked":["Backflip","Distraction","Dodge and Roll"],"picked":"SKIP","floor":35},{"not_picked":["Backflip","Skewer+1","Acrobatics"],"picked":"SKIP","floor":36},{"not_picked":["Caltrops+1","Acrobatics+1","Prepared+1"],"picked":"SKIP","floor":38},{"not_picked":["Masterful Stab+1","PiercingWail","Riddle With Holes+1"],"picked":"SKIP","floor":39},{"not_picked":["Masterful Stab+1","Outmaneuver+1","Backstab+1"],"picked":"SKIP","floor":47},{"not_picked":["Acrobatics","Underhanded Strike+1","Dodge and Roll"],"picked":"SKIP","floor":48}],"player_experience":609425,"relics_obtained":[{"floor":6,"key":"Mummified Hand"},{"floor":9,"key":"Kunai"},{"floor":23,"key":"Molten Egg 2"},{"floor":26,"key":"Incense Burner"},{"floor":30,"key":"Dodecahedron"},{"floor":37,"key":"Girya"},{"floor":43,"key":"Du-Vu Doll"}],"event_choices":[{"event_name":"The Woman in Blue","player_choice":"Bought 1 Potion","floor":13,"damage_taken":0},{"event_name":"Bonfire Elementals","player_choice":"BASIC","floor":14,"damage_taken":0},{"event_name":"Purifier","player_choice":"One Purge","floor":24,"damage_taken":0},{"event_name":"Ghosts","player_choice":"Ignored","floor":27,"damage_taken":0},{"event_name":"MindBloom","player_choice":"Fight","floor":37,"damage_taken":0},{"event_name":"Purifier","player_choice":"One Purge","floor":41,"damage_taken":0},{"event_name":"Falling","player_choice":"Removed Power","floor":46,"damage_taken":0}],"is_beta":false,"boss_relics":[{"not_picked":["Fusion Hammer","Eternal Feather"],"picked":"Sozu"},{"not_picked":["Runic Pyramid","Velvet Choker"],"picked":"Astrolabe"}],"items_purged_floors":[3,20,44],"is_endless":false,"potions_floor_spawned":[1,11,16,22,28,30,31,36,39,47],"ascension_level":0}