{"path_per_floor":["M","M","?","M","M","E","R","E","T","M","?","$","M","M","R","B",null,"M","?","$","M","?","E","R","M","T","R","M","M","R","M","R","B",null,"M","M","$","M","M","R","M","?","T","M","$","M","R","$","R"],"character_chosen":"THE_SILENT","items_purchased":["Vajra","Flash of Steel","Bane","Pen Nib","Energy Potion","Block Potion"],"gold_per_floor":[119,135,135,155,165,198,198,224,250,265,328,6,16,34,34,131,131,148,148,25,42,42,71,71,85,160,160,174,189,189,209,209,308,308,324,344,14,34,50,50,60,30,56,66,18,30,30,30,30],"floor_reached":50,"campfire_rested":5,"playtime":4360,"current_hp_per_floor":[69,67,67,67,67,39,70,48,48,48,24,24,24,24,60,35,70,67,67,67,47,70,47,47,46,46,46,43,38,70,55,55,13,70,56,46,46,40,38,70,47,47,47,43,43,36,70,70,70],"items_purged":["Acrobatics","Normality","Normality"],"gold":30,"play_id":"5cae9134-b6a2-457f-bd40-6ad11e1f3640","is_prod":false,"is_daily":false,"is_ascension_mode":false,"campfire_upgraded":4,"path_taken":["M","M","?","M","M","E","R","E","T","M","?","$","?","?","R","BOSS","M","?","$","M","?","E","R","M","T","R","M","M","R","?","R","BOSS","M","M","$","M","M","R","M","?","T","M","$","M","R","?","R","BOSS"],"build_version":"2018-01-25-PROD3","purchased_purges":3,"victory":false,"master_deck":["Defend_G","Defend_G","Defend_G","Defend_G","Strike_G","Strike_G","Strike_G","Strike_G","Strike_G","Survivor","Neutralize","Quick Slash","Dagger Spray","Finisher+1","Deadly Poison","Bouncing Flask+1","Well Laid Plans","Quick Slash","Flash of Steel","Noxious Fumes+1","Poisoned Stab","After Image+1","Injury","Finisher+1","Bane","Slice","Endless Agony","Backstab","Deadly Poison+1","Backflip+1","Slice+1","Terror+1","Bane+1","Catalyst","Infinite Blades+1","Noxious Fumes+1"],"max_hp_per_floor":[70,70,70,70,70,70,70,70,70,70,70,70,70,70,70,70,70,70,70,70,70,70,70,70,70,70,70,70,70,70,70,70,70,70,70,70,70,70,70,70,70,70,70,70,70,70,70,70,70],"relics":["Ring of the Snake","Regal Pillow","Bag of Preparation","Kunai","Bronze Scales","Mummified Hand","Vajra","Calling Bell","Omamori","Prayer Wheel","Centennial Puzzle","Meat on the Bone","Gremlin Horn","Tough Bandages","Runic Pyramid","Pen Nib","Dream Catcher"],"card_choices":[{"not_picked":["Acrobatics","Leg Sweep"],"picked":"Quick Slash"},{"not_picked":["Quick Slash","Dagger Throw"],"picked":"Dagger Spray"},{"not_picked":["PiercingWail","Caltrops"],"picked":"Finisher"},{"not_picked":["Slice","Dagger Throw"],"picked":"Deadly Poison"},{"not_picked":["Eviscerate","Doppelganger"],"picked":"Acrobatics"},{"not_picked":["Poisoned Stab","Backflip"],"picked":"Bouncing Flask"},{"not_picked":["Reflex","Sucker Punch"],"picked":"Well Laid Plans"},{"not_picked":["Dagger Spray","Masterful Stab"],"picked":"Quick Slash"},{"not_picked":["Sucker Punch","Caltrops"],"picked":"Noxious Fumes"},{"not_picked":["Outmaneuver","Footwork"],"picked":"Poisoned Stab"},{"not_picked":["Doppelganger","Tools of the Trade"],"picked":"After Image"},{"not_picked":["Flechettes","Caltrops"],"picked":"Finisher"},{"not_picked":["Crippling Poison","Quick Slash"],"picked":"Slice"},{"not_picked":["Crippling Poison","Flying Knee"],"picked":"Endless Agony"},{"not_picked":["Acrobatics","Poisoned Stab"],"picked":"Backstab"},{"not_picked":["Prepared","Predator"],"picked":"Deadly Poison"},{"not_picked":["Reflex","Tools of the Trade"],"picked":"Backflip"},{"not_picked":["Heel Hook","Bouncing Flask"],"picked":"Slice"},{"not_picked":["PiercingWail","Masterful Stab"],"picked":"Terror"},{"not_picked":["Masterful Stab","Acrobatics"],"picked":"Bane"},{"not_picked":["Dagger Throw","Acrobatics"],"picked":"Catalyst"},{"not_picked":["Poisoned Stab","Malaise"],"picked":"Infinite Blades"},{"not_picked":["Choke","Acrobatics"],"picked":"Noxious Fumes"}],"player_experience":32708,"potions_floor_usage":[8,8,16,16,31,33,33,33,35,39,39,44,46,50,50],"damage_taken":[{"damage":1,"enemies":"2 Louse","floor":1,"turns":4},{"damage":2,"enemies":"Blue Slaver","floor":2,"turns":7},{"damage":0,"enemies":"Cultist","floor":4,"turns":3},{"damage":0,"enemies":"Large Slime","floor":5,"turns":4},{"damage":28,"enemies":"Gremlin Nob","floor":6,"turns":4},{"damage":22,"enemies":"3 Sentries","floor":8,"turns":5},{"damage":0,"enemies":"Exordium Wildlife","floor":10,"turns":3},{"damage":24,"enemies":"Gremlin Nob","floor":11,"turns":4},{"damage":0,"enemies":"Looter","floor":13,"turns":2},{"damage":0,"enemies":"Exordium Thugs","floor":14,"turns":2},{"damage":25,"enemies":"The Guardian","floor":16,"turns":7},{"damage":3,"enemies":"Shell Parasite","floor":18,"turns":4},{"damage":20,"enemies":"Spheric Guardian","floor":21,"turns":4},{"damage":23,"enemies":"Slavers","floor":23,"turns":5},{"damage":13,"enemies":"Snake Plant","floor":25,"turns":2},{"damage":15,"enemies":"Slaver and Parasite","floor":28,"turns":6},{"damage":5,"enemies":"Sentry and Sphere","floor":29,"turns":3},{"damage":15,"enemies":"Chosen and Byrds","floor":31,"turns":5},{"damage":69,"enemies":"Automaton","floor":33,"turns":8},{"damage":14,"enemies":"3 Darklings","floor":35,"turns":4},{"damage":10,"enemies":"Orb Walker","floor":36,"turns":3},{"damage":6,"enemies":"Sphere and 2 Shapes","floor":38,"turns":2},{"damage":14,"enemies":"4 Shapes","floor":39,"turns":7},{"damage":35,"enemies":"Maw","floor":41,"turns":5},{"damage":4,"enemies":"3 Darklings","floor":44,"turns":4},{"damage":19,"enemies":"4 Shapes","floor":46,"turns":2},{"damage":79,"enemies":"Time Eater","floor":50,"turns":5}],"event_choices":[{"event_name":"Bonfire Elementals","player_choice":"BASIC","floor":3,"damage_taken":0},{"event_name":"Dead Adventurer","player_choice":"Searched \u00272\u0027 times","floor":11,"damage_taken":0},{"event_name":"The Mausoleum","player_choice":"Yes","floor":19,"damage_taken":0},{"event_name":"The Library","player_choice":"Heal","floor":22,"damage_taken":0},{"event_name":"The Woman in Blue","player_choice":"Bought 2 Potions","floor":42,"damage_taken":0}],"boss_relics":[{"not_picked":["Runic Dome","Question Card"],"picked":"Calling Bell"},{"not_picked":["Orrery","White Beast Statue"],"picked":"Runic Pyramid"}],"potions_floor_spawned":[2,4,5,11,16,21,23,31,33,36,38],"seed_played":"-7316786226402599309","killed_by":"Time Eater","ascension_level":0,"is_trial":false}