{"path_per_floor":["M","M","M","?","M","E","R","E","T","M","M","?","R","$","R","B",null,"M","?","$","?","M","R","M","E","T","R","M","?","E","T","R","B",null,"M","?","?","?","$","R","M","R","T","?","T","$","E","M","R"],"character_chosen":"DEFECT","items_purchased":["Pen Nib","Flash of Steel"],"gold_per_floor":[115,128,139,89,100,131,131,158,158,177,193,368,368,138,138,240,240,240,240,33,33,33,33,33,33,33,33,33,33,33,33,33,33,33,33,0,0,0,0,0,0,0,0,0,0,0,0,0,0,0],"floor_reached":50,"campfire_rested":3,"playtime":1487,"current_hp_per_floor":[68,59,55,55,55,33,33,23,23,20,20,20,20,20,57,26,75,57,57,57,57,57,57,57,47,47,47,47,47,47,47,47,16,75,28,28,28,28,28,65,65,65,65,65,65,65,43,22,59,0],"items_purged":["Doubt","Zap"],"gold":0,"score":622,"play_id":"e9d9385b-c8fe-40bb-9a89-2c797b90e9a5","local_time":"20180512051801","is_prod":false,"is_daily":false,"chose_seed":false,"is_ascension_mode":true,"campfire_upgraded":6,"timestamp":1526069881,"path_taken":["M","M","M","?","M","E","R","E","T","M","M","?","R","$","R","BOSS","M","?","$","?","M","R","M","E","T","R","M","?","E","?","R","BOSS","M","?","?","?","$","R","M","R","T","?","?","$","E","M","R","BOSS"],"build_version":"2018-05-10","seed_source_timestamp":635190423674213,"purchased_purges":2,"victory":false,"master_deck":["Strike_B+1","Strike_B+1","Strike_B+1","Defend_B+1","Defend_B+1","Defend_B+1","Defend_B+1","Dualcast","Beam Cell+1","Ball Lightning","Sweeping Beam","Hyperbeam+1","Auto Shields+1","Beam Cell","Hyperbeam+1","Auto Shields","Flash of Steel+1","Skim","Go for the Eyes+1","Rebound","Hyperbeam+1","Stack+1","Hologram+1"],"max_hp_per_floor":[75,75,75,75,75,75,75,75,75,75,75,75,75,75,75,75,75,75,75,75,75,75,75,75,75,75,75,75,75,75,75,75,75,75,75,75,75,75,75,75,75,75,75,75,75,75,75,75,75,75],"relics":["Cracked Core","War Paint","Regal Pillow","Juzu Bracelet","Pen Nib","Ectoplasm","Darkstone Periapt","Ancient Tea Set","Toxic Egg 2","Tiny Chest","Nuclear Battery","Red Mask","Calipers","Gremlin Horn","Oddly Smooth Stone"],"card_choices":[{"not_picked":["Skim","Stack"],"picked":"Beam Cell","floor":1.0},{"not_picked":["BootSequence","White Noise"],"picked":"Ball Lightning","floor":2.0},{"not_picked":["Barrage","Hologram"],"picked":"Hello World","floor":3.0},{"not_picked":["Skim","Coolheaded"],"picked":"Sweeping Beam","floor":5.0},{"not_picked":["Go for the Eyes","Coolheaded"],"picked":"Hyperbeam","floor":8.0},{"not_picked":["FTL","Barrage"],"picked":"Auto Shields","floor":10.0},{"not_picked":["Stack","Sweeping Beam"],"picked":"Beam Cell","floor":11.0},{"not_picked":["Meteor Strike","Biased Cognition"],"picked":"Hyperbeam","floor":16.0},{"not_picked":["Sweeping Beam","Hello World"],"picked":"Auto Shields","floor":18.0},{"not_picked":["Scrape","Turbo"],"picked":"Skim","floor":22.0},{"not_picked":["Capacitor","Cold Snap"],"picked":"Go for the Eyes","floor":24.0},{"not_picked":["Lockon","Steam"],"picked":"Rebound","floor":28},{"not_picked":["Meteor Strike","Multi-Cast"],"picked":"Hyperbeam","floor":33},{"not_picked":["Defragment","Beam Cell"],"picked":"Stack","floor":35},{"not_picked":["Melter","Leap"],"picked":"Hologram","floor":41}],"player_experience":486733,"potions_floor_usage":[50,50],"damage_taken":[{"damage":7.0,"enemies":"Small Slimes","floor":1.0,"turns":3.0},{"damage":9.0,"enemies":"2 Louse","floor":2.0,"turns":2.0},{"damage":4.0,"enemies":"Jaw Worm","floor":3.0,"turns":3.0},{"damage":0.0,"enemies":"2 Fungi Beasts","floor":5.0,"turns":2.0},{"damage":22.0,"enemies":"3 Sentries","floor":6.0,"turns":4.0},{"damage":10.0,"enemies":"Gremlin Nob","floor":8.0,"turns":3.0},{"damage":3.0,"enemies":"Blue Slaver","floor":10.0,"turns":2.0},{"damage":0.0,"enemies":"Red Slaver","floor":11.0,"turns":3.0},{"damage":31.0,"enemies":"The Guardian","floor":16.0,"turns":11.0},{"damage":18.0,"enemies":"Shell Parasite","floor":18.0,"turns":3.0},{"damage":0.0,"enemies":"Spheric Guardian","floor":22.0,"turns":2.0},{"damage":0.0,"enemies":"Snecko","floor":24.0,"turns":5.0},{"damage":10,"enemies":"Book of Stabbing","floor":25,"turns":4},{"damage":0,"enemies":"Centurion and Healer","floor":28,"turns":1},{"damage":0,"enemies":"Gremlin Leader","floor":30,"turns":3},{"damage":31,"enemies":"Automaton","floor":33,"turns":7},{"damage":47,"enemies":"3 Darklings","floor":35,"turns":3},{"damage":0,"enemies":"Orb Walker","floor":41,"turns":3},{"damage":22,"enemies":"Nemesis","floor":47,"turns":5},{"damage":21,"enemies":"Maw","floor":48,"turns":7},{"damage":65,"enemies":"Time Eater","floor":50,"turns":9}],"event_choices":[{"event_name":"The Cleric","player_choice":"Card Removal","floor":4.0,"damage_taken":0.0},{"event_name":"Liars Game","player_choice":"agreed","floor":12.0,"damage_taken":0.0},{"event_name":"Accursed Blacksmith","player_choice":"Forge","floor":19.0,"damage_taken":0.0},{"event_name":"Back to Basics","player_choice":"Simplicity","floor":21.0,"damage_taken":0.0},{"event_name":"Addict","player_choice":"Ignored","floor":29,"damage_taken":0},{"event_name":"Tomb of Lord Red Mask","player_choice":"Paid","floor":36,"damage_taken":0},{"event_name":"Mysterious Sphere","player_choice":"Ignore","floor":37,"damage_taken":0},{"event_name":"Wheel of Change","player_choice":"Gold","floor":44,"damage_taken":0}],"boss_relics":[{"not_picked":["Velvet Choker","Lizard Tail"],"picked":"Nuclear Battery"}],"potions_floor_spawned":[3,5,8,11,22,30,48],"seed_played":"1231584899013415181","killed_by":"Time Eater","ascension_level":3,"is_trial":false}