{"path_per_floor":["M","?","M","M","?","R","E","R","T","T","M","R","M","?","R","B",null,"M","?","?","?","?","M","E","R","T","M","R","M","R","E","R","B",null,"M","?","M","?","M","R","M","R","T","?","M","$","?","M","R","B"],"character_chosen":"IRONCLAD","items_purchased":["Kunai","Panache","Bronze Scales"],"gold_per_floor":[118,118,133,149,149,149,178,178,250,275,292,292,307,307,307,404,404,416,416,331,331,331,348,373,373,373,390,390,406,406,432,432,531,531,550,550,568,568,580,580,596,596,596,596,614,16,16,33,33,33],"floor_reached":51,"campfire_rested":1,"playtime":3645,"current_hp_per_floor":[70,70,65,70,70,70,44,44,44,44,50,50,45,51,51,31,104,84,84,84,84,74,72,27,49,49,59,59,65,65,64,64,80,83,64,64,73,73,55,55,65,65,65,71,81,81,81,54,54,23],"items_purged":[],"gold":33,"play_id":"352f3064-afd8-4c62-86a3-585890993557","is_prod":false,"is_daily":false,"is_ascension_mode":false,"campfire_upgraded":10,"path_taken":["M","?","M","?","?","R","E","R","T","?","M","R","?","?","R","BOSS","M","?","?","?","?","?","E","R","T","M","R","M","R","E","R","BOSS","M","?","M","?","M","R","M","R","T","?","M","$","?","M","R","BOSS"],"build_version":"2018-01-25-PROD3","purchased_purges":0,"victory":true,"master_deck":["Defend_R","Defend_R","Defend_R+1","Bash+1","Rampage+1","Cleave+1","Thunderclap","Sword Boomerang+1","Fiend Fire+1","Shrug It Off+1","Feed","Thunderclap+1","Bite_R","Bite_R","Bite_R","Bite_R","Bite_R","Spot Weakness+1","Seeing Red+1","Body Slam+1","Dark Embrace+1","Rampage","Armaments+1","Warcry+1","Normality","Double Tap+1","Panache","Metallicize+1"],"max_hp_per_floor":[80,80,80,80,80,80,80,80,80,80,80,80,80,86,86,86,104,107,107,107,107,74,74,74,74,74,74,74,77,77,80,80,83,83,83,83,83,83,86,86,86,86,86,92,92,92,92,92,92,92],"relics":["Burning Blood","Toolbox","Darkstone Periapt","Whetstone","Mercury Hourglass","Calling Bell","Centennial Puzzle","Dodecahedron","Torii","Pantograph","Ancient Tea Set","Oddly Smooth Stone","War Paint","White Beast Statue","Ice Cream","Sundial","Kunai","Bronze Scales"],"card_choices":[{"not_picked":["Perfected Strike","Flame Barrier"],"picked":"Rampage"},{"not_picked":["Flex","Spot Weakness"],"picked":"Cleave"},{"not_picked":["Warcry","True Grit"],"picked":"Thunderclap"},{"not_picked":["Intimidate","True Grit"],"picked":"Sword Boomerang"},{"not_picked":["Second Wind","Perfected Strike"],"picked":"Fiend Fire"},{"not_picked":["Second Wind","Clothesline"],"picked":"Shrug It Off"},{"not_picked":["Limit Break","Juggernaut"],"picked":"Feed"},{"not_picked":["Corruption","True Grit"],"picked":"Thunderclap"},{"not_picked":["Iron Wave","Twin Strike"],"picked":"Spot Weakness"},{"not_picked":["Flame Barrier","Juggernaut"],"picked":"Seeing Red"},{"not_picked":["Sword Boomerang","True Grit"],"picked":"Body Slam"},{"not_picked":["Feed","Barricade"],"picked":"Dark Embrace"},{"not_picked":["Clothesline","Thunderclap"],"picked":"Rampage"},{"not_picked":["Disarm","Iron Wave"],"picked":"Armaments"},{"not_picked":["Thunderclap","Burning Pact"],"picked":"Warcry"},{"not_picked":["Clothesline","Iron Wave"],"picked":"Double Tap"},{"not_picked":["Intimidate","Perfected Strike"],"picked":"Metallicize"}],"player_experience":13662,"potions_floor_usage":[7,7,27,39,39,41,45,45,50,50,50],"damage_taken":[{"damage":16,"enemies":"Jaw Worm","floor":1,"turns":5},{"damage":11,"enemies":"Blue Slaver","floor":3,"turns":5},{"damage":1,"enemies":"Cultist","floor":4,"turns":3},{"damage":32,"enemies":"Lagavulin","floor":7,"turns":8},{"damage":0,"enemies":"3 Louse","floor":11,"turns":3},{"damage":11,"enemies":"Exordium Wildlife","floor":13,"turns":2},{"damage":26,"enemies":"Slime Boss","floor":16,"turns":8},{"damage":29,"enemies":"3 Byrds","floor":18,"turns":4},{"damage":10,"enemies":"Spheric Guardian","floor":23,"turns":3},{"damage":57,"enemies":"Book of Stabbing","floor":24,"turns":5},{"damage":0,"enemies":"Snake Plant","floor":27,"turns":2},{"damage":9,"enemies":"Centurion and Healer","floor":29,"turns":2},{"damage":14,"enemies":"Slavers","floor":31,"turns":2},{"damage":15,"enemies":"Collector","floor":33,"turns":5},{"damage":25,"enemies":"3 Darklings","floor":35,"turns":4},{"damage":1,"enemies":"Orb Walker","floor":37,"turns":2},{"damage":33,"enemies":"4 Shapes","floor":39,"turns":5},{"damage":2,"enemies":"3 Darklings","floor":41,"turns":3},{"damage":10,"enemies":"Maw","floor":45,"turns":6},{"damage":35,"enemies":"4 Shapes","floor":48,"turns":3},{"damage":79,"enemies":"Awakened One","floor":50,"turns":11}],"event_choices":[{"event_name":"Purifier","player_choice":"One Purge","floor":2,"damage_taken":0},{"event_name":"Liars Game","player_choice":"disagreed","floor":5,"damage_taken":0},{"event_name":"Big Fish","player_choice":"Box","floor":14,"damage_taken":0},{"event_name":"Back to Basics","player_choice":"Elegance","floor":19,"damage_taken":0},{"event_name":"Addict","player_choice":"Obtained Relic","floor":20,"damage_taken":0},{"event_name":"Fountain of Cleansing","player_choice":"Removed Curse","floor":21,"damage_taken":0},{"event_name":"Vampires","player_choice":"Became a vampire","floor":22,"damage_taken":0},{"event_name":"Mysterious Sphere","player_choice":"Ignore","floor":36,"damage_taken":0},{"event_name":"Tomb of Lord Red Mask","player_choice":"Ignored","floor":38,"damage_taken":0},{"event_name":"Accursed Blacksmith","player_choice":"Rummage","floor":44,"damage_taken":0},{"event_name":"The Lab","player_choice":"Got Potions","floor":47,"damage_taken":0}],"boss_relics":[{"not_picked":["Black Star","Mark of Pain"],"picked":"Calling Bell"},{"not_picked":["Tiny House","Astrolabe"],"picked":"White Beast Statue"}],"potions_floor_spawned":[3,4,24,29,35,37,39,41,45,48],"seed_played":"5715568386140900080","ascension_level":0,"is_trial":false}