{"gold_per_floor":[113,263,263,279,146,146,180,180,229,262,262,40,40,51,51,122,122,136,136,36,36,36,36,70,70,94,13,13,26,46,56,56,127,127,144,161,161,161,216,216,249,249,275,300,50,150,150,161,161,161],"floor_reached":51,"playtime":5977,"items_purged":["Strike_B","Writhe"],"score":1249,"play_id":"0fb503e8-b09e-4f47-be47-867a7803c347","local_time":"20190128150602","is_ascension_mode":true,"campfire_choices":[{"data":"Defragment","floor":6,"key":"SMITH"},{"floor":8,"key":"REST"},{"data":"Zap","floor":13,"key":"SMITH"},{"floor":15,"key":"REST"},{"floor":23,"key":"REST"},{"floor":25,"key":"REST"},{"floor":28,"key":"REST"},{"data":"Electrodynamics","floor":32,"key":"SMITH"},{"floor":40,"key":"REST"},{"floor":42,"key":"REST"},{"floor":47,"key":"REST"},{"data":"1","floor":49,"key":"LIFT"}],"neow_cost":"NONE","seed_source_timestamp":874243272061783,"circlet_count":0,"master_deck":["AscendersBane","Strike_B+1","Strike_B+1","Strike_B+1","Defend_B+1","Defend_B+1","Defend_B+1","Defend_B+1","Zap+1","Dualcast","Cold Snap+1","Defragment+1","Defragment+1","Conserve Battery","Creative AI","Glacier","Creative AI","Self Repair","Go for the Eyes+1","White Noise","Auto Shields","Ball Lightning+1","Double Energy+1","Electrodynamics+1","Electrodynamics","Chill","Hologram+1","Madness","Madness+1","Thinking Ahead","Storm+1","Echo Form","Leap+1","Undo+1"],"relics":["Cracked Core","Gremlin Horn","Ancient Tea Set","Turnip","OrangePellets","Velvet Choker","Matryoshka","Bag of Marbles","Bronze Scales","Bottled Flame","Snecko Eye","Girya","Orichalcum","War Paint","Whetstone","Pen Nib","FossilizedHelix"],"potions_floor_usage":[16,20,24,31,39,39,50,50],"damage_taken":[{"damage":8,"enemies":"Small Slimes","floor":1,"turns":3},{"damage":3,"enemies":"2 Louse","floor":4,"turns":3},{"damage":18,"enemies":"Lagavulin","floor":7,"turns":7},{"damage":9,"enemies":"3 Sentries","floor":10,"turns":7},{"damage":3,"enemies":"Jaw Worm","floor":14,"turns":3},{"damage":11,"enemies":"The Guardian","floor":16,"turns":11},{"damage":19,"enemies":"3 Byrds","floor":18,"turns":8},{"damage":13,"enemies":"2 Thieves","floor":20,"turns":5},{"damage":56,"enemies":"Slavers","floor":24,"turns":13},{"damage":8,"enemies":"Centurion and Healer","floor":29,"turns":6},{"damage":0,"enemies":"Snake Plant","floor":30,"turns":5},{"damage":10,"enemies":"Snecko","floor":31,"turns":7},{"damage":18,"enemies":"Collector","floor":33,"turns":9},{"damage":9,"enemies":"Orb Walker","floor":35,"turns":3},{"damage":0,"enemies":"3 Shapes","floor":36,"turns":3},{"damage":12,"enemies":"2 Orb Walkers","floor":39,"turns":3},{"damage":35,"enemies":"Giant Head","floor":41,"turns":10},{"damage":25,"enemies":"Nemesis","floor":44,"turns":5},{"damage":0,"enemies":"Mind Bloom Boss Battle","floor":46,"turns":5},{"damage":0,"enemies":"3 Darklings","floor":48,"turns":3},{"damage":26,"enemies":"Donu and Deca","floor":50,"turns":6}],"seed_played":"3989033292096892825","potions_obtained":[{"floor":7,"key":"AttackPotion"},{"floor":14,"key":"SkillPotion"},{"floor":18,"key":"Weak Potion"},{"floor":24,"key":"AttackPotion"},{"floor":30,"key":"SneckoOil"},{"floor":35,"key":"SkillPotion"},{"floor":41,"key":"FocusPotion"},{"floor":48,"key":"SpeedPotion"}],"is_trial":false,"path_per_floor":["M","?","?","M","$","R","E","R","T","E","?","$","R","M","R","B",null,"M","$","M","?","?","R","E","R","T","$","R","M","M","M","R","B",null,"M","M","?","?","?","R","E","R","T","E","$","?","R","M","R","B",null],"character_chosen":"DEFECT","items_purchased":["Conserve Battery","OrangePellets","Auto Shields","Echo Form"],"campfire_rested":8,"item_purchase_floors":[5,12,27,45],"current_hp_per_floor":[56,56,49,46,46,46,28,49,49,40,40,40,40,37,58,47,65,46,46,40,40,40,61,12,33,33,33,54,53,60,57,57,46,65,63,63,50,50,45,66,38,59,59,41,41,48,69,69,69,43],"gold":161,"neow_bonus":"THREE_CARDS","is_prod":false,"is_daily":false,"chose_seed":false,"campfire_upgraded":3,"win_rate":0,"timestamp":1548684362,"path_taken":["M","?","?","M","$","R","E","R","T","E","?","$","R","M","R","BOSS","M","$","M","?","?","R","E","R","T","?","R","M","M","M","R","BOSS","M","M","?","?","?","R","E","R","T","E","$","?","R","M","R","BOSS"],"build_version":"2019-01-23","purchased_purges":2,"victory":true,"max_hp_per_floor":[71,71,71,71,71,71,71,71,71,71,71,71,71,71,71,71,71,71,71,71,71,71,71,71,71,71,71,71,71,71,71,71,71,71,71,71,71,71,71,71,71,71,71,71,71,71,71,71,71,71],"card_choices":[{"not_picked":["Ball Lightning","Sweeping Beam"],"picked":"Cold Snap","floor":0},{"not_picked":["Conserve Battery","Hologram"],"picked":"Defragment","floor":1},{"not_picked":["Cold Snap","Melter"],"picked":"Defragment","floor":4},{"not_picked":["Sweeping Beam","Hologram"],"picked":"Creative AI","floor":7},{"not_picked":["Stack","Consume","Steam"],"picked":"SKIP","floor":10},{"not_picked":["Self Repair","Go for the Eyes"],"picked":"Glacier","floor":14},{"not_picked":["Thunder Strike","Amplify"],"picked":"Creative AI","floor":16},{"not_picked":["Leap","Gash"],"picked":"Self Repair","floor":18},{"not_picked":["Sunder","Turbo"],"picked":"Go for the Eyes","floor":20},{"not_picked":["Conserve Battery","Scrape"],"picked":"White Noise","floor":24},{"not_picked":["Turbo","Redo"],"picked":"Ball Lightning+1","floor":29},{"not_picked":["Genetic Algorithm","Conserve Battery"],"picked":"Double Energy+1","floor":30},{"not_picked":["Leap","Go for the Eyes"],"picked":"Electrodynamics","floor":31},{"not_picked":["Machine Learning","All For One"],"picked":"Electrodynamics","floor":33},{"not_picked":["Steam+1","Gash"],"picked":"Chill","floor":35},{"not_picked":["Tempest","Conserve Battery"],"picked":"Hologram","floor":36},{"not_picked":["PanicButton","Enlightenment"],"picked":"Thinking Ahead","floor":38},{"not_picked":["Heatsinks","Cold Snap+1"],"picked":"Storm+1","floor":39},{"not_picked":["Meteor Strike","Redo","Steam Power+1"],"picked":"SKIP","floor":41},{"not_picked":["Auto Shields+1","FTL","Conserve Battery"],"picked":"SKIP","floor":44},{"not_picked":["White Noise","Rebound"],"picked":"Leap+1","floor":46},{"not_picked":["Streamline","Ball Lightning"],"picked":"Undo+1","floor":48}],"player_experience":877705,"relics_obtained":[{"floor":7,"key":"Gremlin Horn"},{"floor":9,"key":"Ancient Tea Set"},{"floor":10,"key":"Turnip"},{"floor":24,"key":"Bag of Marbles"},{"floor":26,"key":"Bronze Scales"},{"floor":26,"key":"Bottled Flame"},{"floor":39,"key":"Girya"},{"floor":41,"key":"Orichalcum"},{"floor":43,"key":"War Paint"},{"floor":43,"key":"Whetstone"},{"floor":44,"key":"Pen Nib"},{"floor":46,"key":"FossilizedHelix"}],"event_choices":[{"damage_healed":0,"gold_gain":150,"player_choice":"AGREE","damage_taken":0,"max_hp_gain":0,"max_hp_loss":0,"event_name":"Liars Game","floor":2,"gold_loss":0,"cards_obtained":["Doubt"]},{"cards_removed":["Doubt"],"damage_healed":0,"gold_gain":0,"player_choice":"Card Removal","damage_taken":7,"max_hp_gain":0,"max_hp_loss":0,"event_name":"Golden Wing","floor":3,"gold_loss":0},{"damage_healed":0,"gold_gain":0,"player_choice":"Grow","damage_taken":0,"max_hp_gain":0,"max_hp_loss":0,"event_name":"Living Wall","floor":11,"gold_loss":0,"cards_upgraded":["Defragment"]},{"damage_healed":0,"gold_gain":0,"player_choice":"Opened","damage_taken":0,"relics_obtained":["Matryoshka"],"max_hp_gain":0,"max_hp_loss":0,"event_name":"The Mausoleum","floor":21,"gold_loss":0,"cards_obtained":["Writhe"]},{"damage_healed":0,"gold_gain":0,"player_choice":"Simplicity","damage_taken":0,"max_hp_gain":0,"max_hp_loss":0,"event_name":"Back to Basics","floor":22,"gold_loss":0,"cards_upgraded":["Strike_B","Strike_B","Strike_B","Defend_B","Defend_B","Defend_B","Defend_B"]},{"damage_healed":0,"gold_gain":0,"player_choice":"Embrace Madness","damage_taken":13,"max_hp_gain":0,"max_hp_loss":0,"event_name":"Winding Halls","floor":37,"gold_loss":0,"cards_obtained":["Madness","Madness"]},{"damage_healed":0,"gold_gain":0,"player_choice":"Memory 1","damage_taken":0,"max_hp_gain":0,"max_hp_loss":0,"event_name":"SensoryStone","floor":38,"gold_loss":0},{"damage_healed":0,"gold_gain":0,"player_choice":"Fight","damage_taken":0,"max_hp_gain":0,"max_hp_loss":0,"event_name":"Mysterious Sphere","floor":39,"gold_loss":0},{"damage_healed":0,"gold_gain":0,"player_choice":"Fight","damage_taken":0,"max_hp_gain":0,"max_hp_loss":0,"event_name":"MindBloom","floor":46,"gold_loss":0}],"is_beta":true,"boss_relics":[{"not_picked":["Lizard Tail","Inserter"],"picked":"Velvet Choker"},{"not_picked":["Coffee Dripper","Black Star"],"picked":"Snecko Eye"}],"items_purged_floors":[5,45],"is_endless":false,"potions_floor_spawned":[7,14,18,24,30,35,41,48],"ascension_level":17}