{"gold_per_floor":[364,539,557,116,129,129,157,157,157,57,72,72,101,115,115,115],"floor_reached":16,"playtime":1271,"items_purged":["Doubt","Strike_R"],"score":116,"play_id":"5dcdf5a3-b354-4a48-ab20-e61d14402b13","local_time":"20190306212921","is_ascension_mode":true,"campfire_choices":[{"data":"True Grit","floor":6,"key":"SMITH"},{"data":"Bash","floor":15,"key":"SMITH"}],"neow_cost":"TEN_PERCENT_HP_LOSS","seed_source_timestamp":304679205399623,"circlet_count":0,"master_deck":["Strike_R","Strike_R","Strike_R","Defend_R","Defend_R","Defend_R","Defend_R","Bash+1","Dropkick","Corruption","True Grit+1","Exhume","Battle Trance"],"relics":["Burning Blood","Kunai","Letter Opener","Strawberry","Blood Vial"],"potions_floor_usage":[7,16,16],"damage_taken":[{"damage":3,"enemies":"2 Louse","floor":1,"turns":4},{"damage":15,"enemies":"Jaw Worm","floor":3,"turns":5},{"damage":0,"enemies":"Small Slimes","floor":5,"turns":3},{"damage":23,"enemies":"Gremlin Nob","floor":7,"turns":5},{"damage":1,"enemies":"Looter","floor":11,"turns":4},{"damage":47,"enemies":"3 Sentries","floor":13,"turns":16},{"damage":13,"enemies":"Red Slaver","floor":14,"turns":5},{"damage":22,"enemies":"Slime Boss","floor":16,"turns":6}],"seed_played":"8088402896529395758","potions_obtained":[{"floor":3,"key":"Ancient Potion"},{"floor":7,"key":"Dexterity Potion"},{"floor":11,"key":"FearPotion"},{"floor":13,"key":"Strength Potion"}],"is_trial":false,"path_per_floor":["M","?","M","$","M","R","E","?","T","$","M","$","E","M","R","B"],"character_chosen":"IRONCLAD","items_purchased":["Corruption","True Grit","Kunai"],"campfire_rested":0,"item_purchase_floors":[4,4,4],"current_hp_per_floor":[72,72,63,63,69,69,52,45,52,52,57,57,16,11,11,0],"gold":115,"neow_bonus":"TWO_FIFTY_GOLD","is_prod":false,"is_daily":false,"chose_seed":false,"campfire_upgraded":2,"win_rate":0,"timestamp":1551904161,"path_taken":["M","?","M","$","M","R","E","?","T","$","M","?","E","M","R","BOSS"],"build_version":"2019-01-23","purchased_purges":2,"victory":false,"max_hp_per_floor":[72,72,72,72,72,72,72,72,79,79,79,79,79,79,79,79],"card_choices":[{"not_picked":["Pommel Strike","Iron Wave"],"picked":"Dropkick","floor":1},{"not_picked":["Heavy Blade","Shrug It Off","Perfected Strike"],"picked":"SKIP","floor":3},{"not_picked":["Thunderclap","Anger"],"picked":"Exhume","floor":5},{"not_picked":["Metallicize","Sword Boomerang","Fire Breathing"],"picked":"SKIP","floor":7},{"not_picked":["Sword Boomerang","Uppercut","Shrug It Off"],"picked":"SKIP","floor":11},{"not_picked":["Iron Wave","Infernal Blade","Searing Blow"],"picked":"SKIP","floor":13},{"not_picked":["Inflame","Shockwave"],"picked":"Battle Trance","floor":14}],"player_experience":1072157,"relics_obtained":[{"floor":7,"key":"Letter Opener"},{"floor":9,"key":"Strawberry"},{"floor":13,"key":"Blood Vial"}],"event_choices":[{"damage_healed":0,"gold_gain":175,"player_choice":"AGREE","damage_taken":0,"max_hp_gain":0,"max_hp_loss":0,"event_name":"Liars Game","floor":2,"gold_loss":0,"cards_obtained":["Doubt"]},{"cards_removed":["Strike_R"],"damage_healed":0,"gold_gain":0,"player_choice":"Card Removal","damage_taken":7,"max_hp_gain":0,"max_hp_loss":0,"event_name":"Golden Wing","floor":8,"gold_loss":0}],"is_beta":false,"boss_relics":[],"items_purged_floors":[4,10],"is_endless":false,"potions_floor_spawned":[3,7,11,13],"killed_by":"Slime Boss","ascension_level":1}