{"gold_per_floor":[111,111,128,53,63,94,94,129,129,139,139],"floor_reached":11,"playtime":493,"items_purged":["Pain"],"score":95,"play_id":"cd7cf087-38d7-42c1-8f5e-1a151ee481f9","local_time":"20190128161027","is_ascension_mode":true,"campfire_choices":[],"neow_cost":"NONE","seed_source_timestamp":388606742050149,"circlet_count":0,"master_deck":["Strike_B","Strike_B","Strike_B","Strike_B","Defend_B","Defend_B","Defend_B","Defend_B","Zap","Dualcast","Defragment","Conserve Battery","Steam","White Noise","Stack"],"relics":["Cracked Core","WarpedTongs","Dead Branch","Calipers"],"potions_floor_usage":[5],"damage_taken":[{"damage":0,"enemies":"Cultist","floor":1,"turns":4},{"damage":0,"enemies":"Jaw Worm","floor":3,"turns":2},{"damage":3,"enemies":"Small Slimes","floor":5,"turns":2},{"damage":5,"enemies":"Lagavulin","floor":6,"turns":7},{"damage":22,"enemies":"3 Sentries","floor":8,"turns":8},{"damage":3,"enemies":"2 Fungi Beasts","floor":10,"turns":4},{"damage":59,"enemies":"Gremlin Nob","floor":11,"turns":5}],"seed_played":"-6754516022384349964","potions_obtained":[{"floor":1,"key":"SteroidPotion"},{"floor":10,"key":"FearPotion"}],"is_trial":false,"path_per_floor":["M","?","M","$","M","E","?","E","T","M","E"],"character_chosen":"DEFECT","items_purchased":[],"campfire_rested":0,"item_purchase_floors":[],"current_hp_per_floor":[82,82,82,82,79,74,74,52,52,49,0],"gold":139,"neow_bonus":"TEN_PERCENT_HP_BONUS","is_prod":false,"is_daily":false,"chose_seed":false,"campfire_upgraded":0,"win_rate":0,"timestamp":1548709827,"path_taken":["M","?","M","$","?","E","?","E","T","M","E"],"build_version":"2019-01-23","purchased_purges":1,"victory":false,"max_hp_per_floor":[82,82,82,82,82,82,82,82,82,82,82],"card_choices":[{"not_picked":["Recycle","Go for the Eyes"],"picked":"Defragment","floor":1},{"not_picked":["Beam Cell","Steam"],"picked":"Conserve Battery","floor":3},{"not_picked":["Reinforced Body","Loop","Doom and Gloom"],"picked":"SKIP","floor":5},{"not_picked":["Compile Driver","Skim"],"picked":"Steam","floor":6},{"not_picked":["Rebound","Hello World"],"picked":"White Noise","floor":8},{"not_picked":["Turbo","Hello World"],"picked":"Stack","floor":10}],"player_experience":208399,"relics_obtained":[{"floor":6,"key":"Dead Branch"},{"floor":8,"key":"Calipers"}],"event_choices":[{"damage_healed":0,"gold_gain":0,"player_choice":"Rummage","damage_taken":0,"relics_obtained":["WarpedTongs"],"max_hp_gain":0,"max_hp_loss":0,"event_name":"Accursed Blacksmith","floor":2,"gold_loss":0,"cards_obtained":["Pain"]},{"damage_healed":0,"gold_gain":0,"player_choice":"Bought 0 Potions","damage_taken":0,"max_hp_gain":0,"max_hp_loss":0,"event_name":"The Woman in Blue","floor":7,"gold_loss":0}],"is_beta":false,"boss_relics":[],"items_purged_floors":[4],"is_endless":false,"potions_floor_spawned":[1,10],"killed_by":"Gremlin Nob","ascension_level":3}