{"path_per_floor":["M","?","M","T","$","R","M","M","T","?","M","R","M","M","R","B",null,"M","M","?","?","M","R","M","M","T","M","R","?","?","M","R"],"character_chosen":"DEFECT","items_purchased":["Gash"],"gold_per_floor":[111,111,126,126,74,74,94,110,135,135,152,152,164,177,177,277,307,327,345,345,345,358,358,375,391,391,403,403,403,403,416,416,416],"floor_reached":33,"campfire_rested":5,"playtime":1298,"item_purchase_floors":[5],"current_hp_per_floor":[30,23,19,19,19,41,37,35,35,23,23,45,45,45,67,43,80,80,79,64,64,73,73,48,40,40,40,65,65,65,47,72,0],"items_purged":[],"gold":416,"score":243,"play_id":"14cc679e-0b00-43cb-8536-e426bb8baf1c","local_time":"20180602000244","is_prod":false,"is_daily":false,"chose_seed":false,"is_ascension_mode":false,"campfire_upgraded":1,"win_rate":0,"timestamp":1527861764,"campfire_choices":[{"floor":6,"key":"REST"},{"floor":12,"key":"REST"},{"floor":15,"key":"REST"},{"data":"Electrodynamics","floor":23,"key":"SMITH"},{"floor":28,"key":"REST"},{"floor":32,"key":"REST"}],"path_taken":["M","?","M","?","$","R","?","M","T","?","?","R","M","M","R","BOSS","M","M","?","?","?","R","M","M","T","M","R","?","?","M","R","BOSS"],"build_version":"2018-05-30v2","seed_source_timestamp":184764549737891,"purchased_purges":0,"victory":false,"master_deck":["Strike_B","Strike_B","Defend_B+1","Defend_B","Defend_B","Zap+1","Dualcast","Cold Snap","Chill+1","Gash","Ball Lightning","Go for the Eyes","Ball Lightning","Sweeping Beam","All For One","Electrodynamics+1","Cold Snap","Loop","Hologram","Rebound","Beam Cell","Scrape","Electrodynamics+1","Beam Cell"],"max_hp_per_floor":[75,75,75,75,75,75,75,75,75,75,75,75,75,75,75,75,80,80,80,85,85,85,85,85,85,85,85,85,85,85,85,85,85],"relics":["Cracked Core","Question Card","Anchor","War Paint","Tiny House","Sundial"],"card_choices":[{"not_picked":["Consume","Turbo"],"picked":"Cold Snap","floor":1},{"not_picked":["Reprogram","Melter"],"picked":"Chill","floor":3},{"not_picked":["Self Repair","Stack","Conserve Battery"],"picked":"Ball Lightning","floor":7},{"not_picked":["Sweeping Beam","Ball Lightning","Auto Shields"],"picked":"Go for the Eyes","floor":8},{"not_picked":["Coolheaded","Streamline","Recycle"],"picked":"Ball Lightning","floor":11},{"not_picked":["Beam Cell","Streamline","Consume","Sweeping Beam"],"picked":"SKIP","floor":13},{"not_picked":["Beam Cell","Streamline","Consume"],"picked":"Sweeping Beam","floor":13},{"not_picked":["Conserve Battery","Barrage","Hologram"],"picked":"All For One","floor":14},{"not_picked":["Thunder Strike","Reboot","Machine Learning"],"picked":"Electrodynamics","floor":16},{"not_picked":["Sweeping Beam","Rebound","Recycle"],"picked":"Cold Snap","floor":17},{"not_picked":["Double Energy","Fusion","Sunder+1"],"picked":"Loop","floor":18},{"not_picked":["Chill+1","BootSequence","Aggregate+1"],"picked":"Steam","floor":19},{"not_picked":["BootSequence+1","Undo","Force Field+1"],"picked":"Rebound","floor":22},{"not_picked":["Ball Lightning","Hologram","Meteor Strike"],"picked":"Beam Cell","floor":24},{"not_picked":["Turbo","Force Field","Ball Lightning"],"picked":"Scrape","floor":25},{"not_picked":["Streamline+1","Steam","Rip and Tear","Darkness"],"picked":"SKIP","floor":27},{"not_picked":["Reprogram","Barrage","Redo"],"picked":"Beam Cell","floor":31}],"player_experience":343390,"potions_floor_usage":[8,8,11,16,16,16,18,18,22,24,27],"damage_taken":[{"damage":8,"enemies":"Jaw Worm","floor":1,"turns":3},{"damage":4,"enemies":"Small Slimes","floor":3,"turns":3},{"damage":4,"enemies":"2 Louse","floor":7,"turns":3},{"damage":11,"enemies":"Lots of Slimes","floor":8,"turns":4},{"damage":0,"enemies":"Exordium Thugs","floor":11,"turns":4},{"damage":0,"enemies":"3 Louse","floor":13,"turns":2},{"damage":0,"enemies":"Looter","floor":14,"turns":2},{"damage":24,"enemies":"The Guardian","floor":16,"turns":8},{"damage":0,"enemies":"2 Thieves","floor":18,"turns":2},{"damage":1,"enemies":"Spheric Guardian","floor":19,"turns":3},{"damage":6,"enemies":"Centurion and Healer","floor":22,"turns":6},{"damage":25,"enemies":"Snake Plant","floor":24,"turns":5},{"damage":8,"enemies":"3 Cultists","floor":25,"turns":4},{"damage":0,"enemies":"Centurion and Healer","floor":27,"turns":4},{"damage":18,"enemies":"Snake Plant","floor":31,"turns":5},{"damage":83,"enemies":"Automaton","floor":33,"turns":6}],"relics_obtained":[{"floor":4,"key":"Question Card"},{"floor":9,"key":"Anchor"},{"floor":26,"key":"Sundial"}],"event_choices":[{"event_name":"Golden Wing","player_choice":"Card Removal","floor":2,"damage_taken":0},{"event_name":"Scrap Ooze","player_choice":"success","floor":10,"damage_taken":12},{"event_name":"Forgotten Altar","player_choice":"Shed Blood","floor":20,"damage_taken":0},{"event_name":"Transmorgrifier","player_choice":"Transform","floor":21,"damage_taken":0},{"event_name":"Duplicator","player_choice":"One dupe","floor":29,"damage_taken":0},{"event_name":"Drug Dealer","player_choice":"Ignored","floor":30,"damage_taken":0}],"boss_relics":[{"not_picked":["Snecko Eye","Philosopher\u0027s Stone"],"picked":"Tiny House"}],"items_purged_floors":[],"potions_floor_spawned":[7,11,13,16,18,22,25],"seed_played":"-4889617679161155031","killed_by":"Automaton","ascension_level":0,"potions_obtained":[{"floor":7,"key":"EntropicBrew"},{"floor":11,"key":"GamblersBrew"},{"floor":13,"key":"SkillPotion"},{"floor":16,"key":"Swift Potion"},{"floor":17,"key":"EssenceOfSteel"},{"floor":18,"key":"Regen Potion"},{"floor":22,"key":"Dexterity Potion"},{"floor":25,"key":"SkillPotion"}],"is_trial":false}