{"gold_per_floor":[110,110,110,120,4,34,34,47,47,47,57,57,85,96,96,194,194,212,230,240,240,7,38,38,138,138,138,138,138],"floor_reached":29,"playtime":2274,"items_purged":["Decay"],"score":292,"play_id":"389a104b-ad97-4369-974f-5418bbec968d","local_time":"20190122225812","is_ascension_mode":true,"campfire_choices":[{"data":"Blade Dance","floor":7,"key":"SMITH"},{"floor":10,"key":"RECALL"},{"data":"Calculated Gamble","floor":12,"key":"SMITH"},{"data":"Neutralize","floor":15,"key":"SMITH"},{"data":"After Image","floor":24,"key":"SMITH"}],"neow_cost":"NONE","seed_source_timestamp":86420516666334,"circlet_count":0,"master_deck":["Defend_G","Defend_G","Defend_G","Defend_G","Defend_G","Strike_G","Strike_G","Strike_G","Strike_G","Survivor","Neutralize+1","Quick Slash","Catalyst","Backflip","Footwork","Blade Dance+1","Calculated Gamble+1","Blade Dance","Escape Plan","Deadly Poison","After Image+1","Quick Slash+1","Deadly Poison","Catalyst+1","Dagger Throw","Flying Knee","Sucker Punch","Noxious Fumes+1","Shame","Necronomicurse"],"relics":["Ring of the Snake","NeowsBlessing","Ginger","The Specimen","Cursed Key","MutagenicStrength","Membership Card","Happy Flower","Prayer Wheel","Mercury Hourglass","Sundial","Necronomicon"],"potions_floor_usage":[13,16,27],"damage_taken":[{"damage":0,"enemies":"Jaw Worm","floor":1,"turns":1},{"damage":0,"enemies":"2 Louse","floor":4,"turns":1},{"damage":0,"enemies":"Lagavulin","floor":6,"turns":1},{"damage":0,"enemies":"Cultist","floor":8,"turns":4},{"damage":17,"enemies":"Exordium Thugs","floor":11,"turns":8},{"damage":22,"enemies":"Gremlin Nob","floor":13,"turns":4},{"damage":1,"enemies":"2 Fungi Beasts","floor":14,"turns":3},{"damage":16,"enemies":"Hexaghost","floor":16,"turns":11},{"damage":3,"enemies":"Spheric Guardian","floor":18,"turns":6},{"damage":0,"enemies":"Shell Parasite","floor":19,"turns":6},{"damage":0,"enemies":"Centurion and Healer","floor":20,"turns":5},{"damage":31,"enemies":"Gremlin Leader","floor":23,"turns":4},{"damage":8,"enemies":"Colosseum Slavers","floor":25,"turns":5},{"damage":9,"enemies":"Colosseum Nobs","floor":25,"turns":4},{"damage":0,"enemies":"Snake Plant","floor":27,"turns":1},{"damage":4,"enemies":"Sentry and Sphere","floor":29,"turns":3}],"seed_played":"-537361756341179151","potions_obtained":[{"floor":8,"key":"LiquidBronze"},{"floor":14,"key":"FearPotion"},{"floor":25,"key":"SmokeBomb"}],"is_trial":false,"path_per_floor":["M","?","?","M","$","E","R","M","T","R","M","R","E","M","R","B",null,"M","M","M","?","$","E","R","?","T","M","?","M"],"character_chosen":"THE_SILENT","items_purchased":["Footwork","Membership Card","Dagger Throw","Flying Knee"],"campfire_rested":0,"item_purchase_floors":[5,22,22,22],"current_hp_per_floor":[70,70,70,70,70,70,70,70,70,70,53,53,31,30,30,14,70,67,67,67,67,67,36,36,19,19,19,3,0],"gold":138,"neow_bonus":"THREE_ENEMY_KILL","is_prod":false,"is_daily":false,"chose_seed":false,"campfire_upgraded":4,"win_rate":0,"timestamp":1548215892,"path_taken":["M","?","?","M","$","E","R","M","T","R","?","R","E","M","R","BOSS","M","M","M","?","$","E","R","?","T","M","?","M"],"build_version":"2019-01-17v2","purchased_purges":1,"victory":false,"max_hp_per_floor":[70,70,70,70,70,70,70,70,70,70,70,70,70,70,70,70,70,70,70,70,70,70,70,70,70,70,70,70,70],"card_choices":[{"not_picked":["Catalyst","Footwork"],"picked":"Quick Slash","floor":1},{"not_picked":["Bane","Quick Slash"],"picked":"Backflip","floor":4},{"not_picked":["Wraith Form v2","Backstab"],"picked":"Blade Dance","floor":6},{"not_picked":["Dodge and Roll","Choke"],"picked":"Calculated Gamble","floor":8},{"not_picked":["Outmaneuver","Dagger Spray"],"picked":"Blade Dance","floor":11},{"not_picked":["Burst","Underhanded Strike"],"picked":"Escape Plan","floor":13},{"not_picked":["Bane","Noxious Fumes"],"picked":"Deadly Poison","floor":14},{"not_picked":["Night Terror","Glass Knife"],"picked":"After Image","floor":16},{"not_picked":["Deflect","Sucker Punch+1"],"picked":"Quick Slash+1","floor":18},{"not_picked":["Backflip+1","Underhanded Strike"],"picked":"Deadly Poison","floor":19},{"not_picked":["PiercingWail","Deadly Poison+1"],"picked":"Catalyst+1","floor":20},{"not_picked":["Bane","Bullet Time"],"picked":"Sucker Punch","floor":23},{"not_picked":["Leg Sweep+1","Escape Plan"],"picked":"Noxious Fumes+1","floor":25}],"player_experience":47914,"relics_obtained":[{"floor":6,"key":"Ginger"},{"floor":13,"key":"The Specimen"},{"floor":23,"key":"Happy Flower"},{"floor":25,"key":"Prayer Wheel"},{"floor":25,"key":"Mercury Hourglass"},{"floor":26,"key":"Sundial"},{"floor":28,"key":"Necronomicon"}],"event_choices":[{"damage_healed":0,"gold_gain":0,"cards_transformed":["Strike_G"],"player_choice":"Change","damage_taken":0,"max_hp_gain":0,"max_hp_loss":0,"event_name":"Living Wall","floor":2,"gold_loss":0,"cards_obtained":["Catalyst"]},{"damage_healed":0,"gold_gain":0,"player_choice":"Cursed","damage_taken":0,"max_hp_gain":0,"max_hp_loss":0,"event_name":"Wheel of Change","floor":3,"gold_loss":0,"cards_obtained":["Decay"]},{"damage_healed":0,"gold_gain":0,"player_choice":"Inject Mutagens","damage_taken":0,"relics_obtained":["MutagenicStrength"],"max_hp_gain":0,"max_hp_loss":0,"event_name":"Drug Dealer","floor":21,"gold_loss":0},{"damage_healed":0,"gold_gain":0,"player_choice":"Fight","damage_taken":0,"max_hp_gain":0,"max_hp_loss":0,"event_name":"Colosseum","floor":25,"gold_loss":0},{"damage_healed":0,"gold_gain":0,"player_choice":"Fought Nobs","damage_taken":0,"max_hp_gain":0,"max_hp_loss":0,"event_name":"Colosseum","floor":25,"gold_loss":0},{"damage_healed":0,"gold_gain":0,"player_choice":"Obtained Book","damage_taken":16,"max_hp_gain":0,"max_hp_loss":0,"event_name":"Cursed Tome","floor":28,"gold_loss":0}],"is_beta":false,"boss_relics":[{"not_picked":["Empty Cage","Velvet Choker"],"picked":"Cursed Key"}],"items_purged_floors":[5],"is_endless":false,"potions_floor_spawned":[8,14,25,25,27],"killed_by":"Sentry and Sphere","ascension_level":1}