{"gold_per_floor":[365,365,379,57,73,103,119,154,202,230,248,248,268,279,279,352,352,369,384,384,299,21,49,49,76,103,138,63,63,78,104,104,178,178,191,191,211,225,245,245,245],"floor_reached":41,"playtime":2866,"items_purged":["Strike_B"],"score":1136,"play_id":"88c26545-62e2-46d5-b3bc-9ecd7e001e03","local_time":"20190303074611","is_ascension_mode":true,"campfire_choices":[{"data":"Zap","floor":12.0,"key":"SMITH"},{"data":"Hologram","floor":15.0,"key":"SMITH"},{"data":"Sweeping Beam","floor":24.0,"key":"SMITH"},{"data":"Dualcast","floor":29.0,"key":"SMITH"},{"data":"Lockon","floor":32.0,"key":"SMITH"},{"data":"Multi-Cast","floor":40,"key":"SMITH"}],"neow_cost":"PERCENT_DAMAGE","seed_source_timestamp":0,"circlet_count":0,"master_deck":["AscendersBane","Defend_B","Defend_B","Defend_B","Zap+1","Dualcast+1","Barrage","Hologram+1","Steam","Conserve Battery","Barrage","Cold Snap","Glacier","Coolheaded","Sweeping Beam+1","Seek","White Noise","BootSequence","Ball Lightning","Core Surge","Go for the Eyes","Ball Lightning+1","Bite","Bite","Bite","Bite","Bite","BootSequence","Go for the Eyes","Ball Lightning","Beam Cell+1","Lockon+1","Core Surge","Gash","Multi-Cast+1","Ball Lightning","Parasite"],"special_seed":0,"relics":["Cracked Core","Membership Card","Meat on the Bone","Mercury Hourglass","Potion Belt","Centennial Puzzle","Runic Pyramid","Gambling Chip","Medical Kit","Emotion Chip","Pen Nib","Ancient Tea Set","Bag of Preparation","Darkstone Periapt","Anchor","Busted Crown"],"potions_floor_usage":[37],"damage_taken":[{"damage":8.0,"enemies":"Cultist","floor":1.0,"turns":5.0},{"damage":5.0,"enemies":"2 Louse","floor":3.0,"turns":4.0},{"damage":0.0,"enemies":"Jaw Worm","floor":5.0,"turns":4.0},{"damage":15.0,"enemies":"Gremlin Nob","floor":6.0,"turns":4.0},{"damage":6.0,"enemies":"Blue Slaver","floor":7.0,"turns":4.0},{"damage":8.0,"enemies":"3 Sentries","floor":8.0,"turns":14.0},{"damage":3.0,"enemies":"Lagavulin","floor":10.0,"turns":8.0},{"damage":0.0,"enemies":"Large Slime","floor":11.0,"turns":5.0},{"damage":3.0,"enemies":"Gremlin Gang","floor":13.0,"turns":3.0},{"damage":0.0,"enemies":"2 Fungi Beasts","floor":14.0,"turns":2.0},{"damage":25.0,"enemies":"Hexaghost","floor":16.0,"turns":9.0},{"damage":8.0,"enemies":"2 Thieves","floor":18.0,"turns":4.0},{"damage":7.0,"enemies":"3 Byrds","floor":19.0,"turns":4.0},{"damage":15.0,"enemies":"Book of Stabbing","floor":23.0,"turns":5.0},{"damage":28.0,"enemies":"Slavers","floor":25.0,"turns":4.0},{"damage":0.0,"enemies":"Gremlin Leader","floor":27.0,"turns":9.0},{"damage":5.0,"enemies":"Centurion and Healer","floor":30.0,"turns":4.0},{"damage":15.0,"enemies":"Slavers","floor":31.0,"turns":4.0},{"damage":20.0,"enemies":"Champ","floor":33.0,"turns":12.0},{"damage":0.0,"enemies":"3 Shapes","floor":35.0,"turns":5.0},{"damage":0,"enemies":"Orb Walker","floor":37,"turns":3},{"damage":2,"enemies":"Writhing Mass","floor":38,"turns":8},{"damage":13,"enemies":"Jaw Worm Horde","floor":39,"turns":3},{"damage":109,"enemies":"Giant Head","floor":41,"turns":9}],"seed_played":"4311186151628753836","potions_obtained":[{"floor":1.0,"key":"SkillPotion"},{"floor":5.0,"key":"Fire Potion"},{"floor":8.0,"key":"SpeedPotion"},{"floor":10.0,"key":"SneckoOil"},{"floor":16.0,"key":"FearPotion"},{"floor":18.0,"key":"FearPotion"},{"floor":27.0,"key":"EssenceOfSteel"},{"floor":35.0,"key":"Poison Potion"},{"floor":37,"key":"Fruit Juice"}],"is_trial":false,"path_per_floor":["M","?","M","$","M","E","M","E","T","E","M","R","M","M","R","B",null,"M","M","?","?","$","E","R","E","T","E","?","R","M","E","R","B",null,"M","?","M","M","M","R","E"],"character_chosen":"DEFECT","items_purchased":["Membership Card","Steam","Conserve Battery","Barrage","Medical Kit","Emotion Chip"],"campfire_rested":0,"item_purchase_floors":[4,4,4,4,22,22],"current_hp_per_floor":[38,31,26,26,26,11,17,21,21,30,42,42,39,39,39,26,60,52,45,45,45,45,40,40,34,34,48,48,48,48,34,34,34,45,49,49,54,60,49,49,0],"gold":245,"neow_bonus":"TWO_FIFTY_GOLD","is_prod":false,"is_daily":false,"chose_seed":false,"campfire_upgraded":6,"win_rate":0,"timestamp":1551617171,"path_taken":["M","?","M","$","M","E","M","E","T","E","M","R","M","M","R","BOSS","M","M","?","?","?","E","R","E","T","E","?","R","M","E","R","BOSS","M","?","?","M","M","R","E"],"build_version":"2019-01-23","purchased_purges":1,"victory":false,"max_hp_per_floor":[71,71,71,71,71,71,71,71,71,71,71,71,71,71,71,71,71,71,71,49,49,49,49,49,49,49,49,49,49,49,49,49,49,49,49,49,54,60,60,60,60],"card_choices":[{"not_picked":["Consume","Scrape"],"picked":"Barrage","floor":1.0},{"not_picked":["Skim","Turbo"],"picked":"Hologram","floor":3.0},{"not_picked":["Leap","Turbo"],"picked":"Cold Snap","floor":5.0},{"not_picked":["Tempest","Doom and Gloom"],"picked":"Glacier","floor":6.0},{"not_picked":["Steam","Glacier"],"picked":"Coolheaded","floor":7.0},{"not_picked":["Redo","Undo"],"picked":"Sweeping Beam","floor":8.0},{"not_picked":["Lockon","Redo"],"picked":"Seek","floor":10.0},{"not_picked":["Hologram","Consume"],"picked":"White Noise","floor":11.0},{"not_picked":["Conserve Battery","Go for the Eyes"],"picked":"BootSequence","floor":13.0},{"not_picked":["Beam Cell","Scrape"],"picked":"Ball Lightning","floor":14.0},{"not_picked":["Reboot","Rainbow"],"picked":"Core Surge","floor":16.0},{"not_picked":["Beam Cell","Auto Shields"],"picked":"Go for the Eyes","floor":18.0},{"not_picked":["Reinforced Body+1","Leap"],"picked":"Ball Lightning+1","floor":19.0},{"not_picked":["Gash","Coolheaded"],"picked":"BootSequence","floor":23.0},{"not_picked":["Amplify","Doom and Gloom"],"picked":"Go for the Eyes","floor":25.0},{"not_picked":["Lockon","Force Field"],"picked":"Ball Lightning","floor":27.0},{"not_picked":["White Noise","Hologram"],"picked":"Beam Cell+1","floor":30.0},{"not_picked":["Meteor Strike","Compile Driver"],"picked":"Lockon","floor":31.0},{"not_picked":["Machine Learning","Amplify"],"picked":"Core Surge","floor":33.0},{"not_picked":[],"picked":"Gash","floor":35.0},{"not_picked":["Lockon"],"picked":"SKIP","floor":37},{"not_picked":["Heatsinks"],"picked":"SKIP","floor":38},{"not_picked":["Rebound"],"picked":"SKIP","floor":39}],"player_experience":658159,"relics_obtained":[{"floor":6.0,"key":"Meat on the Bone"},{"floor":8.0,"key":"Mercury Hourglass"},{"floor":9.0,"key":"Potion Belt"},{"floor":10.0,"key":"Centennial Puzzle"},{"floor":23.0,"key":"Pen Nib"},{"floor":25.0,"key":"Ancient Tea Set"},{"floor":26.0,"key":"Bag of Preparation"},{"floor":27.0,"key":"Darkstone Periapt"},{"floor":31.0,"key":"Anchor"}],"event_choices":[{"cards_removed":["Strike_B"],"damage_healed":0.0,"max_hp_gain":0.0,"max_hp_loss":0.0,"gold_gain":0.0,"event_name":"Golden Wing","player_choice":"Card Removal","floor":2.0,"gold_loss":0.0,"damage_taken":7.0},{"damage_healed":0.0,"max_hp_gain":0.0,"max_hp_loss":22.0,"gold_gain":0.0,"event_name":"Vampires","player_choice":"Became a vampire","floor":20.0,"gold_loss":0.0,"damage_taken":0.0,"cards_obtained":["Bite","Bite","Bite","Bite","Bite"]},{"damage_healed":0.0,"max_hp_gain":0.0,"max_hp_loss":0.0,"gold_gain":0.0,"event_name":"Addict","player_choice":"Obtained Relic","floor":21.0,"gold_loss":85.0,"damage_taken":0.0,"relics_obtained":["Gambling Chip"]},{"cards_removed":["Defend_B"],"damage_healed":0.0,"max_hp_gain":0.0,"max_hp_loss":0.0,"gold_gain":0.0,"event_name":"Beggar","player_choice":"Gave Gold","floor":28.0,"gold_loss":75.0,"damage_taken":0.0},{"damage_healed":0,"gold_gain":0,"player_choice":"2 cards matched","damage_taken":0,"max_hp_gain":0,"max_hp_loss":0,"event_name":"Match and Keep!","floor":36,"gold_loss":0,"cards_obtained":["Multi-Cast","Ball Lightning"]}],"is_beta":false,"boss_relics":[{"not_picked":["Lizard Tail","Ectoplasm"],"picked":"Runic Pyramid"},{"not_picked":["Velvet Choker","FrozenCore"],"picked":"Busted Crown"}],"items_purged_floors":[4],"is_endless":false,"potions_floor_spawned":[1,5,8,10,16,18,27,35,37],"killed_by":"Giant Head","ascension_level":20}