{"gold_per_floor":[114,114,132,132,132,132,161,173,173,124,144,159,159,178,178,281,281,281,231,15,15,15,15,15,15,15,15,15,15,0,0,0,0],"floor_reached":33,"playtime":723,"items_purged":["Strike_R"],"score":308,"play_id":"a3d01257-2831-43e6-929b-1a5f90e84c6c","local_time":"20181218074516","is_ascension_mode":false,"campfire_choices":[{"data":"Heavy Blade","floor":6.0,"key":"SMITH"},{"data":"Inflame","floor":15.0,"key":"SMITH"},{"floor":24.0,"key":"REST"},{"floor":32,"key":"REST"}],"neow_cost":"NONE","seed_source_timestamp":443855743672927,"circlet_count":0,"master_deck":["Strike_R","Strike_R","Strike_R","Strike_R","Defend_R","Defend_R","Defend_R","Defend_R","Bash","Heavy Blade+1","Carnage","Inflame+1","Anger","Flex","Heavy Blade+1","Thunderclap","Limit Break","Anger","PanicButton","Flex","Flex"],"special_seed":0,"relics":["Burning Blood","NeowsBlessing","Prayer Wheel","Gremlin Horn","Ectoplasm","Tiny Chest","Lantern","Pocketwatch","Nunchaku","Boot"],"potions_floor_usage":[29,31,33,33],"damage_taken":[{"damage":0.0,"enemies":"Small Slimes","floor":1.0,"turns":1.0},{"damage":0.0,"enemies":"Jaw Worm","floor":3.0,"turns":1.0},{"damage":0.0,"enemies":"Lagavulin","floor":7.0,"turns":1.0},{"damage":5.0,"enemies":"2 Louse","floor":8.0,"turns":2.0},{"damage":16.0,"enemies":"Large Slime","floor":11.0,"turns":3.0},{"damage":20.0,"enemies":"Exordium Thugs","floor":12.0,"turns":4.0},{"damage":0.0,"enemies":"Blue Slaver","floor":14.0,"turns":1.0},{"damage":54.0,"enemies":"Hexaghost","floor":16.0,"turns":8.0},{"damage":27.0,"enemies":"3 Byrds","floor":18.0,"turns":4.0},{"damage":58.0,"enemies":"Book of Stabbing","floor":23.0,"turns":5.0},{"damage":27,"enemies":"Slavers","floor":29,"turns":4},{"damage":15,"enemies":"2 Thieves","floor":30,"turns":3},{"damage":0,"enemies":"Snake Plant","floor":31,"turns":1},{"damage":69,"enemies":"Automaton","floor":33,"turns":6}],"seed_played":"-2282907721441669106","potions_obtained":[{"floor":1.0,"key":"GamblersBrew"},{"floor":12.0,"key":"Fire Potion"},{"floor":14.0,"key":"SmokeBomb"},{"floor":16.0,"key":"Dexterity Potion"},{"floor":29,"key":"SpeedPotion"}],"is_trial":false,"path_per_floor":["M","?","M","?","$","R","E","M","T","$","M","M","?","M","R","B",null,"M","?","$","T","T","E","R","?","T","?","?","E","M","M","R","B"],"character_chosen":"IRONCLAD","items_purchased":["Flex","Anger","PanicButton"],"campfire_rested":2,"item_purchase_floors":[10,20,20],"current_hp_per_floor":[80,80,80,80,80,80,80,80,80,80,70,56,56,62,62,14,80,59,59,59,59,59,7,31,31,31,31,57,36,27,33,57,0],"gold":0,"neow_bonus":"THREE_ENEMY_KILL","is_prod":false,"is_daily":false,"chose_seed":false,"campfire_upgraded":2,"win_rate":0,"timestamp":1545137116,"path_taken":["M","?","M","?","?","R","E","M","T","$","M","M","?","M","R","BOSS","M","?","$","?","?","E","R","?","T","?","?","E","M","M","R","BOSS"],"build_version":"2018-12-13","purchased_purges":1,"victory":false,"max_hp_per_floor":[80,80,80,80,80,80,80,80,80,80,80,80,80,80,80,80,80,80,80,80,80,80,80,80,80,80,80,80,80,80,80,80,80],"card_choices":[{"not_picked":["Body Slam","Sever Soul"],"picked":"Heavy Blade","floor":1.0},{"not_picked":["True Grit","Warcry"],"picked":"Carnage","floor":3.0},{"not_picked":["Immolate","Reckless Charge"],"picked":"Inflame","floor":7.0},{"not_picked":["Twin Strike","Shockwave"],"picked":"Anger","floor":8.0},{"not_picked":["Perfected Strike","Power Through","Iron Wave"],"picked":"SKIP","floor":8.0},{"not_picked":["Pommel Strike","Armaments","Headbutt"],"picked":"SKIP","floor":11.0},{"not_picked":["Body Slam","Headbutt","Wild Strike"],"picked":"SKIP","floor":11.0},{"not_picked":["Corruption","Perfected Strike"],"picked":"Heavy Blade","floor":12.0},{"not_picked":["Warcry","Pommel Strike","True Grit"],"picked":"SKIP","floor":12.0},{"not_picked":["Flame Barrier","Reckless Charge"],"picked":"Thunderclap","floor":14.0},{"not_picked":["Corruption","Wild Strike","Body Slam"],"picked":"SKIP","floor":14.0},{"not_picked":["Juggernaut","Impervious"],"picked":"Limit Break","floor":16.0},{"not_picked":["Sword Boomerang","Blood for Blood+1","Rupture"],"picked":"SKIP","floor":18.0},{"not_picked":["True Grit+1","Dropkick","Thunderclap+1"],"picked":"SKIP","floor":18.0},{"not_picked":["Feel No Pain","Corruption","Cleave"],"picked":"SKIP","floor":23.0},{"not_picked":["Havoc","Pommel Strike","Shrug It Off"],"picked":"SKIP","floor":29},{"not_picked":["Sword Boomerang","Headbutt"],"picked":"Flex","floor":30},{"not_picked":["Heavy Blade","Armaments+1"],"picked":"Flex","floor":30}],"player_experience":324196,"relics_obtained":[{"floor":7.0,"key":"Prayer Wheel"},{"floor":9.0,"key":"Gremlin Horn"},{"floor":21.0,"key":"Tiny Chest"},{"floor":22.0,"key":"Lantern"},{"floor":23.0,"key":"Pocketwatch"},{"floor":26.0,"key":"Nunchaku"},{"floor":29,"key":"Boot"}],"event_choices":[{"damage_healed":0.0,"max_hp_gain":0.0,"max_hp_loss":0.0,"gold_gain":0.0,"event_name":"Shining Light","player_choice":"Ignored","floor":2.0,"gold_loss":0.0,"damage_taken":0.0},{"damage_healed":0.0,"max_hp_gain":0.0,"max_hp_loss":0.0,"gold_gain":0.0,"event_name":"The Cleric","player_choice":"Leave","floor":4.0,"gold_loss":0.0,"damage_taken":0.0},{"damage_healed":0.0,"max_hp_gain":0.0,"max_hp_loss":0.0,"gold_gain":0.0,"event_name":"Living Wall","player_choice":"Grow","floor":13.0,"gold_loss":0.0,"damage_taken":0.0,"cards_upgraded":["Heavy Blade"]},{"damage_healed":0.0,"max_hp_gain":0.0,"max_hp_loss":0.0,"gold_gain":100.0,"event_name":"The Joust","player_choice":"Bet on Murderer","floor":19.0,"gold_loss":50.0,"damage_taken":0.0},{"damage_healed":0.0,"max_hp_gain":0.0,"max_hp_loss":0.0,"gold_gain":0.0,"event_name":"Beggar","player_choice":"Ignored","floor":25.0,"gold_loss":0.0,"damage_taken":0.0},{"damage_healed":0.0,"max_hp_gain":0.0,"max_hp_loss":0.0,"gold_gain":0.0,"event_name":"Ghosts","player_choice":"Ignored","floor":27.0,"gold_loss":0.0,"damage_taken":0.0},{"damage_healed":26.0,"max_hp_gain":0.0,"max_hp_loss":0.0,"gold_gain":0.0,"event_name":"The Library","player_choice":"Heal","floor":28.0,"gold_loss":0.0,"damage_taken":0.0}],"is_beta":false,"boss_relics":[{"not_picked":["Velvet Choker","Runic Cube"],"picked":"Ectoplasm"}],"items_purged_floors":[20],"is_endless":false,"potions_floor_spawned":[1,12,14,16,23,29,31],"killed_by":"Automaton","ascension_level":0}