{"gold_per_floor":[116,126,48,68,81,108,123,156,209,240,263,303,315,342,354,366],"floor_reached":16,"playtime":653,"items_purged":[],"score":221,"play_id":"26da31a0-2522-4038-8c83-552f721ede3a","local_time":"20190218232435","is_ascension_mode":true,"campfire_choices":[{"data":"Demon Form","floor":13,"key":"SMITH"},{"floor":15,"key":"REST"}],"neow_cost":"NONE","seed_source_timestamp":1085188924178500,"circlet_count":0,"master_deck":["AscendersBane","Strike_R","Strike_R","Strike_R","Strike_R","Strike_R","Defend_R","Defend_R","Defend_R","Defend_R","Bash","Pommel Strike","Perfected Strike","Headbutt","Warcry","Dark Embrace","Havoc","Pommel Strike","Demon Form+1","Flame Barrier","Shrug It Off","Evolve"],"relics":["Burning Blood","Dead Branch","Centennial Puzzle","Ornamental Fan","Juzu Bracelet","MawBank","Boot"],"potions_floor_usage":[8,16,16],"damage_taken":[{"damage":8,"enemies":"Jaw Worm","floor":1,"turns":4},{"damage":6,"enemies":"Cultist","floor":2,"turns":3},{"damage":0,"enemies":"Small Slimes","floor":4,"turns":3},{"damage":7,"enemies":"Looter","floor":5,"turns":3},{"damage":28,"enemies":"Gremlin Nob","floor":6,"turns":4},{"damage":8,"enemies":"Blue Slaver","floor":7,"turns":2},{"damage":30,"enemies":"3 Sentries","floor":8,"turns":5},{"damage":18,"enemies":"Gremlin Nob","floor":10,"turns":4},{"damage":0,"enemies":"Large Slime","floor":11,"turns":4},{"damage":23,"enemies":"Lagavulin","floor":12,"turns":6},{"damage":13,"enemies":"Red Slaver","floor":14,"turns":6},{"damage":60,"enemies":"Slime Boss","floor":16,"turns":5}],"seed_played":"6872416013833738719","potions_obtained":[{"floor":5,"key":"Regen Potion"},{"floor":6,"key":"Swift Potion"},{"floor":11,"key":"Block Potion"}],"is_trial":false,"path_per_floor":["M","M","?","M","M","E","M","E","T","E","M","E","R","M","R","B"],"character_chosen":"IRONCLAD","items_purchased":[],"campfire_rested":1,"item_purchase_floors":[],"current_hp_per_floor":[78,78,78,84,83,61,59,49,49,37,43,26,26,19,45,0],"gold":366,"neow_bonus":"TEN_PERCENT_HP_BONUS","is_prod":false,"is_daily":false,"chose_seed":false,"campfire_upgraded":1,"win_rate":0,"timestamp":1550561075,"path_taken":["M","M","?","M","M","E","?","E","T","E","M","E","R","M","R","BOSS"],"build_version":"2019-01-23","purchased_purges":0,"victory":false,"max_hp_per_floor":[88,88,88,88,88,88,88,88,88,88,88,88,88,88,88,88],"card_choices":[{"not_picked":["Havoc","Flex"],"picked":"Pommel Strike","floor":1},{"not_picked":["Pummel","Twin Strike"],"picked":"Perfected Strike","floor":2},{"not_picked":["True Grit","Uppercut"],"picked":"Headbutt","floor":4},{"not_picked":["Twin Strike","Blood for Blood"],"picked":"Warcry","floor":5},{"not_picked":["Ghostly Armor","Rupture"],"picked":"Dark Embrace","floor":6},{"not_picked":["Hemokinesis","Fire Breathing"],"picked":"Havoc","floor":7},{"not_picked":["Wild Strike","Dual Wield"],"picked":"Pommel Strike","floor":8},{"not_picked":["Headbutt","True Grit"],"picked":"Demon Form","floor":10},{"not_picked":["Infernal Blade","Warcry"],"picked":"Flame Barrier","floor":11},{"not_picked":["Havoc","Body Slam"],"picked":"Shrug It Off","floor":12},{"not_picked":["Heavy Blade","Sentinel"],"picked":"Evolve","floor":14}],"player_experience":733089,"relics_obtained":[{"floor":6,"key":"Centennial Puzzle"},{"floor":8,"key":"Ornamental Fan"},{"floor":9,"key":"Juzu Bracelet"},{"floor":10,"key":"MawBank"},{"floor":12,"key":"Boot"}],"event_choices":[{"damage_healed":0,"gold_gain":0,"player_choice":"Paid Gold","damage_taken":0,"relics_obtained":["Dead Branch"],"max_hp_gain":0,"max_hp_loss":0,"event_name":"WeMeetAgain","floor":3,"gold_loss":78}],"is_beta":false,"boss_relics":[],"items_purged_floors":[],"is_endless":false,"potions_floor_spawned":[5,6,11,12],"killed_by":"Slime Boss","ascension_level":13}