{"path_per_floor":["M","?","M","?","?","R","E","$","T","R","M","M","E","M","R","B",null,"M","$","?","M"],"character_chosen":"IRONCLAD","items_purchased":["Whetstone","Strength Potion"],"gold_per_floor":[110,110,124,124,124,124,155,12,12,12,22,35,64,83,83,178,178,197,74,74,85,85],"floor_reached":22,"campfire_rested":1,"playtime":690,"current_hp_per_floor":[77,82,82,82,82,82,52,52,52,52,50,50,34,30,55,25,85,42,42,42,14,0],"items_purged":["Corruption"],"gold":85,"score":213,"play_id":"62827d21-d320-46ea-94b6-085523d94c7b","local_time":"20180328001853","is_prod":false,"is_daily":false,"is_ascension_mode":true,"campfire_upgraded":2,"timestamp":1522217933,"path_taken":["M","?","M","?","?","R","E","$","T","R","?","M","E","M","R","BOSS","M","$","?","M","M"],"build_version":"2018-03-22v2","purchased_purges":1,"victory":false,"master_deck":["Bash+1","Iron Wave+1","Blood for Blood","Perfected Strike+1","Flex","Spot Weakness","Iron Wave","Juggernaut","Thunderclap","Uppercut","Body Slam","Shrug It Off","Metallicize","Burning Pact","Flex","Sword Boomerang","Sword Boomerang+1","Perfected Strike+1"],"max_hp_per_floor":[80,85,85,85,85,85,85,85,85,85,85,85,85,85,85,85,85,85,85,85,85,85],"relics":["Velvet Choker","Ancient Tea Set","Whetstone","Ginger","Sundial","Pandora\u0027s Box"],"card_choices":[{"not_picked":["Anger","Havoc"],"picked":"Iron Wave","floor":1},{"not_picked":["Anger","Whirlwind"],"picked":"Blood for Blood","floor":3},{"not_picked":["Carnage","True Grit"],"picked":"Perfected Strike","floor":7},{"not_picked":["Seeing Red","Thunderclap"],"picked":"Flex","floor":11},{"not_picked":["Flex","Exhume"],"picked":"Spot Weakness","floor":13},{"not_picked":["Havoc","Sentinel"],"picked":"Iron Wave","floor":14},{"not_picked":["Berserk","Brutality"],"picked":"Juggernaut","floor":16},{"not_picked":["Clash","Clothesline"],"picked":"Sword Boomerang","floor":18},{"not_picked":["Hemokinesis","Twin Strike"],"picked":"Perfected Strike","floor":21}],"player_experience":223672,"potions_floor_usage":[16,16,22,22],"damage_taken":[{"damage":3,"enemies":"2 Louse","floor":1,"turns":3},{"damage":0,"enemies":"Small Slimes","floor":3,"turns":3},{"damage":30,"enemies":"Lagavulin","floor":7,"turns":6},{"damage":2,"enemies":"Jaw Worm","floor":11,"turns":2},{"damage":0,"enemies":"Exordium Wildlife","floor":12,"turns":3},{"damage":16,"enemies":"3 Sentries","floor":13,"turns":5},{"damage":4,"enemies":"Looter","floor":14,"turns":2},{"damage":30,"enemies":"The Guardian","floor":16,"turns":7},{"damage":43,"enemies":"2 Thieves","floor":18,"turns":4},{"damage":28,"enemies":"Chosen","floor":21,"turns":5},{"damage":16,"enemies":"Centurion and Healer","floor":22,"turns":2}],"event_choices":[{"event_name":"Big Fish","player_choice":"Donut","floor":2,"damage_taken":0},{"event_name":"The Cleric","player_choice":"Leave","floor":4,"damage_taken":0},{"event_name":"Living Wall","player_choice":"Grow","floor":5,"damage_taken":0},{"event_name":"Beggar","player_choice":"Ignored","floor":20,"damage_taken":0}],"boss_relics":[{"not_picked":["Lizard Tail","White Beast Statue"],"picked":"Pandora\u0027s Box"}],"potions_floor_spawned":[13,14,18],"seed_played":"4454502678926170272","killed_by":"Centurion and Healer","ascension_level":2,"is_trial":false}