{"gold_per_floor":[116,133,133,147,222,247,247,276,299,314,341,341,373,1,1,97,147,160,175,175,100,116,116,150,173,173,173,204,204,204,219,219,219],"floor_reached":33,"playtime":1657,"items_purged":[],"score":327,"play_id":"5197ee34-8ea5-4431-8a16-e140ac1db473","local_time":"20181013225357","is_ascension_mode":true,"campfire_choices":[{"data":"Accuracy","floor":7,"key":"SMITH"},{"data":"Blade Dance","floor":12,"key":"SMITH"},{"floor":15,"key":"REST"},{"data":"Tools of the Trade","floor":23,"key":"SMITH"},{"data":"Phantasmal Killer","floor":27,"key":"SMITH"},{"data":"Terror","floor":30,"key":"SMITH"},{"floor":32,"key":"REST"}],"neow_cost":"NONE","seed_source_timestamp":242300797053195,"circlet_count":0,"master_deck":["Survivor+1","Neutralize","Quick Slash","Escape Plan","Terror+1","Accuracy+1","Slice","All Out Attack","Flechettes+1","Blade Dance+1","Dodge and Roll","Blade Dance+1","Distraction","Quick Slash","Dagger Throw+1","Flying Knee","Dagger Spray","Flying Knee+1","Blade Dance","Cloak And Dagger","Phantasmal Killer+1","Acrobatics","Slice+1","Dodge and Roll+1","Tools of the Trade+1","Prepared+1","Slice+1","Dagger Throw+1"],"relics":["Pandora\u0027s Box","Bronze Scales","Art of War","Ancient Tea Set","War Paint","Vajra","Matryoshka","Strange Spoon","Tiny Chest","Tiny House","Smiling Mask","Letter Opener","Omamori","PreservedInsect","Whetstone","Ornamental Fan","Molten Egg 2"],"potions_floor_usage":[6,16,31,33,33],"damage_taken":[{"damage":2,"enemies":"Small Slimes","floor":1,"turns":2},{"damage":0,"enemies":"Cultist","floor":2,"turns":2},{"damage":3,"enemies":"Jaw Worm","floor":4,"turns":2},{"damage":19,"enemies":"3 Sentries","floor":6,"turns":6},{"damage":15,"enemies":"Gremlin Nob","floor":8,"turns":3},{"damage":2,"enemies":"Large Slime","floor":10,"turns":4},{"damage":7,"enemies":"3 Sentries","floor":11,"turns":3},{"damage":9,"enemies":"Lagavulin","floor":13,"turns":5},{"damage":20,"enemies":"The Guardian","floor":16,"turns":7},{"damage":12,"enemies":"Spheric Guardian","floor":18,"turns":3},{"damage":10,"enemies":"Chosen","floor":19,"turns":3},{"damage":8,"enemies":"3 Cultists","floor":22,"turns":3},{"damage":22,"enemies":"Book of Stabbing","floor":24,"turns":4},{"damage":9,"enemies":"Slavers","floor":28,"turns":3},{"damage":7,"enemies":"Snake Plant","floor":31,"turns":3},{"damage":32,"enemies":"Champ","floor":33,"turns":5}],"seed_played":"1923162755062921504","potions_obtained":[{"floor":2,"key":"Ancient Potion"},{"floor":4,"key":"Block Potion"},{"floor":8,"key":"Strength Potion"},{"floor":16,"key":"EssenceOfSteel"},{"floor":17,"key":"Ancient Potion"},{"floor":19,"key":"Swift Potion"},{"floor":28,"key":"Dexterity Potion"}],"is_trial":false,"path_per_floor":["M","M","?","M","?","E","R","E","T","M","E","R","E","$","R","B",null,"M","M","T","?","M","R","E","T","T","R","E","?","R","M","R"],"character_chosen":"THE_SILENT","items_purchased":["Strange Spoon","Tiny Chest","Cloak And Dagger"],"campfire_rested":2,"item_purchase_floors":[14,14,14],"current_hp_per_floor":[68,68,68,65,54,35,35,20,20,18,11,11,2,2,23,3,75,63,53,53,53,45,45,23,23,23,23,14,14,14,7,29,0],"gold":219,"neow_bonus":"BOSS_RELIC","is_prod":false,"is_daily":false,"chose_seed":false,"campfire_upgraded":5,"win_rate":0,"timestamp":1539496437,"path_taken":["M","M","?","M","?","E","R","E","T","M","E","R","E","?","R","BOSS","M","?","?","?","M","R","E","?","T","R","E","?","R","M","R","BOSS"],"build_version":"2018-10-11","purchased_purges":0,"victory":false,"max_hp_per_floor":[70,70,70,70,70,70,70,70,70,70,70,70,70,70,70,70,75,75,75,75,75,75,75,75,75,75,75,75,75,75,75,75,75],"card_choices":[{"not_picked":["Terror","PiercingWail"],"picked":"Blade Dance","floor":1},{"not_picked":["Flechettes","Terror"],"picked":"Distraction","floor":2},{"not_picked":["Riddle With Holes","Expertise"],"picked":"Quick Slash","floor":4},{"not_picked":["Dash","Outmaneuver"],"picked":"Dagger Throw","floor":6},{"not_picked":["PiercingWail","Deflect"],"picked":"Flying Knee","floor":8},{"not_picked":["Bane","Distraction"],"picked":"Dagger Spray","floor":10},{"not_picked":["Outmaneuver","Leg Sweep"],"picked":"Flying Knee","floor":11},{"not_picked":["Deadly Poison","Dodge and Roll"],"picked":"Blade Dance","floor":13},{"not_picked":["Bullet Time","Glass Knife"],"picked":"Phantasmal Killer","floor":16},{"not_picked":["Deadly Poison","Dodge and Roll"],"picked":"Acrobatics","floor":17},{"not_picked":["Deadly Poison","Night Terror"],"picked":"Slice+1","floor":18},{"not_picked":["Outmaneuver","Flying Knee"],"picked":"Dodge and Roll+1","floor":19},{"not_picked":["Dagger Throw","Acrobatics"],"picked":"Tools of the Trade","floor":22},{"not_picked":["Bane","Backflip"],"picked":"Prepared+1","floor":24},{"not_picked":["Underhanded Strike+1","Quick Slash"],"picked":"Slice+1","floor":28},{"not_picked":["Dagger Spray+1","Bane+1"],"picked":"Dagger Throw+1","floor":31}],"player_experience":247732,"relics_obtained":[{"floor":6,"key":"Art of War"},{"floor":8,"key":"Ancient Tea Set"},{"floor":9,"key":"War Paint"},{"floor":11,"key":"Vajra"},{"floor":13,"key":"Matryoshka"},{"floor":20,"key":"Smiling Mask"},{"floor":20,"key":"Letter Opener"},{"floor":24,"key":"Omamori"},{"floor":25,"key":"PreservedInsect"},{"floor":25,"key":"Whetstone"},{"floor":26,"key":"Ornamental Fan"},{"floor":28,"key":"Molten Egg 2"}],"event_choices":[{"event_name":"Big Fish","player_choice":"Box","floor":3,"damage_taken":0},{"event_name":"World of Goop","player_choice":"Gather Gold","floor":5,"damage_taken":0},{"event_name":"Beggar","player_choice":"Gave Gold","floor":21,"damage_taken":0},{"event_name":"Purifier","player_choice":"One Purge","floor":29,"damage_taken":0}],"is_beta":false,"boss_relics":[{"not_picked":["Cursed Key","Orrery"],"picked":"Tiny House"}],"items_purged_floors":[],"is_endless":false,"potions_floor_spawned":[2,4,8,16,19,22,28],"killed_by":"Champ","ascension_level":1}