{"gold_per_floor":[119,137,137,152,0,34,34,47,97,97,97,113,129,145,145,145],"floor_reached":16,"playtime":483,"items_purged":[],"score":114,"play_id":"85fe5bc1-7db5-42f6-9d7d-224432c88f73","local_time":"20190128212419","is_ascension_mode":true,"campfire_choices":[{"floor":7,"key":"RECALL"},{"floor":11,"key":"REST"},{"floor":15,"key":"REST"}],"neow_cost":"NONE","seed_source_timestamp":1721061546883592,"circlet_count":0,"master_deck":["Strike_R","Strike_R","Strike_R","Strike_R","Strike_R","Defend_R","Defend_R","Defend_R","Bash","True Grit","Warcry","Clothesline","Demon Form","Limit Break","Flex","Spot Weakness","Pommel Strike","Carnage"],"relics":["Burning Blood","Smiling Mask","Kunai"],"potions_floor_usage":[8,16,16],"damage_taken":[{"damage":10,"enemies":"Small Slimes","floor":1,"turns":4},{"damage":0,"enemies":"Cultist","floor":2,"turns":3},{"damage":8,"enemies":"2 Louse","floor":4,"turns":2},{"damage":41,"enemies":"3 Sentries","floor":6,"turns":7},{"damage":42,"enemies":"Lots of Slimes","floor":8,"turns":5},{"damage":6,"enemies":"Looter","floor":12,"turns":3},{"damage":13,"enemies":"Blue Slaver","floor":13,"turns":3},{"damage":10,"enemies":"2 Fungi Beasts","floor":14,"turns":3},{"damage":38,"enemies":"The Guardian","floor":16,"turns":5}],"seed_played":"-8964489170007979345","potions_obtained":[{"floor":1,"key":"Ancient Potion"},{"floor":3,"key":"Dexterity Potion"},{"floor":3,"key":"Poison Potion"},{"floor":3,"key":"Strength Potion"},{"floor":8,"key":"Swift Potion"},{"floor":14,"key":"PowerPotion"}],"is_trial":false,"path_per_floor":["M","M","?","M","$","E","R","M","T","?","R","M","M","M","R","B"],"character_chosen":"IRONCLAD","items_purchased":["Demon Form"],"campfire_rested":2,"item_purchase_floors":[5],"current_hp_per_floor":[76,80,80,78,78,43,43,7,7,7,31,31,24,20,44,6],"gold":145,"neow_bonus":"RANDOM_COMMON_RELIC","is_prod":false,"is_daily":false,"chose_seed":false,"campfire_upgraded":0,"win_rate":0,"timestamp":1548728659,"path_taken":["M","M","?","?","$","E","R","M","T","?","R","M","?","M","R","BOSS"],"build_version":"2019-01-23","purchased_purges":0,"victory":false,"max_hp_per_floor":[80,80,80,80,80,80,80,80,80,80,80,80,80,80,80,80],"card_choices":[{"not_picked":["Sentinel","Metallicize"],"picked":"True Grit","floor":1},{"not_picked":["Second Wind","Sword Boomerang"],"picked":"Warcry","floor":2},{"not_picked":["Sword Boomerang","Warcry"],"picked":"Clothesline","floor":4},{"not_picked":["Entrench","Seeing Red"],"picked":"Limit Break","floor":6},{"not_picked":["Seeing Red","Heavy Blade"],"picked":"Flex","floor":8},{"not_picked":["Burning Pact","Searing Blow"],"picked":"Spot Weakness","floor":12},{"not_picked":["Twin Strike","Blood for Blood"],"picked":"Pommel Strike","floor":13},{"not_picked":["Anger","Perfected Strike"],"picked":"Carnage","floor":14}],"player_experience":115759,"relics_obtained":[{"floor":6,"key":"Kunai"}],"event_choices":[{"damage_healed":0,"gold_gain":0,"player_choice":"Got Potions","damage_taken":0,"max_hp_gain":0,"max_hp_loss":0,"event_name":"Lab","floor":3,"gold_loss":0},{"cards_removed":["Defend_R"],"damage_healed":0,"gold_gain":0,"player_choice":"Purged","damage_taken":0,"max_hp_gain":0,"max_hp_loss":0,"event_name":"Purifier","floor":10,"gold_loss":0}],"is_beta":false,"boss_relics":[],"items_purged_floors":[],"is_endless":false,"potions_floor_spawned":[1,6,8,14],"killed_by":"The Guardian","ascension_level":2}