{"gold_per_floor":[111,386,399,53,53,84,27,62,62,62,86,86,129,52,52,141,141,157,157,157,178,178,178,218,249,331,343,355,381,417,144,144,260,260,283,303,636,650,650,650,650,670,670,670,121,181,209,209,209,209],"floor_reached":51,"playtime":3546,"items_purged":["Regret","Writhe","Injury"],"score":1458,"play_id":"9558aafc-f502-4cb8-af3a-2d79b0b88229","local_time":"20190308212330","is_ascension_mode":true,"campfire_choices":[{"data":"Zap","floor":10,"key":"SMITH"},{"data":"Go for the Eyes","floor":12,"key":"SMITH"},{"data":"Defragment","floor":15,"key":"SMITH"},{"floor":23,"key":"REST"},{"floor":28,"key":"REST"},{"data":"Transmutation","floor":32,"key":"SMITH"},{"floor":40,"key":"REST"},{"floor":44,"key":"REST"},{"data":"Coolheaded","floor":49,"key":"SMITH"}],"neow_cost":"NONE","seed_source_timestamp":474844931944930,"circlet_count":0,"master_deck":["AscendersBane","Zap+1","Dualcast","Cold Snap","Coolheaded+1","Go for the Eyes+1","Cold Snap","Coolheaded","Skim","Defragment+1","Buffer+1","Fusion","Gash","Sweeping Beam","BootSequence","Fusion","Reprogram","Conserve Battery","Multi-Cast","Loop","Capacitor+1","Hologram","Loop+1","Transmutation+1","Creative AI+1","Storm+1","Glacier","Static Discharge+1","Compile Driver+1","Doubt"],"relics":["Cracked Core","NeowsBlessing","Runic Capacitor","Nunchaku","Dodecahedron","Mummified Hand","Vajra","Pandora\u0027s Box","Enchiridion","MawBank","Frozen Egg 2","Art of War","Snecko Eye","Cables","Incense Burner","Orichalcum"],"potions_floor_usage":[8,13,16,22,33,50,50],"damage_taken":[{"damage":0,"enemies":"Small Slimes","floor":1,"turns":1},{"damage":0,"enemies":"Cultist","floor":3,"turns":1},{"damage":0,"enemies":"Lagavulin","floor":6,"turns":1},{"damage":14,"enemies":"3 Sentries","floor":8,"turns":6},{"damage":0,"enemies":"Jaw Worm","floor":11,"turns":3},{"damage":16,"enemies":"Gremlin Nob","floor":13,"turns":4},{"damage":0,"enemies":"Slime Boss","floor":16,"turns":14},{"damage":2,"enemies":"Chosen","floor":18,"turns":9},{"damage":4,"enemies":"2 Thieves","floor":21,"turns":3},{"damage":12,"enemies":"Colosseum Slavers","floor":22,"turns":3},{"damage":6,"enemies":"Book of Stabbing","floor":24,"turns":7},{"damage":0,"enemies":"Snecko","floor":25,"turns":5},{"damage":1,"enemies":"3 Cultists","floor":29,"turns":6},{"damage":24,"enemies":"Centurion and Healer","floor":30,"turns":15},{"damage":29,"enemies":"Collector","floor":33,"turns":16},{"damage":15,"enemies":"3 Shapes","floor":35,"turns":7},{"damage":0,"enemies":"Orb Walker","floor":36,"turns":3},{"damage":0,"enemies":"Writhing Mass","floor":38,"turns":3},{"damage":41,"enemies":"Jaw Worm Horde","floor":42,"turns":4},{"damage":12,"enemies":"4 Shapes","floor":46,"turns":5},{"damage":0,"enemies":"Nemesis","floor":47,"turns":5},{"damage":23,"enemies":"Awakened One","floor":50,"turns":16}],"seed_played":"-2808290733615602350","potions_obtained":[{"floor":6,"key":"PowerPotion"},{"floor":8,"key":"Fire Potion"},{"floor":16,"key":"Explosive Potion"},{"floor":24,"key":"SmokeBomb"},{"floor":30,"key":"Poison Potion"},{"floor":33,"key":"SkillPotion"},{"floor":38,"key":"Block Potion"}],"is_trial":false,"path_per_floor":["M","?","M","$","?","E","$","E","T","R","M","R","E","$","R","B",null,"M","?","?","M","?","R","E","M","T","?","R","M","M","$","R","B",null,"M","M","?","M","?","R","?","M","T","R","$","M","E","?","R","B",null],"character_chosen":"DEFECT","items_purchased":["Runic Capacitor","Go for the Eyes","Explosive Potion","Defragment","Transmutation","Incense Burner","Static Discharge+1"],"campfire_rested":4,"item_purchase_floors":[4,4,7,14,31,45,45],"current_hp_per_floor":[64,64,64,64,64,64,64,50,50,50,50,50,34,34,34,34,62,60,39,39,35,23,44,38,38,38,38,59,58,34,34,34,5,55,40,40,40,40,40,61,61,20,20,41,41,29,29,71,71,48],"gold":209,"neow_bonus":"THREE_ENEMY_KILL","is_prod":false,"is_daily":false,"chose_seed":false,"campfire_upgraded":5,"win_rate":0,"timestamp":1552076610,"path_taken":["M","?","?","?","?","E","$","E","T","R","M","R","E","$","R","BOSS","M","?","?","M","?","R","E","M","T","?","R","M","M","$","R","BOSS","M","M","?","M","?","R","?","M","T","R","$","?","E","?","R","BOSS"],"build_version":"2019-01-23","purchased_purges":3,"victory":true,"max_hp_per_floor":[71,71,71,71,71,71,71,71,71,71,71,71,71,71,71,71,71,71,71,71,71,71,71,71,71,71,71,71,71,71,71,71,71,71,71,71,71,71,71,71,71,71,71,71,71,71,71,71,71,71],"card_choices":[{"not_picked":["Gash","Sweeping Beam"],"picked":"Cold Snap","floor":1},{"not_picked":["Redo","Barrage"],"picked":"Coolheaded","floor":3},{"not_picked":["Barrage","Loop"],"picked":"Cold Snap","floor":6},{"not_picked":["Darkness","Steam"],"picked":"Coolheaded","floor":8},{"not_picked":["Reprogram","Turbo"],"picked":"Skim","floor":11},{"not_picked":["Fusion","Redo","Tempest"],"picked":"SKIP","floor":13},{"not_picked":["Multi-Cast","Seek"],"picked":"Buffer","floor":16},{"not_picked":["Reinforced Body","Reprogram"],"picked":"Loop","floor":18},{"not_picked":["Conserve Battery","Glacier"],"picked":"Capacitor+1","floor":21},{"not_picked":["Go for the Eyes","Stack","Sweeping Beam"],"picked":"SKIP","floor":24},{"not_picked":["Coolheaded","Beam Cell","Sweeping Beam"],"picked":"SKIP","floor":25},{"not_picked":["Turbo","Doom and Gloom"],"picked":"Hologram","floor":29},{"not_picked":["Double Energy","Stack"],"picked":"Loop+1","floor":30},{"not_picked":["Buffer+1","Reboot"],"picked":"Creative AI+1","floor":33},{"not_picked":["Turbo+1","Beam Cell","Gash"],"picked":"SKIP","floor":35},{"not_picked":["Hologram","Loop+1"],"picked":"Storm+1","floor":36},{"not_picked":["Stack","Steam+1","Sweeping Beam"],"picked":"SKIP","floor":38},{"not_picked":["Redo","Beam Cell"],"picked":"Glacier","floor":42},{"not_picked":["Turbo","Coolheaded"],"picked":"Compile Driver+1","floor":46},{"not_picked":["Chaos","Force Field","Sunder"],"picked":"SKIP","floor":47}],"player_experience":1091845,"relics_obtained":[{"floor":6,"key":"Nunchaku"},{"floor":8,"key":"Dodecahedron"},{"floor":9,"key":"Mummified Hand"},{"floor":13,"key":"Vajra"},{"floor":19,"key":"Enchiridion"},{"floor":24,"key":"MawBank"},{"floor":26,"key":"Frozen Egg 2"},{"floor":43,"key":"Cables"},{"floor":47,"key":"Orichalcum"}],"event_choices":[{"damage_healed":0,"gold_gain":275,"player_choice":"Desecrate","damage_taken":0,"max_hp_gain":0,"max_hp_loss":0,"event_name":"Golden Shrine","floor":2,"gold_loss":0,"cards_obtained":["Regret"]},{"damage_healed":0,"gold_gain":0,"player_choice":"Take Wound","damage_taken":0,"relics_obtained":["Golden Idol"],"max_hp_gain":0,"max_hp_loss":0,"event_name":"Golden Idol","floor":5,"gold_loss":0,"cards_obtained":["Injury"]},{"damage_healed":0,"gold_gain":0,"player_choice":"Obtained Book","damage_taken":21,"max_hp_gain":0,"max_hp_loss":0,"event_name":"Cursed Tome","floor":19,"gold_loss":0},{"damage_healed":0,"gold_gain":0,"player_choice":"Ignored","damage_taken":0,"max_hp_gain":0,"max_hp_loss":0,"event_name":"Vampires","floor":20,"gold_loss":0},{"damage_healed":0,"gold_gain":0,"player_choice":"Fight","damage_taken":0,"max_hp_gain":0,"max_hp_loss":0,"event_name":"Colosseum","floor":22,"gold_loss":0},{"damage_healed":0,"gold_gain":0,"player_choice":"Fled From Nobs","damage_taken":0,"max_hp_gain":0,"max_hp_loss":0,"event_name":"Colosseum","floor":22,"gold_loss":0},{"damage_healed":0,"gold_gain":0,"player_choice":"Opened","damage_taken":0,"relics_obtained":["Art of War"],"max_hp_gain":0,"max_hp_loss":0,"event_name":"The Mausoleum","floor":27,"gold_loss":0,"cards_obtained":["Writhe"]},{"damage_healed":0,"gold_gain":333,"player_choice":"Gave Idol","damage_taken":0,"max_hp_gain":0,"max_hp_loss":0,"event_name":"The Moai Head","floor":37,"relics_lost":["Golden Idol"],"gold_loss":0},{"damage_healed":0,"gold_gain":0,"player_choice":"Ignored","damage_taken":0,"max_hp_gain":0,"max_hp_loss":0,"event_name":"Tomb of Lord Red Mask","floor":39,"gold_loss":0},{"damage_healed":0,"gold_gain":0,"player_choice":"Upgraded","damage_taken":0,"max_hp_gain":0,"max_hp_loss":0,"event_name":"Upgrade Shrine","floor":41,"gold_loss":0,"cards_upgraded":["Buffer"]},{"damage_healed":42,"gold_gain":0,"player_choice":"Heal","damage_taken":0,"max_hp_gain":0,"max_hp_loss":0,"event_name":"MindBloom","floor":48,"gold_loss":0,"cards_obtained":["Doubt"]}],"is_beta":false,"boss_relics":[{"not_picked":["Black Star","Nuclear Battery"],"picked":"Pandora\u0027s Box"},{"not_picked":["Eternal Feather","Coffee Dripper"],"picked":"Snecko Eye"}],"items_purged_floors":[4,31,45],"is_endless":false,"potions_floor_spawned":[6,8,16,22,24,30,33,38,47],"ascension_level":17}