{"gold_per_floor":[114,63,122,134,134,134,165,165,165,184,184,204,237,252,252,252],"floor_reached":16,"playtime":515,"items_purged":[],"score":165,"play_id":"48582b2e-a77a-4ae5-adf4-2ae7d6318ea5","local_time":"20190306212113","is_ascension_mode":true,"campfire_choices":[{"data":"Anger","floor":6,"key":"SMITH"},{"data":"Iron Wave","floor":8,"key":"SMITH"},{"floor":15,"key":"REST"}],"neow_cost":"NONE","seed_source_timestamp":503980598073679,"circlet_count":0,"master_deck":["AscendersBane","Strike_R","Strike_R","Strike_R","Strike_R","Strike_R","Defend_R","Defend_R","Defend_R","Defend_R","Bash+1","Anger+1","Body Slam+1","Iron Wave+1","Shrug It Off","Ghostly Armor","Regret","Rampage","Body Slam"],"relics":["Burning Blood","Potion Belt","Mummified Hand","Peace Pipe","Bag of Marbles"],"potions_floor_usage":[14,16],"damage_taken":[{"damage":6,"enemies":"Cultist","floor":1,"turns":4},{"damage":3,"enemies":"2 Louse","floor":4,"turns":4},{"damage":20,"enemies":"3 Sentries","floor":7,"turns":8},{"damage":0,"enemies":"Small Slimes","floor":10,"turns":2},{"damage":10,"enemies":"Red Slaver","floor":12,"turns":5},{"damage":56,"enemies":"Lagavulin","floor":13,"turns":8},{"damage":12,"enemies":"Lots of Slimes","floor":14,"turns":4},{"damage":52,"enemies":"Slime Boss","floor":16,"turns":8}],"seed_played":"8005098280287863433","potions_obtained":[{"floor":1,"key":"Regen Potion"},{"floor":10,"key":"Strength Potion"},{"floor":14,"key":"Weak Potion"}],"is_trial":false,"path_per_floor":["M","$","?","M","?","R","E","R","T","M","?","M","E","M","R","B"],"character_chosen":"IRONCLAD","items_purchased":["Body Slam"],"campfire_rested":1,"item_purchase_floors":[2],"current_hp_per_floor":[72,72,72,75,75,75,61,61,61,67,67,63,13,7,31,0],"gold":252,"neow_bonus":"UPGRADE_CARD","is_prod":false,"is_daily":false,"chose_seed":false,"campfire_upgraded":2,"win_rate":0,"timestamp":1551925273,"path_taken":["M","$","?","M","?","R","E","R","T","M","?","M","E","M","R","BOSS"],"build_version":"2019-01-23","purchased_purges":0,"victory":false,"max_hp_per_floor":[80,80,80,80,80,80,80,80,80,80,80,80,80,80,80,80],"card_choices":[{"not_picked":["Rampage","Cleave"],"picked":"Anger","floor":1},{"not_picked":["Clash","Body Slam"],"picked":"Iron Wave","floor":4},{"not_picked":["Fire Breathing","Reaper"],"picked":"Shrug It Off","floor":7},{"not_picked":["Body Slam","Dual Wield"],"picked":"Ghostly Armor","floor":10},{"not_picked":["Shrug It Off","Thunderclap"],"picked":"Rampage","floor":12},{"not_picked":["Entrench","Iron Wave"],"picked":"Body Slam","floor":13},{"not_picked":["Clash","Exhume","Flex"],"picked":"SKIP","floor":14}],"player_experience":275387,"relics_obtained":[{"floor":7,"key":"Potion Belt"},{"floor":9,"key":"Mummified Hand"},{"floor":13,"key":"Bag of Marbles"}],"event_choices":[{"damage_healed":0,"gold_gain":59,"player_choice":"Gained Gold","damage_taken":0,"max_hp_gain":0,"max_hp_loss":0,"event_name":"Golden Wing","floor":3,"gold_loss":0},{"damage_healed":0,"gold_gain":0,"player_choice":"Grow","damage_taken":0,"max_hp_gain":0,"max_hp_loss":0,"event_name":"Living Wall","floor":5,"gold_loss":0,"cards_upgraded":["Body Slam"]},{"damage_healed":0,"gold_gain":0,"player_choice":"Box","damage_taken":0,"relics_obtained":["Peace Pipe"],"max_hp_gain":0,"max_hp_loss":0,"event_name":"Big Fish","floor":11,"gold_loss":0,"cards_obtained":["Regret"]}],"is_beta":false,"boss_relics":[],"items_purged_floors":[],"is_endless":false,"potions_floor_spawned":[1,10,14],"killed_by":"Slime Boss","ascension_level":10}