{"path_per_floor":["M","?","?","M","$","R","E","M","T","R","?","M","M","T","R","B",null,"M","?","M","?","?","R","$","M","T"],"character_chosen":"THE_SILENT","items_purchased":["Backstab"],"gold_per_floor":[12,87,87,103,28,28,67,80,80,80,80,100,118,118,118,213,213,238,238,256,256,256,256,181,196,196,196],"floor_reached":27,"campfire_rested":3,"playtime":1042,"current_hp_per_floor":[59,48,48,48,48,48,9,9,9,28,28,22,10,10,29,27,56,50,50,37,37,16,35,35,35,35,0],"items_purged":["Injury"],"gold":196,"score":369,"play_id":"a2dbdd59-39f9-44b4-a766-d65d348498bc","local_time":"20180405112620","is_prod":false,"is_daily":false,"is_ascension_mode":true,"campfire_upgraded":1,"timestamp":1522895180,"path_taken":["M","?","?","M","$","R","E","M","T","R","?","M","?","?","R","BOSS","M","?","M","?","?","R","?","?","T","E"],"build_version":"2018-03-29v2","purchased_purges":2,"victory":false,"master_deck":["Defend_G","Defend_G","Defend_G","Defend_G","Defend_G","Strike_G","Strike_G","Survivor","Neutralize","AscendersBane","Choke+1","Underhanded Strike","Doppelganger","Slice","Leg Sweep","Malaise","Night Terror","Bouncing Flask+1","Slice","Phantasmal Killer","Deadly Poison+1","Decay","Backstab","Dash"],"max_hp_per_floor":[66,66,66,66,66,66,66,66,66,66,66,66,66,66,66,66,66,66,66,66,66,66,66,66,66,66,66],"relics":["Ring of the Snake","Golden Idol","Toolbox","Du-Vu Doll","Torii","Sozu","Enchiridion","Bronze Scales"],"card_choices":[{"not_picked":["Dagger Throw","Quick Slash"],"picked":"Doppelganger","floor":1},{"not_picked":["PiercingWail","Accuracy"],"picked":"Slice","floor":4},{"not_picked":["Cloak And Dagger","Quick Slash"],"picked":"Leg Sweep","floor":7},{"not_picked":["Predator","Flying Knee"],"picked":"Malaise","floor":8},{"not_picked":["Dagger Throw","Acrobatics"],"picked":"Bouncing Flask","floor":12},{"not_picked":["PiercingWail","Finisher"],"picked":"Slice","floor":13},{"not_picked":["Grand Finale","Envenom"],"picked":"Phantasmal Killer","floor":16},{"not_picked":["Slice","Outmaneuver"],"picked":"Deadly Poison","floor":18},{"not_picked":["Slice","Underhanded Strike"],"picked":"Dash","floor":25}],"player_experience":408221,"potions_floor_usage":[16,27],"damage_taken":[{"damage":0,"enemies":"Cultist","floor":1,"turns":5},{"damage":0,"enemies":"Jaw Worm","floor":4,"turns":5},{"damage":39,"enemies":"3 Sentries","floor":7,"turns":11},{"damage":0,"enemies":"2 Louse","floor":8,"turns":1},{"damage":6,"enemies":"Exordium Wildlife","floor":12,"turns":3},{"damage":12,"enemies":"Large Slime","floor":13,"turns":8},{"damage":2,"enemies":"Hexaghost","floor":16,"turns":9},{"damage":6,"enemies":"2 Thieves","floor":18,"turns":4},{"damage":13,"enemies":"3 Byrds","floor":20,"turns":6},{"damage":0,"enemies":"Snake Plant","floor":25,"turns":2},{"damage":52,"enemies":"Gremlin Leader","floor":27,"turns":9}],"event_choices":[{"event_name":"World of Goop","player_choice":"Gather Gold","floor":2,"damage_taken":0},{"event_name":"Golden Idol","player_choice":"Take Wound","floor":3,"damage_taken":0},{"event_name":"Transmorgrifier","player_choice":"Transform","floor":11,"damage_taken":0},{"event_name":"Accursed Blacksmith","player_choice":"Forge","floor":19,"damage_taken":0},{"event_name":"Forgotten Altar","player_choice":"Smashed Altar","floor":21,"damage_taken":0},{"event_name":"Cursed Tome","player_choice":"Obtained Book","floor":22,"damage_taken":0}],"boss_relics":[{"not_picked":["Pandora\u0027s Box","Orrery"],"picked":"Sozu"}],"potions_floor_spawned":[8,13,16,25],"seed_played":"-7761912970321013723","killed_by":"Gremlin Leader","ascension_level":15,"is_trial":false}