{"gold_per_floor":[112,112,124,142,142,142,142,142,142,168,181,131,165,185,185,185],"floor_reached":16,"playtime":1565,"items_purged":[],"score":110,"play_id":"cdc14ea9-e0b6-463e-a1f6-b8ddb115a518","local_time":"20190203103144","is_ascension_mode":false,"campfire_choices":[{"data":"Neutralize","floor":6,"key":"SMITH"},{"data":"Heel Hook","floor":8,"key":"SMITH"},{"data":"Glass Knife","floor":15,"key":"SMITH"}],"neow_cost":"NONE","seed_source_timestamp":238338792131365,"circlet_count":0,"master_deck":["Defend_G","Defend_G","Defend_G","Defend_G","Defend_G","Strike_G","Strike_G","Strike_G","Strike_G","Strike_G","Survivor","Neutralize+1","Dagger Throw","Bane","Heel Hook+1","Backflip","Unload","Glass Knife+1","Bouncing Flask"],"relics":["Ring of the Snake","Anchor","Darkstone Periapt","Blood Vial","Happy Flower","Ornamental Fan","Bag of Marbles"],"potions_floor_usage":[16,16],"damage_taken":[{"damage":0,"enemies":"2 Louse","floor":1,"turns":3},{"damage":0,"enemies":"Jaw Worm","floor":3,"turns":3},{"damage":0,"enemies":"Small Slimes","floor":4,"turns":4},{"damage":36,"enemies":"Lagavulin","floor":10,"turns":9},{"damage":4,"enemies":"Exordium Thugs","floor":11,"turns":5},{"damage":14,"enemies":"3 Sentries","floor":13,"turns":8},{"damage":0,"enemies":"Lots of Slimes","floor":14,"turns":3},{"damage":35,"enemies":"Slime Boss","floor":16,"turns":8}],"seed_played":"-2642345181201305896","potions_obtained":[{"floor":1,"key":"SmokeBomb"},{"floor":11,"key":"EssenceOfSteel"},{"floor":13,"key":"AttackPotion"}],"is_trial":false,"path_per_floor":["M","?","M","M","T","R","?","R","T","E","M","?","E","M","R","B"],"character_chosen":"THE_SILENT","items_purchased":[],"campfire_rested":0,"item_purchase_floors":[],"current_hp_per_floor":[70,70,70,70,70,70,76,76,76,40,38,38,26,28,28,0],"gold":185,"neow_bonus":"RANDOM_COMMON_RELIC","is_prod":false,"is_daily":false,"chose_seed":false,"campfire_upgraded":3,"win_rate":0.0,"timestamp":1549197104,"path_taken":["M","?","M","M","?","R","?","R","T","E","M","?","E","M","R","BOSS"],"build_version":"2019-01-23","purchased_purges":0,"victory":false,"max_hp_per_floor":[70,70,70,70,70,70,76,76,76,76,76,76,76,76,76,76],"card_choices":[{"not_picked":["Footwork","Quick Slash"],"picked":"Dagger Throw","floor":1},{"not_picked":["Outmaneuver","Flying Knee"],"picked":"Bane","floor":3},{"not_picked":["Tactician","Sucker Punch"],"picked":"Heel Hook","floor":4},{"not_picked":["Blur","Escape Plan"],"picked":"Backflip","floor":10},{"not_picked":["Quick Slash","Underhanded Strike"],"picked":"Unload","floor":11},{"not_picked":["Backflip","Footwork"],"picked":"Glass Knife","floor":13},{"not_picked":["Slice","Deflect"],"picked":"Bouncing Flask","floor":14}],"player_experience":40755,"relics_obtained":[{"floor":5,"key":"Darkstone Periapt"},{"floor":9,"key":"Happy Flower"},{"floor":10,"key":"Ornamental Fan"},{"floor":13,"key":"Bag of Marbles"}],"event_choices":[{"damage_healed":0,"gold_gain":0,"player_choice":"Ignored","damage_taken":0,"max_hp_gain":0,"max_hp_loss":0,"event_name":"Liars Game","floor":2,"gold_loss":0},{"damage_healed":0,"gold_gain":0,"player_choice":"Box","damage_taken":0,"relics_obtained":["Blood Vial"],"max_hp_gain":0,"max_hp_loss":0,"event_name":"Big Fish","floor":7,"gold_loss":0,"cards_obtained":["Regret"]},{"cards_removed":["Regret"],"damage_healed":0,"gold_gain":0,"player_choice":"Card Removal","damage_taken":0,"max_hp_gain":0,"max_hp_loss":0,"event_name":"The Cleric","floor":12,"gold_loss":50}],"is_beta":false,"boss_relics":[],"items_purged_floors":[],"is_endless":false,"potions_floor_spawned":[1,11,13],"killed_by":"Slime Boss","ascension_level":0}