{"gold_per_floor":[115,19,19,19,36,36,89,89,139,151,179,191,203,7,7,112,112,126,126,56,56,70,70,70],"floor_reached":24,"playtime":1735,"items_purged":[],"score":205,"play_id":"a8e69895-a3ee-42b9-a394-f2fa4eb85a95","local_time":"20180909220458","is_ascension_mode":false,"campfire_choices":[{"data":"Madness","floor":6.0,"key":"SMITH"},{"data":"Headbutt","floor":8.0,"key":"SMITH"},{"data":"Feed","floor":15.0,"key":"SMITH"},{"data":"Double Tap","floor":23,"key":"SMITH"}],"neow_cost":"NONE","seed_source_timestamp":0,"circlet_count":0,"master_deck":["Strike_R+1","Strike_R","Strike_R","Strike_R","Defend_R+1","Defend_R","Defend_R","Defend_R","Bash","Iron Wave","Thunderclap","Headbutt+1","Flex","Twin Strike","Madness+1","Blood for Blood+1","Anger","Rage","Feed+1","Shrug It Off","Double Tap+1","Ghostly Armor","Ghostly Armor","Body Slam+1"],"special_seed":0,"relics":["Burning Blood","MawBank","Runic Pyramid"],"potions_floor_usage":[18],"damage_taken":[{"damage":0.0,"enemies":"Jaw Worm","floor":1.0,"turns":4.0},{"damage":0.0,"enemies":"Cultist","floor":5.0,"turns":3.0},{"damage":0.0,"enemies":"2 Louse","floor":11.0,"turns":2.0},{"damage":49.0,"enemies":"The Guardian","floor":16.0,"turns":10.0},{"damage":8,"enemies":"Spheric Guardian","floor":18,"turns":5},{"damage":10,"enemies":"Chosen","floor":22,"turns":3},{"damage":75,"enemies":"Gremlin Leader","floor":24,"turns":4}],"seed_played":"-1762964107072771739","potions_obtained":[{"floor":16.0,"key":"EssenceOfSteel"}],"is_trial":false,"path_per_floor":["M","$","?","?","M","R","?","R","T","?","M","?","?","$","R","B",null,"M","?","$","?","M","R"],"character_chosen":"IRONCLAD","items_purchased":["Headbutt","Flex","Feed","Shrug It Off","Ghostly Armor"],"campfire_rested":0,"item_purchase_floors":[2,2,14,14,20],"current_hp_per_floor":[80,80,80,85,85,85,85,85,85,68,74,74,74,74,74,35,89,91,91,91,75,75,75,0],"gold":70,"neow_bonus":"THREE_CARDS","is_prod":false,"is_daily":false,"chose_seed":false,"campfire_upgraded":4,"win_rate":0.0,"timestamp":1536545098,"path_taken":["M","$","?","?","M","R","?","R","T","?","?","?","?","?","R","BOSS","M","?","$","?","M","R","E"],"build_version":"2018-09-06","purchased_purges":0,"victory":false,"max_hp_per_floor":[80,80,80,85,85,85,85,85,85,85,85,85,85,85,85,89,89,93,93,93,93,97,97,97],"card_choices":[{"not_picked":["Heavy Blade","Cleave"],"picked":"Iron Wave","floor":0.0},{"not_picked":["Clash","Warcry"],"picked":"Thunderclap","floor":1.0},{"not_picked":["Intimidate","Warcry"],"picked":"Blood for Blood","floor":5.0},{"not_picked":["Entrench","Flame Barrier"],"picked":"Anger","floor":11.0},{"not_picked":["Offering","Limit Break"],"picked":"Double Tap","floor":16.0},{"not_picked":["Body Slam","Sever Soul+1"],"picked":"Ghostly Armor","floor":18},{"not_picked":["Perfected Strike","Intimidate"],"picked":"Body Slam+1","floor":22}],"player_experience":29165,"relics_obtained":[{"floor":9.0,"key":"MawBank"}],"event_choices":[{"event_name":"Match and Keep!","player_choice":"2 cards matched","floor":3.0,"damage_taken":0.0},{"event_name":"Big Fish","player_choice":"Donut","floor":4.0,"damage_taken":0.0},{"event_name":"Golden Wing","player_choice":"Gained Gold","floor":7.0,"damage_taken":0.0},{"event_name":"Shining Light","player_choice":"Entered Light","floor":10.0,"damage_taken":0.0},{"event_name":"Accursed Blacksmith","player_choice":"Forge","floor":12.0,"damage_taken":0.0},{"event_name":"Transmorgrifier","player_choice":"Transform","floor":13.0,"damage_taken":0.0},{"event_name":"Vampires","player_choice":"Ignored","floor":19,"damage_taken":0},{"event_name":"Cursed Tome","player_choice":"Obtained Book","floor":21,"damage_taken":0}],"is_beta":false,"boss_relics":[{"not_picked":["Ectoplasm","Runic Cube"],"picked":"Runic Pyramid"}],"items_purged_floors":[],"is_endless":false,"potions_floor_spawned":[16],"killed_by":"Gremlin Leader","ascension_level":0}