{"path_per_floor":["M","M","M","M","M","E","R","?","T","?","$","R","M","M","R","B",null,"M","M","$","M","$","R","M","?","T","M","R","T","?","?","R"],"character_chosen":"IRONCLAD","items_purchased":["Shuriken","Bandage Up","Warcry"],"gold_per_floor":[112,122,132,147,157,183,183,433,433,433,14,14,25,38,38,143,143,153,164,13,24,24,24,43,43,70,89,89,138,63,63,63],"floor_reached":33,"campfire_rested":1,"playtime":1478,"current_hp_per_floor":[80,80,80,74,72,57,57,57,57,57,57,57,69,80,80,78,80,26,17,17,27,27,27,25,25,25,30,30,30,30,15,40],"items_purged":["Regret","Corruption"],"gold":63,"score":249,"play_id":"9bb84a4f-0dfe-4fe2-b649-a52c6fb64f31","is_prod":false,"is_daily":false,"is_ascension_mode":false,"campfire_upgraded":5,"path_taken":["M","M","?","M","M","E","R","?","T","?","$","R","M","M","R","BOSS","M","M","?","M","$","R","M","?","T","M","R","?","?","?","R","BOSS"],"build_version":"2018-02-15-PROD1","purchased_purges":2,"victory":false,"master_deck":["Strike_R+1","Strike_R+1","Defend_R","Defend_R","Bash+1","Seeing Red","Seeing Red","Shrug It Off+1","Battle Trance","Rampage+1","Bandage Up","Headbutt","Fiend Fire+1","Headbutt+1","Evolve+1","Warcry+1","Ghostly Armor+1","Infernal Blade+1"],"max_hp_per_floor":[80,80,80,80,80,80,80,80,80,80,80,80,80,80,80,80,80,80,80,80,80,80,80,80,80,80,80,80,80,80,85,85],"relics":["Burning Blood","Blood Vial","Magic Flower","Shuriken","Astrolabe","Gambling Chip","Whetstone","Juzu Bracelet"],"card_choices":[{"not_picked":["Entrench","Wild Strike"],"picked":"Seeing Red"},{"not_picked":["Wild Strike","Fire Breathing"],"picked":"Seeing Red"},{"not_picked":["Thunderclap","Cleave"],"picked":"Shrug It Off"},{"not_picked":["Perfected Strike","Sword Boomerang"],"picked":"Battle Trance"},{"not_picked":["Rage","Flex"],"picked":"Rampage"},{"not_picked":["Seeing Red","Corruption"],"picked":"Headbutt"},{"not_picked":["Brutality","Barricade"],"picked":"Fiend Fire"},{"not_picked":["Sword Boomerang","Warcry"],"picked":"Ghostly Armor"},{"not_picked":["True Grit","Headbutt"],"picked":"Infernal Blade"}],"player_experience":189498,"potions_floor_usage":[21,33,33],"damage_taken":[{"damage":1.0,"enemies":"Cultist","floor":1.0,"turns":3.0},{"damage":0.0,"enemies":"2 Louse","floor":2.0,"turns":2.0},{"damage":1.0,"enemies":"Jaw Worm","floor":3.0,"turns":3.0},{"damage":12.0,"enemies":"Exordium Wildlife","floor":4.0,"turns":7.0},{"damage":8.0,"enemies":"Lots of Slimes","floor":5.0,"turns":5.0},{"damage":21.0,"enemies":"Lagavulin","floor":6.0,"turns":5.0},{"damage":6.0,"enemies":"Large Slime","floor":13.0,"turns":4.0},{"damage":5.0,"enemies":"Looter","floor":14.0,"turns":3.0},{"damage":17.0,"enemies":"Slime Boss","floor":16.0,"turns":8.0},{"damage":63.0,"enemies":"2 Thieves","floor":18.0,"turns":5.0},{"damage":27.0,"enemies":"Shell Parasite","floor":19.0,"turns":5.0},{"damage":23,"enemies":"Centurion and Healer","floor":21,"turns":5},{"damage":20,"enemies":"Sentry and Sphere","floor":24,"turns":4},{"damage":13,"enemies":"Snake Plant","floor":27,"turns":4},{"damage":62,"enemies":"Automaton","floor":33,"turns":6}],"event_choices":[{"event_name":"Golden Shrine","player_choice":"Desecrate","floor":8.0,"damage_taken":0.0},{"event_name":"Living Wall","player_choice":"Forget","floor":10.0,"damage_taken":0.0},{"event_name":"The Mausoleum","player_choice":"Yes","floor":25,"damage_taken":0},{"event_name":"Beggar","player_choice":"Gave Gold","floor":30,"damage_taken":0},{"event_name":"Forgotten Altar","player_choice":"Shed Blood","floor":31,"damage_taken":0}],"boss_relics":[],"potions_floor_spawned":[1,2,4,5,18],"seed_played":"-4669130459396980322","killed_by":"Automaton","ascension_level":0,"is_trial":false}