{"gold_per_floor":[112,112,112,131,62,62,93,93,93,112,112,147,161,187,187,288,288,301,313,342,354,364,399,399,432,477,508,382,482,226,237,237,341,341,356,356,366,382,382,382,408,130,130,205,536,192,210,222,222,222],"floor_reached":51,"playtime":2823,"items_purged":["Strike_R","Strike_R","Strike_R","Strike_R"],"score":950,"play_id":"cc07e130-e637-4fb1-94d4-24b9289638c1","local_time":"20190305222429","is_ascension_mode":true,"campfire_choices":[{"data":"Pommel Strike","floor":6,"key":"SMITH"},{"data":"Bash","floor":8,"key":"SMITH"},{"data":"Defend_R","floor":11,"key":"SMITH"},{"floor":15,"key":"REST"},{"floor":24,"key":"REST"},{"floor":32,"key":"REST"},{"floor":40,"key":"RECALL"},{"floor":49,"key":"REST"}],"neow_cost":"NONE","seed_source_timestamp":220026916780049,"circlet_count":0,"master_deck":["Strike_R","Defend_R+1","Defend_R","Defend_R","Defend_R","Bash+1","Pommel Strike+1","Dropkick","Dropkick","Offering","Dark Embrace","Havoc","Rampage+1","Seeing Red","Corruption","Warcry","Warcry","True Grit+1","Sentinel","Spot Weakness"],"relics":["Burning Blood","NeowsBlessing","Mummified Hand","Centennial Puzzle","Strawberry","Sundial","Oddly Smooth Stone","Fusion Hammer","Red Mask","Pen Nib","Bottled Tornado","Omamori","Juzu Bracelet","Mango","Shuriken","Bag of Marbles","Black Star","Boot","Blue Candle","Anchor","Darkstone Periapt","Old Coin","Happy Flower","Vajra"],"potions_floor_usage":[20,23,23,25,48],"damage_taken":[{"damage":0,"enemies":"Cultist","floor":1,"turns":1},{"damage":0,"enemies":"2 Louse","floor":4,"turns":1},{"damage":0,"enemies":"Lagavulin","floor":7,"turns":1},{"damage":5,"enemies":"Jaw Worm","floor":10,"turns":4},{"damage":31,"enemies":"3 Sentries","floor":12,"turns":8},{"damage":6,"enemies":"2 Fungi Beasts","floor":13,"turns":1},{"damage":8,"enemies":"Lagavulin","floor":14,"turns":5},{"damage":40,"enemies":"The Guardian","floor":16,"turns":9},{"damage":7,"enemies":"Shell Parasite","floor":18,"turns":3},{"damage":7,"enemies":"Chosen","floor":19,"turns":3},{"damage":10,"enemies":"Masked Bandits","floor":20,"turns":2},{"damage":14,"enemies":"Centurion and Healer","floor":21,"turns":5},{"damage":15,"enemies":"Chosen and Byrds","floor":22,"turns":5},{"damage":32,"enemies":"Slavers","floor":23,"turns":5},{"damage":14,"enemies":"Book of Stabbing","floor":25,"turns":4},{"damage":12,"enemies":"Gremlin Leader","floor":27,"turns":2},{"damage":6,"enemies":"Colosseum Slavers","floor":29,"turns":2},{"damage":7,"enemies":"Colosseum Nobs","floor":29,"turns":3},{"damage":3,"enemies":"Shelled Parasite and Fungi","floor":31,"turns":2},{"damage":9,"enemies":"Champ","floor":33,"turns":2},{"damage":9,"enemies":"3 Shapes","floor":35,"turns":2},{"damage":6,"enemies":"Orb Walker","floor":37,"turns":1},{"damage":6,"enemies":"Writhing Mass","floor":38,"turns":2},{"damage":6,"enemies":"Nemesis","floor":41,"turns":3},{"damage":6,"enemies":"Reptomancer","floor":45,"turns":2},{"damage":16,"enemies":"Sphere and 2 Shapes","floor":47,"turns":3},{"damage":6,"enemies":"Spire Growth","floor":48,"turns":3},{"damage":41,"enemies":"Time Eater","floor":50,"turns":4}],"seed_played":"-5340317815141417516","potions_obtained":[{"floor":7,"key":"EssenceOfSteel"},{"floor":14,"key":"Weak Potion"},{"floor":18,"key":"PowerPotion"},{"floor":20,"key":"BloodPotion"},{"floor":22,"key":"AttackPotion"},{"floor":29,"key":"Regen Potion"},{"floor":33,"key":"Block Potion"},{"floor":47,"key":"LiquidBronze"},{"floor":48,"key":"Fruit Juice"}],"is_trial":false,"path_per_floor":["M","T","?","M","$","R","E","R","T","M","R","E","M","E","R","B",null,"M","M","?","M","M","E","R","E","T","E","$","?","$","M","R","B",null,"M","?","M","M","?","R","E","$","T","?","E","$","M","M","R","B",null],"character_chosen":"IRONCLAD","items_purchased":["Dropkick","Warcry","Bag of Marbles","Anchor","Vajra","Weak Potion"],"campfire_rested":4,"item_purchase_floors":[5,28,30,42,46,46],"current_hp_per_floor":[80,80,85,85,85,85,85,85,92,92,92,67,67,65,92,58,92,91,90,86,78,69,52,79,71,71,65,65,78,78,81,106,103,106,103,103,103,103,101,101,101,101,101,91,91,91,81,86,106,71],"gold":222,"neow_bonus":"THREE_ENEMY_KILL","is_prod":false,"is_daily":false,"chose_seed":false,"campfire_upgraded":3,"win_rate":0,"timestamp":1551821069,"path_taken":["M","?","?","M","$","R","E","R","T","M","R","E","M","E","R","BOSS","M","M","?","M","M","E","R","E","T","E","$","?","$","M","R","BOSS","M","?","M","M","?","R","E","$","T","?","E","$","M","M","R","BOSS"],"build_version":"2019-01-23","purchased_purges":4,"victory":true,"max_hp_per_floor":[80,80,85,85,85,85,85,85,92,92,92,92,92,92,92,92,92,92,92,92,92,92,92,92,92,92,92,92,106,106,106,106,106,106,106,106,106,106,101,101,101,101,101,101,101,101,101,106,106,106],"card_choices":[{"not_picked":["Wild Strike","Sever Soul"],"picked":"Pommel Strike","floor":1},{"not_picked":["Flex","Headbutt"],"picked":"Dropkick","floor":4},{"not_picked":["Wild Strike","Spot Weakness","Armaments"],"picked":"SKIP","floor":7},{"not_picked":["Anger","Sever Soul","Wild Strike"],"picked":"SKIP","floor":10},{"not_picked":["Fiend Fire","Infernal Blade"],"picked":"Offering","floor":12},{"not_picked":["Bloodletting","Searing Blow","Body Slam"],"picked":"SKIP","floor":13},{"not_picked":["Metallicize","Dropkick","Flex"],"picked":"SKIP","floor":14},{"not_picked":["Impervious","Bludgeon"],"picked":"Dark Embrace","floor":16},{"not_picked":["Sword Boomerang","Perfected Strike+1","Twin Strike"],"picked":"SKIP","floor":18},{"not_picked":["Disarm+1","Thunderclap"],"picked":"Havoc","floor":19},{"not_picked":["Armaments","Pommel Strike","Anger+1"],"picked":"SKIP","floor":21},{"not_picked":["Shockwave","Demon Form"],"picked":"Rampage+1","floor":22},{"not_picked":["Pummel","Clash+1"],"picked":"Seeing Red","floor":23},{"not_picked":["Uppercut","Shrug It Off+1"],"picked":"Corruption","floor":25},{"not_picked":["Pommel Strike","Dropkick","Body Slam"],"picked":"SKIP","floor":27},{"not_picked":["Twin Strike","Perfected Strike"],"picked":"Warcry","floor":31},{"not_picked":["Hemokinesis+1","Heavy Blade+1","Wild Strike"],"picked":"SKIP","floor":35},{"not_picked":["Perfected Strike","Warcry","Cleave+1"],"picked":"SKIP","floor":37},{"not_picked":["Perfected Strike+1","Warcry+1"],"picked":"True Grit+1","floor":38},{"not_picked":["Cleave+1","Twin Strike+1","Metallicize+1"],"picked":"SKIP","floor":41},{"not_picked":["Demon Form","Wild Strike"],"picked":"Sentinel","floor":45},{"not_picked":["Twin Strike+1","Corruption"],"picked":"Spot Weakness","floor":47},{"not_picked":["Hemokinesis","Thunderclap+1","Twin Strike+1"],"picked":"SKIP","floor":48}],"player_experience":1065395,"relics_obtained":[{"floor":2,"key":"Mummified Hand"},{"floor":7,"key":"Centennial Puzzle"},{"floor":9,"key":"Strawberry"},{"floor":12,"key":"Sundial"},{"floor":14,"key":"Oddly Smooth Stone"},{"floor":20,"key":"Red Mask"},{"floor":23,"key":"Pen Nib"},{"floor":25,"key":"Bottled Tornado"},{"floor":26,"key":"Omamori"},{"floor":27,"key":"Juzu Bracelet"},{"floor":29,"key":"Mango"},{"floor":29,"key":"Shuriken"},{"floor":41,"key":"Boot"},{"floor":41,"key":"Blue Candle"},{"floor":43,"key":"Darkstone Periapt"},{"floor":45,"key":"Old Coin"},{"floor":45,"key":"Happy Flower"}],"event_choices":[{"damage_healed":0,"gold_gain":0,"player_choice":"Donut","damage_taken":0,"max_hp_gain":5,"max_hp_loss":0,"event_name":"Big Fish","floor":3,"gold_loss":0},{"damage_healed":0,"gold_gain":0,"player_choice":"Fought Bandits","damage_taken":0,"max_hp_gain":0,"max_hp_loss":0,"event_name":"Masked Bandits","floor":20,"gold_loss":0},{"damage_healed":0,"gold_gain":0,"player_choice":"Fight","damage_taken":0,"max_hp_gain":0,"max_hp_loss":0,"event_name":"Colosseum","floor":29,"gold_loss":0},{"damage_healed":0,"gold_gain":0,"player_choice":"Fought Nobs","damage_taken":0,"max_hp_gain":0,"max_hp_loss":0,"event_name":"Colosseum","floor":29,"gold_loss":0},{"damage_healed":0,"gold_gain":0,"player_choice":"Ignored","damage_taken":0,"max_hp_gain":0,"max_hp_loss":0,"event_name":"Tomb of Lord Red Mask","floor":36,"gold_loss":0},{"damage_healed":0,"gold_gain":0,"player_choice":"Max HP","damage_taken":0,"max_hp_gain":0,"max_hp_loss":5,"event_name":"Winding Halls","floor":39,"gold_loss":0},{"damage_healed":0,"gold_gain":75,"player_choice":"Touch","damage_taken":10,"max_hp_gain":0,"max_hp_loss":0,"event_name":"FaceTrader","floor":44,"gold_loss":0}],"is_beta":false,"boss_relics":[{"not_picked":["White Beast Statue","Tiny House"],"picked":"Fusion Hammer"},{"not_picked":["Calling Bell","Pandora\u0027s Box"],"picked":"Black Star"}],"items_purged_floors":[28,30,42,46],"is_endless":false,"potions_floor_spawned":[7,14,18,20,22,29,29,33,47,48],"ascension_level":1}