{"gold_per_floor":[111,111,111,126,74,103,103,131,131,141,155],"floor_reached":11,"playtime":475,"items_purged":[],"score":83,"play_id":"a849514d-3bb4-4ab8-9028-3add9baecf78","local_time":"20181223114628","is_ascension_mode":false,"campfire_choices":[{"floor":7,"key":"REST"}],"neow_cost":"NONE","seed_source_timestamp":93782966423682,"circlet_count":0,"master_deck":["Strike_B","Strike_B","Strike_B","Defend_B","Defend_B","Defend_B","Defend_B","Zap","Dualcast","Cold Snap","Cold Snap","Self Repair","Conserve Battery"],"relics":["Cracked Core","Incense Burner","Meat on the Bone","Matryoshka"],"potions_floor_usage":[6],"damage_taken":[{"damage":2,"enemies":"Small Slimes","floor":1,"turns":3},{"damage":0,"enemies":"Jaw Worm","floor":4,"turns":4},{"damage":37,"enemies":"3 Sentries","floor":6,"turns":9},{"damage":57,"enemies":"Gremlin Nob","floor":8,"turns":6},{"damage":2,"enemies":"2 Louse","floor":10,"turns":2},{"damage":15,"enemies":"Exordium Wildlife","floor":11,"turns":4}],"seed_played":"6754578589032154433","potions_obtained":[{"floor":1,"key":"Block Potion"},{"floor":10,"key":"Ancient Potion"}],"is_trial":false,"path_per_floor":["M","?","?","M","$","E","R","E","T","M","M"],"character_chosen":"DEFECT","items_purchased":["Cold Snap"],"campfire_rested":1,"item_purchase_floors":[5],"current_hp_per_floor":[80,85,85,85,85,48,74,17,17,27,31],"gold":155,"neow_bonus":"TEN_PERCENT_HP_BONUS","is_prod":false,"is_daily":false,"chose_seed":false,"campfire_upgraded":0,"win_rate":0,"timestamp":1545583588,"path_taken":["M","?","?","M","?","E","R","E","T","M","M"],"build_version":"2018-12-20","purchased_purges":0,"victory":false,"max_hp_per_floor":[82,87,87,87,87,87,87,87,87,87,87],"card_choices":[{"not_picked":["Static Discharge","Redo","Self Repair"],"picked":"SKIP","floor":1},{"not_picked":["Beam Cell","Hologram","Compile Driver"],"picked":"SKIP","floor":4},{"not_picked":["Gash","Stack"],"picked":"Cold Snap","floor":6},{"not_picked":["Echo Form","Double Energy","Beam Cell"],"picked":"SKIP","floor":8},{"not_picked":["Beam Cell","Steam"],"picked":"Self Repair","floor":10},{"not_picked":["Storm","Recycle"],"picked":"Conserve Battery","floor":11}],"player_experience":341159,"relics_obtained":[{"floor":6,"key":"Incense Burner"},{"floor":8,"key":"Meat on the Bone"},{"floor":9,"key":"Matryoshka"}],"event_choices":[{"damage_healed":0,"gold_gain":0,"player_choice":"Donut","damage_taken":0,"max_hp_gain":5,"max_hp_loss":0,"event_name":"Big Fish","floor":2,"gold_loss":0},{"cards_removed":["Strike_B"],"damage_healed":0,"gold_gain":0,"player_choice":"Forget","damage_taken":0,"max_hp_gain":0,"max_hp_loss":0,"event_name":"Living Wall","floor":3,"gold_loss":0}],"is_beta":false,"boss_relics":[],"items_purged_floors":[],"is_endless":false,"potions_floor_spawned":[1,10],"killed_by":"Exordium Wildlife","ascension_level":0}