{"gold_per_floor":[109,121,137,69,69,103,103,116,166,166,191,43,69,102,102,198,198,208,220,232,246,258,258,290,215,215,125,125,25,25,50,50,146,146,156,156,121,121,121,121,151,162,162,162,182,202,214,214],"floor_reached":48,"playtime":2662,"items_purged":["Chen:Strike","Chen:Strike"],"score":518,"play_id":"f4f07db1-a5d2-4f78-be47-f6d88b089379","local_time":"20190303043300","is_ascension_mode":false,"campfire_choices":[{"data":"Chen:Deceitful","floor":7,"key":"SMITH"},{"data":"Chen:Unpredictable","floor":10,"key":"SMITH"},{"floor":15,"key":"REST"},{"floor":23,"key":"REST"},{"floor":28,"key":"REST"},{"data":"Chen:Impale","floor":30,"key":"SMITH"},{"floor":32,"key":"REST"},{"floor":40,"key":"RECALL"},{"floor":44,"key":"REST"}],"neow_cost":"NONE","seed_source_timestamp":2138493749047100,"circlet_count":0,"master_deck":["Chen:Strike","Chen:Defend","Chen:Defend","Chen:Defend+1","Chen:Defend","Chen:PounceTurnTail","Chen:GlitterPoke+1","Chen:Spray","Chen:Deceitful+1","Chen:TauntHiss","Chen:Salvo","Chen:Tear","Chen:Unpredictable+1","Chen:Impale+1","Chen:StudySharpen","Chen:Shot","Chen:Nimbleness","Chen:Scratch+1","Chen:Sidestep+1","Chen:Excitement","Chen:Knockout+1","Chen:ShikigamiForm","Chen:Scratch","Chen:Deceitful+1","Secret Weapon","Chen:EvasiveFireShift+1","Chen:Catseye+1","Chen:Barrier"],"relics":["Chen:Catnip","Mummified Hand","Anchor","Potion Belt","Strawberry","Centennial Puzzle","Runic Pyramid","Lantern","Ancient Tea Set","Happy Flower","Fusion Hammer","Frozen Egg 2","Regal Pillow"],"potions_floor_usage":[6,14,16,22,22,42,47],"damage_taken":[{"damage":0,"enemies":"Cultist","floor":1,"turns":4},{"damage":2,"enemies":"2 Louse","floor":2,"turns":2},{"damage":6,"enemies":"Jaw Worm","floor":3,"turns":5},{"damage":25,"enemies":"3 Sentries","floor":6,"turns":5},{"damage":2,"enemies":"Exordium Wildlife","floor":8,"turns":3},{"damage":24,"enemies":"Gremlin Nob","floor":11,"turns":4},{"damage":17,"enemies":"Lagavulin","floor":14,"turns":8},{"damage":10,"enemies":"Hexaghost","floor":16,"turns":8},{"damage":22,"enemies":"Shell Parasite","floor":18,"turns":6},{"damage":10,"enemies":"2 Thieves","floor":19,"turns":4},{"damage":11,"enemies":"Snake Plant","floor":20,"turns":2},{"damage":28,"enemies":"Shelled Parasite and Fungi","floor":21,"turns":5},{"damage":4,"enemies":"Snecko","floor":22,"turns":5},{"damage":28,"enemies":"Slavers","floor":24,"turns":6},{"damage":14,"enemies":"Gremlin Leader","floor":31,"turns":5},{"damage":5,"enemies":"Champ","floor":33,"turns":9},{"damage":0,"enemies":"Orb Walker","floor":35,"turns":2},{"damage":40,"enemies":"Reptomancer","floor":41,"turns":4},{"damage":11,"enemies":"3 Darklings","floor":42,"turns":3},{"damage":6,"enemies":"Writhing Mass","floor":45,"turns":3},{"damage":0,"enemies":"Transient","floor":46,"turns":5},{"damage":39,"enemies":"Sphere and 2 Shapes","floor":47,"turns":4},{"damage":24,"enemies":"Spire Growth","floor":48,"turns":2}],"seed_played":"7380099177285579899","potions_obtained":[{"floor":3,"key":"GamblersBrew"},{"floor":6,"key":"Weak Potion"},{"floor":11,"key":"Strength Potion"},{"floor":18,"key":"LiquidBronze"},{"floor":19,"key":"Regen Potion"},{"floor":20,"key":"SneckoOil"},{"floor":31,"key":"Explosive Potion"},{"floor":33,"key":"FearPotion"},{"floor":42,"key":"Explosive Potion"},{"floor":45,"key":"Energy Potion"}],"is_trial":false,"path_per_floor":["M","M","M","$","?","E","R","M","T","R","E","$","T","E","R","B",null,"M","M","M","M","M","R","E","?","T","?","R","$","R","E","R","B",null,"M","T","$","?","?","R","E","M","T","R","M","M","M","M"],"character_chosen":"CHEN","items_purchased":["Chen:Salvo","Chen:StudySharpen","Chen:Deceitful+1"],"campfire_rested":5,"item_purchase_floors":[4,12,37],"current_hp_per_floor":[70,68,62,62,62,37,37,35,35,35,11,11,18,1,24,14,77,55,45,34,6,11,34,6,6,6,6,29,29,29,15,38,33,77,77,77,77,73,73,73,33,22,22,58,52,52,13,0],"gold":214,"neow_bonus":"UPGRADE_CARD","is_prod":false,"is_daily":false,"chose_seed":false,"campfire_upgraded":3,"win_rate":0.0,"timestamp":1551616380,"path_taken":["M","M","M","$","?","E","R","?","T","R","E","$","?","E","R","BOSS","M","M","M","M","M","R","E","?","T","?","R","$","R","E","R","BOSS","M","?","$","?","?","R","E","M","T","R","M","M","?","M"],"build_version":"2019-01-23","purchased_purges":2,"victory":false,"max_hp_per_floor":[70,70,70,70,70,70,70,70,70,70,70,70,77,77,77,77,77,77,77,77,77,77,77,77,77,77,77,77,77,77,77,77,77,77,77,77,77,73,73,73,73,73,73,73,73,73,73,73],"card_choices":[{"not_picked":["Chen:Sweep","Chen:Panic"],"picked":"Chen:Spray","floor":1},{"not_picked":["Chen:MeditateFrenzy","Chen:Sidestep"],"picked":"Chen:Deceitful","floor":2},{"not_picked":["Chen:CatPunch","Chen:Mixup"],"picked":"Chen:TauntHiss","floor":3},{"not_picked":["Chen:Kimontonkou","Chen:Honk"],"picked":"Chen:Tear","floor":6},{"not_picked":["Chen:Knockout","Chen:Sweep"],"picked":"Chen:Unpredictable","floor":8},{"not_picked":["Chen:Sneak","Chen:Copycat"],"picked":"Chen:Impale","floor":11},{"not_picked":["Chen:TauntHiss","Chen:Spray"],"picked":"Chen:Shot","floor":14},{"not_picked":["Chen:CurlUp","Chen:FinalSpellCard"],"picked":"Chen:Nimbleness","floor":16},{"not_picked":["Chen:Salvo","Chen:Tear","Chen:PentagramFlight"],"picked":"SKIP","floor":18},{"not_picked":["Chen:MisdirectSwipe","Chen:Catseye"],"picked":"Chen:Scratch+1","floor":19},{"not_picked":["Chen:Barrier","Chen:RecklessLeap","Chen:CatPunch"],"picked":"SKIP","floor":20},{"not_picked":["Chen:EmergencyEscape","Chen:Spray"],"picked":"Chen:Sidestep+1","floor":21},{"not_picked":["Chen:Honk","Chen:RecklessLeap","Chen:Shot"],"picked":"SKIP","floor":22},{"not_picked":["Chen:Panic","Chen:Flicker"],"picked":"Chen:Excitement","floor":24},{"not_picked":["Chen:RecklessLeap","Chen:Exploit"],"picked":"Chen:Knockout+1","floor":31},{"not_picked":["Chen:Possession","Chen:Clarity"],"picked":"Chen:ShikigamiForm","floor":33},{"not_picked":["Chen:Sidestep+1","Chen:EmergencyEscape+1"],"picked":"Chen:Scratch","floor":35},{"not_picked":["Jack Of All Trades","Dramatic Entrance"],"picked":"Secret Weapon","floor":39},{"not_picked":["Chen:Knockout","Chen:Tear","Chen:SelfControl+1"],"picked":"SKIP","floor":41},{"not_picked":["Chen:RecklessLeap","Chen:Scratch"],"picked":"Chen:EvasiveFireShift+1","floor":42},{"not_picked":["Chen:PentagramFlight+1","Chen:Rush+1","Chen:Sneak+1"],"picked":"SKIP","floor":45},{"not_picked":["Chen:SelfControl+1","Chen:EvasiveFireShift"],"picked":"Chen:Catseye+1","floor":46},{"not_picked":["Chen:Salvo","Chen:PentagramFlight"],"picked":"Chen:Barrier","floor":47}],"player_experience":797391,"relics_obtained":[{"floor":6,"key":"Mummified Hand"},{"floor":9,"key":"Anchor"},{"floor":11,"key":"Potion Belt"},{"floor":13,"key":"Strawberry"},{"floor":14,"key":"Centennial Puzzle"},{"floor":24,"key":"Lantern"},{"floor":26,"key":"Ancient Tea Set"},{"floor":31,"key":"Happy Flower"},{"floor":36,"key":"Frozen Egg 2"},{"floor":41,"key":"Regal Pillow"}],"event_choices":[{"damage_healed":0,"gold_gain":0,"player_choice":"Ignored","damage_taken":0,"max_hp_gain":0,"max_hp_loss":0,"event_name":"NoteForYourself","floor":5,"gold_loss":0},{"cards_removed":["Chen:Strike"],"damage_healed":0,"gold_gain":0,"player_choice":"Gave Gold","damage_taken":0,"max_hp_gain":0,"max_hp_loss":0,"event_name":"Beggar","floor":25,"gold_loss":75},{"cards_removed":["Chen:Strike"],"damage_healed":0,"gold_gain":0,"player_choice":"Upgrade and Remove","damage_taken":0,"max_hp_gain":0,"max_hp_loss":0,"event_name":"Designer","floor":27,"gold_loss":90,"cards_upgraded":["Chen:Defend"]},{"damage_healed":0,"gold_gain":0,"player_choice":"Max HP","damage_taken":0,"max_hp_gain":0,"max_hp_loss":4,"event_name":"Winding Halls","floor":38,"gold_loss":0},{"damage_healed":0,"gold_gain":0,"player_choice":"Memory 1","damage_taken":0,"max_hp_gain":0,"max_hp_loss":0,"event_name":"SensoryStone","floor":39,"gold_loss":0}],"is_beta":false,"boss_relics":[{"not_picked":["Busted Crown","Empty Cage"],"picked":"Runic Pyramid"},{"not_picked":["Pandora\u0027s Box","Snecko Eye"],"picked":"Fusion Hammer"}],"items_purged_floors":[12,29],"is_endless":false,"potions_floor_spawned":[3,6,11,18,19,20,31,33,42,45],"killed_by":"Spire Growth","ascension_level":0}