{"gold_per_floor":[114,17,17,32,87,87,102,117,192,222,124,124,124,139,139,239,239,254,254,121,121,151,151,176,206,206,206,221,44,74,89,89,189,189,204,204,44,69,84,114,40,55,80,95,95,22,52,52,52,52],"floor_reached":51,"playtime":2704,"items_purged":["Writhe","Regret","Doubt"],"score":1036,"play_id":"7c026e06-b010-457d-9b27-bf690243ce8d","local_time":"20181105045318","daily_mods":["Cursed Run","Time Dilation","DeadlyEvents"],"is_ascension_mode":false,"campfire_choices":[{"data":"True Grit","floor":6,"key":"SMITH"},{"data":"Sword Boomerang","floor":13,"key":"SMITH"},{"data":"Heavy Blade","floor":15,"key":"SMITH"},{"data":"1","floor":23,"key":"LIFT"},{"data":"2","floor":27,"key":"LIFT"},{"data":"3","floor":32,"key":"LIFT"},{"data":"Armaments","floor":45,"key":"SMITH"},{"data":"True Grit","floor":49,"key":"SMITH"}],"neow_cost":"","seed_source_timestamp":0,"circlet_count":0,"master_deck":["Strike_R","Strike_R","Strike_R","Strike_R","Strike_R","Defend_R","Defend_R","Defend_R","Defend_R","Bash+1","Disarm","True Grit+1","Cleave","Regret","Uppercut","Regret","Sword Boomerang+1","Iron Wave","Shrug It Off","Cleave","Heavy Blade+1","Injury","Normality","Parasite","Normality","Pommel Strike+1","Limit Break","Disarm","Fiend Fire","Decay","Sword Boomerang","Shrug It Off","Armaments+1","Shockwave","Clumsy","Exhume","True Grit+1","Whirlwind","Bandage Up","Doubt","Metallicize","Whirlwind","Thunderclap+1","Shame","Sentinel+1","Feel No Pain","Disarm","Decay"],"special_seed":17840,"relics":["Cursed Key","Darkstone Periapt","Du-Vu Doll","Boot","Tiny Chest","Sundial","Oddly Smooth Stone","Kunai","Calling Bell","Orichalcum","Blue Candle","Girya","Nilry\u0027s Codex","Art of War","Bag of Marbles","Champion Belt","Incense Burner","Paper Frog","Lizard Tail","Whetstone","Vajra","Happy Flower","Bronze Scales"],"potions_floor_usage":[10,16,28,33,33,50,50],"damage_taken":[{"damage":4,"enemies":"2 Louse","floor":1,"turns":2},{"damage":1,"enemies":"Jaw Worm","floor":4,"turns":3},{"damage":0,"enemies":"Cultist","floor":7,"turns":2},{"damage":2,"enemies":"Blue Slaver","floor":8,"turns":2},{"damage":14,"enemies":"Lagavulin","floor":10,"turns":4},{"damage":0,"enemies":"2 Fungi Beasts","floor":14,"turns":1},{"damage":24,"enemies":"The Guardian","floor":16,"turns":7},{"damage":0,"enemies":"Spheric Guardian","floor":18,"turns":1},{"damage":9,"enemies":"Book of Stabbing","floor":22,"turns":3},{"damage":4,"enemies":"Gremlin Leader","floor":25,"turns":3},{"damage":3,"enemies":"3 Byrds","floor":28,"turns":4},{"damage":0,"enemies":"Slavers","floor":30,"turns":3},{"damage":0,"enemies":"3 Cultists","floor":31,"turns":1},{"damage":4,"enemies":"Automaton","floor":33,"turns":5},{"damage":7,"enemies":"Orb Walker","floor":35,"turns":2},{"damage":0,"enemies":"3 Darklings","floor":39,"turns":1},{"damage":1,"enemies":"Nemesis","floor":40,"turns":3},{"damage":0,"enemies":"Writhing Mass","floor":42,"turns":1},{"damage":2,"enemies":"Jaw Worm Horde","floor":44,"turns":3},{"damage":7,"enemies":"Giant Head","floor":47,"turns":5},{"damage":0,"enemies":"4 Shapes","floor":48,"turns":1},{"damage":28,"enemies":"Time Eater","floor":50,"turns":4}],"seed_played":"8055105580141425642","potions_obtained":[{"floor":1,"key":"Explosive Potion"},{"floor":4,"key":"Dexterity Potion"},{"floor":7,"key":"Poison Potion"},{"floor":14,"key":"Block Potion"},{"floor":22,"key":"LiquidBronze"},{"floor":30,"key":"Swift Potion"},{"floor":42,"key":"Block Potion"},{"floor":44,"key":"Poison Potion"}],"is_trial":false,"path_per_floor":["M","$","?","M","T","R","M","M","T","E","$","T","R","M","R","B",null,"M","?","$","?","E","R","T","E","T","R","M","$","E","M","R","B",null,"M","?","$","T","M","E","$","M","T","M","R","$","E","M","R","B",null],"character_chosen":"IRONCLAD","items_purchased":["True Grit","Cleave","Cleave","Disarm","Shrug It Off","Whirlwind","Bandage Up","Whirlwind","Feel No Pain"],"campfire_rested":0,"item_purchase_floors":[2,2,11,20,29,37,37,41,46],"current_hp_per_floor":[76,76,82,81,87,87,87,85,91,77,77,83,83,83,83,65,128,128,128,128,112,103,103,109,105,111,111,108,108,108,108,108,110,146,139,139,139,145,149,148,148,148,154,152,152,152,149,149,149,131],"gold":52,"neow_bonus":"","is_prod":false,"is_daily":true,"chose_seed":false,"campfire_upgraded":5,"win_rate":0,"timestamp":1541389998,"path_taken":["M","$","?","M","?","R","M","?","T","?","$","?","R","M","R","BOSS","M","?","$","?","?","R","?","E","T","R","?","?","?","M","R","BOSS","M","?","$","?","M","E","?","?","T","M","R","$","E","M","R","BOSS"],"build_version":"2018-11-02","purchased_purges":3,"victory":true,"max_hp_per_floor":[80,80,86,86,92,92,92,92,98,98,98,104,104,104,104,110,128,128,128,128,128,128,128,134,134,140,140,140,140,140,140,140,146,146,146,146,146,152,152,152,152,152,158,158,158,158,158,158,158,164],"card_choices":[{"not_picked":["Body Slam","Warcry"],"picked":"Disarm","floor":1},{"not_picked":["Cleave","Perfected Strike"],"picked":"Uppercut","floor":4},{"not_picked":["Carnage","Twin Strike"],"picked":"Sword Boomerang","floor":7},{"not_picked":["Cleave","Clash"],"picked":"Iron Wave","floor":8},{"not_picked":["Double Tap","Combust"],"picked":"Shrug It Off","floor":10},{"not_picked":["Clash","Wild Strike"],"picked":"Heavy Blade","floor":14},{"not_picked":["Exhume","Bludgeon"],"picked":"Brutality","floor":16},{"not_picked":["Infernal Blade","Clash"],"picked":"Pommel Strike","floor":18},{"not_picked":["Body Slam","Sentinel","Clash"],"picked":"SKIP","floor":22},{"not_picked":["Warcry","Anger"],"picked":"Fiend Fire","floor":25},{"not_picked":["Burning Pact+1","Uppercut"],"picked":"Sword Boomerang","floor":28},{"not_picked":["Twin Strike+1","Flex"],"picked":"Armaments","floor":30},{"not_picked":["Rupture","Ghostly Armor+1"],"picked":"Shockwave","floor":31},{"not_picked":["Feed","Bludgeon"],"picked":"Exhume","floor":33},{"not_picked":["Flex","Hemokinesis+1"],"picked":"True Grit","floor":35},{"not_picked":["Havoc+1","Cleave","Sentinel"],"picked":"SKIP","floor":39},{"not_picked":["Clash+1","Fire Breathing"],"picked":"Metallicize","floor":40},{"not_picked":["Headbutt+1","Inflame"],"picked":"Thunderclap+1","floor":42},{"not_picked":["Intimidate+1","Dual Wield+1"],"picked":"Sentinel+1","floor":44},{"not_picked":["Carnage","Burning Pact"],"picked":"Disarm","floor":47},{"not_picked":["Perfected Strike+1","Clothesline+1","Combust+1"],"picked":"SKIP","floor":48}],"player_experience":227156,"relics_obtained":[{"floor":5,"key":"Tiny Chest"},{"floor":9,"key":"Sundial"},{"floor":10,"key":"Oddly Smooth Stone"},{"floor":12,"key":"Kunai"},{"floor":17,"key":"Orichalcum"},{"floor":17,"key":"Blue Candle"},{"floor":17,"key":"Girya"},{"floor":21,"key":"Nilry\u0027s Codex"},{"floor":22,"key":"Art of War"},{"floor":24,"key":"Bag of Marbles"},{"floor":25,"key":"Champion Belt"},{"floor":26,"key":"Incense Burner"},{"floor":30,"key":"Paper Frog"},{"floor":38,"key":"Whetstone"},{"floor":40,"key":"Vajra"},{"floor":43,"key":"Happy Flower"},{"floor":47,"key":"Bronze Scales"}],"event_choices":[{"damage_healed":0,"gold_gain":0,"player_choice":"Box","damage_taken":0,"relics_obtained":["Boot"],"max_hp_gain":0,"max_hp_loss":0,"event_name":"Big Fish","floor":3,"gold_loss":0,"cards_obtained":["Regret"]},{"damage_healed":0,"gold_gain":0,"player_choice":"Read","damage_taken":0,"max_hp_gain":0,"max_hp_loss":0,"event_name":"The Library","floor":19,"gold_loss":0,"cards_obtained":["Limit Break"]},{"damage_healed":0,"gold_gain":0,"player_choice":"Obtained Book","damage_taken":16,"max_hp_gain":0,"max_hp_loss":0,"event_name":"Cursed Tome","floor":21,"gold_loss":0},{"cards_removed":["Brutality"],"damage_healed":0,"gold_gain":0,"player_choice":"Removed Power","damage_taken":0,"max_hp_gain":0,"max_hp_loss":0,"event_name":"Falling","floor":36,"gold_loss":0}],"is_beta":true,"boss_relics":[{"not_picked":["Mark of Pain","Velvet Choker"],"picked":"Calling Bell"},{"not_picked":["White Beast Statue","Coffee Dripper"],"picked":"Lizard Tail"}],"items_purged_floors":[11,20,29],"is_endless":false,"potions_floor_spawned":[1,4,7,14,22,25,30,31,42,44,48],"ascension_level":0}