{"gold_per_floor":[15,31,31,45,45,80,51,81,81,81,113,125,125,125,125,125],"floor_reached":16,"playtime":701,"items_purged":[],"score":228,"play_id":"5ad68f42-563c-473a-80e2-3aa4ae653c4a","local_time":"20180927201700","is_ascension_mode":true,"campfire_choices":[{"data":"Neutralize","floor":10.0,"key":"SMITH"},{"floor":13.0,"key":"REST"},{"data":"Predator","floor":15.0,"key":"SMITH"}],"neow_cost":"NO_GOLD","seed_source_timestamp":13048727363157,"circlet_count":0,"master_deck":["Defend_G","Defend_G","Defend_G","Defend_G","Defend_G","Strike_G","Strike_G","Strike_G","Strike_G","Strike_G","Survivor","Neutralize+1","AscendersBane","Dagger Throw","Predator+1","Terror","Well Laid Plans","Dagger Spray","Slice"],"special_seed":0,"relics":["Ring of the Snake","PreservedInsect","Du-Vu Doll","Ornamental Fan","Letter Opener"],"potions_floor_usage":[16],"damage_taken":[{"damage":0.0,"enemies":"Jaw Worm","floor":1.0,"turns":5.0},{"damage":7.0,"enemies":"Small Slimes","floor":2.0,"turns":5.0},{"damage":0.0,"enemies":"2 Louse","floor":4.0,"turns":2.0},{"damage":25.0,"enemies":"Lagavulin","floor":6.0,"turns":9.0},{"damage":1.0,"enemies":"Exordium Thugs","floor":7.0,"turns":4.0},{"damage":8.0,"enemies":"Gremlin Nob","floor":8.0,"turns":3.0},{"damage":20.0,"enemies":"3 Sentries","floor":11.0,"turns":7.0},{"damage":5.0,"enemies":"Gremlin Gang","floor":12.0,"turns":3.0},{"damage":25,"enemies":"Slime Boss","floor":16,"turns":7}],"seed_played":"-7787505690759513633","potions_obtained":[{"floor":2.0,"key":"Weak Potion"},{"floor":4.0,"key":"EssenceOfSteel"},{"floor":7.0,"key":"GamblersBrew"},{"floor":8.0,"key":"Dexterity Potion"}],"is_trial":false,"path_per_floor":["M","M","?","M","$","E","M","E","T","R","E","M","R","?","R"],"character_chosen":"THE_SILENT","items_purchased":[],"campfire_rested":1,"item_purchase_floors":[],"current_hp_per_floor":[71,64,69,69,69,44,43,35,35,35,15,10,34,34,34,9],"gold":125,"neow_bonus":"TWENTY_PERCENT_HP_BONUS","is_prod":false,"is_daily":false,"chose_seed":false,"campfire_upgraded":2,"win_rate":0,"timestamp":1538047020,"path_taken":["M","M","?","M","?","E","M","E","T","R","E","?","R","?","R","BOSS"],"build_version":"2018-09-20","purchased_purges":0,"victory":false,"max_hp_per_floor":[78,78,83,83,83,83,83,83,83,83,83,83,83,83,83,83],"card_choices":[{"not_picked":["Deadly Poison","Prepared"],"picked":"Dagger Throw","floor":1.0},{"not_picked":["Slice","Outmaneuver"],"picked":"Predator","floor":2.0},{"not_picked":["PiercingWail","Slice","Blade Dance"],"picked":"SKIP","floor":4.0},{"not_picked":["Sucker Punch","Outmaneuver","Distraction"],"picked":"SKIP","floor":6.0},{"not_picked":["Acrobatics","Caltrops"],"picked":"Terror","floor":7.0},{"not_picked":["Quick Slash","Noxious Fumes"],"picked":"Well Laid Plans","floor":8.0},{"not_picked":["Bane","Sucker Punch"],"picked":"Dagger Spray","floor":11.0},{"not_picked":["Deadly Poison","Expertise"],"picked":"Slice","floor":12.0}],"player_experience":673275,"relics_obtained":[{"floor":6.0,"key":"PreservedInsect"},{"floor":8.0,"key":"Du-Vu Doll"},{"floor":9.0,"key":"Ornamental Fan"},{"floor":11.0,"key":"Letter Opener"}],"event_choices":[{"event_name":"Big Fish","player_choice":"Donut","floor":3.0,"damage_taken":0.0},{"event_name":"Scrap Ooze","player_choice":"unsuccessful","floor":14.0,"damage_taken":0.0}],"is_beta":false,"boss_relics":[],"items_purged_floors":[],"is_endless":false,"potions_floor_spawned":[2,4,7,8],"killed_by":"Slime Boss","ascension_level":18}