{"gold_per_floor":[112,128,93,93,110,110,124,137,137,137,87,101,134,148,148,273,273,294,315,315,48,68,68,68,18,18,43,43,59,79,104,104,229,229,253,177,202,535,547,547,564,574,599,599,255,255,286,302,302,302],"floor_reached":50,"playtime":1614,"items_purged":["Injury","Strike_B","Strike_B","Defend_B","Defend_B"],"score":555,"play_id":"a17bdeaa-e486-4d5c-9c99-027ce5a51dda","local_time":"20180822165407","is_ascension_mode":false,"campfire_choices":[{"data":"Fusion","floor":6,"key":"SMITH"},{"data":"Dualcast","floor":15,"key":"SMITH"},{"data":"Capacitor","floor":23,"key":"SMITH"},{"data":"Redo","floor":28,"key":"SMITH"},{"floor":32,"key":"REST"},{"floor":40,"key":"REST"},{"floor":44,"key":"REST"},{"floor":49,"key":"REST"}],"neow_cost":"NONE","seed_source_timestamp":66440428427545,"circlet_count":0,"master_deck":["Defend_B","Defend_B","Zap","Dualcast+1","Fusion+1","Doom and Gloom","Redo+1","Electrodynamics","Ball Lightning","Tempest","Leap","Self Repair","Meteor Strike","Sweeping Beam+1","Static Discharge+1","Recycle","Capacitor+1","Compile Driver","Multi-Cast","Defragment","Skim+1","Loop+1","Machine Learning","Redo","Conserve Battery+1","Ball Lightning+1","Fusion","Loop","Meteor Strike","Consume+1","Steam Power"],"relics":["Cracked Core","Smiling Mask","Mercury Hourglass","Nuclear Battery","Anchor","Symbiotic Virus","Sozu","Strawberry","DataDisk","Pen Nib","Cables"],"potions_floor_usage":[14,33,47],"damage_taken":[{"damage":11,"enemies":"Jaw Worm","floor":1,"turns":3},{"damage":4,"enemies":"Small Slimes","floor":2,"turns":3},{"damage":2,"enemies":"2 Louse","floor":5,"turns":3},{"damage":10,"enemies":"Looter","floor":7,"turns":3},{"damage":0,"enemies":"Large Slime","floor":8,"turns":4},{"damage":1,"enemies":"2 Fungi Beasts","floor":12,"turns":3},{"damage":30,"enemies":"Gremlin Nob","floor":13,"turns":4},{"damage":15,"enemies":"Lots of Slimes","floor":14,"turns":2},{"damage":0,"enemies":"Slime Boss","floor":16,"turns":6},{"damage":12,"enemies":"Shell Parasite","floor":18,"turns":3},{"damage":5,"enemies":"Chosen","floor":19,"turns":3},{"damage":25,"enemies":"Shelled Parasite and Fungi","floor":22,"turns":5},{"damage":8,"enemies":"Snecko","floor":27,"turns":2},{"damage":0,"enemies":"Cultist and Chosen","floor":29,"turns":3},{"damage":30,"enemies":"Sentry and Sphere","floor":30,"turns":4},{"damage":1,"enemies":"Snake Plant","floor":31,"turns":3},{"damage":71,"enemies":"Champ","floor":33,"turns":9},{"damage":7,"enemies":"3 Shapes","floor":35,"turns":3},{"damage":22,"enemies":"Flame Bruiser 1 Orb","floor":37,"turns":4},{"damage":39,"enemies":"Spire Growth","floor":39,"turns":4},{"damage":9,"enemies":"3 Darklings","floor":41,"turns":2},{"damage":2,"enemies":"Maw","floor":42,"turns":6},{"damage":17,"enemies":"Giant Head","floor":47,"turns":6},{"damage":22,"enemies":"Flame Bruiser 2 Orb","floor":48,"turns":3},{"damage":80,"enemies":"Donu and Deca","floor":50,"turns":4}],"seed_played":"-3365847986479947160","potions_obtained":[{"floor":2,"key":"PowerPotion"},{"floor":12,"key":"SpeedPotion"},{"floor":14,"key":"Block Potion"},{"floor":16,"key":"SpeedPotion"},{"floor":30,"key":"FairyPotion"},{"floor":33,"key":"PowerPotion"}],"is_trial":false,"path_per_floor":["M","M","?","?","M","R","M","M","T","?","$","M","E","M","R","B",null,"M","M","?","$","M","R","?","$","T","M","R","M","M","M","R","B",null,"M","$","M","?","M","R","M","M","T","R","$","T","E","M","R"],"character_chosen":"DEFECT","items_purchased":["Capacitor","Anchor","Redo","Loop","Meteor Strike","DataDisk"],"campfire_rested":4,"item_purchase_floors":[21,21,36,45,45,45],"current_hp_per_floor":[64,60,75,68,66,66,56,56,56,56,56,55,25,24,24,24,75,70,72,72,72,54,54,54,54,54,53,53,60,37,36,58,7,75,75,75,60,60,28,50,41,46,53,77,77,77,67,45,69,0],"gold":302,"neow_bonus":"THREE_CARDS","is_prod":false,"is_daily":false,"chose_seed":false,"campfire_upgraded":4,"win_rate":0,"timestamp":1534971247,"path_taken":["M","M","?","?","M","R","M","M","T","?","$","M","E","M","R","BOSS","M","M","?","$","M","R","?","$","T","?","R","M","M","M","R","BOSS","M","$","M","?","M","R","M","M","T","R","$","?","E","M","R","BOSS"],"build_version":"2018-08-16","purchased_purges":5,"victory":false,"max_hp_per_floor":[75,75,75,75,75,75,75,75,75,75,75,75,75,75,75,75,75,75,75,75,75,75,75,75,75,75,75,75,75,75,75,75,75,75,75,75,75,75,75,75,75,75,82,82,82,82,82,82,82,82],"card_choices":[{"not_picked":["Turbo","Ball Lightning"],"picked":"Fusion","floor":0},{"not_picked":["Coolheaded","Cold Snap"],"picked":"Doom and Gloom","floor":1},{"not_picked":["Rebound","Steam"],"picked":"Redo","floor":2},{"not_picked":["Heatsinks","Genetic Algorithm"],"picked":"Electrodynamics","floor":5},{"not_picked":["Barrage","Blizzard"],"picked":"Ball Lightning","floor":7},{"not_picked":["Steam","Streamline"],"picked":"Tempest","floor":8},{"not_picked":["Steam","Gash"],"picked":"Leap","floor":12},{"not_picked":["Fusion","Doom and Gloom"],"picked":"Self Repair","floor":13},{"not_picked":["Melter","Turbo","Go for the Eyes"],"picked":"SKIP","floor":14},{"not_picked":["Multi-Cast","Buffer"],"picked":"Meteor Strike","floor":16},{"not_picked":["Sunder","Conserve Battery"],"picked":"Sweeping Beam+1","floor":18},{"not_picked":["Redo","Fusion"],"picked":"Static Discharge+1","floor":19},{"not_picked":["Gash","Cold Snap"],"picked":"Compile Driver","floor":22},{"not_picked":["Go for the Eyes","Tempest"],"picked":"Multi-Cast","floor":27},{"not_picked":["Go for the Eyes","Gash"],"picked":"Defragment","floor":29},{"not_picked":["Reprogram+1","Streamline"],"picked":"Skim+1","floor":30},{"not_picked":["Redo","Scrape"],"picked":"Loop+1","floor":31},{"not_picked":["Multi-Cast","Amplify"],"picked":"Machine Learning","floor":33},{"not_picked":["Coolheaded","Gash","Rebound"],"picked":"SKIP","floor":35},{"not_picked":["Cold Snap","Sweeping Beam","Blizzard"],"picked":"SKIP","floor":37},{"not_picked":["Beam Cell","Go for the Eyes+1"],"picked":"Conserve Battery+1","floor":39},{"not_picked":["Leap+1","Beam Cell+1"],"picked":"Ball Lightning+1","floor":41},{"not_picked":["Blizzard+1","Static Discharge"],"picked":"Fusion","floor":42},{"not_picked":["Coolheaded+1","Turbo+1"],"picked":"Consume+1","floor":47},{"not_picked":["Hyperbeam","Go for the Eyes+1"],"picked":"Steam Power","floor":48}],"player_experience":131818,"relics_obtained":[{"floor":9,"key":"Smiling Mask"},{"floor":13,"key":"Mercury Hourglass"},{"floor":26,"key":"Symbiotic Virus"},{"floor":43,"key":"Strawberry"},{"floor":46,"key":"Pen Nib"},{"floor":47,"key":"Cables"}],"event_choices":[{"event_name":"The Cleric","player_choice":"Healed","floor":3,"damage_taken":0},{"event_name":"Golden Wing","player_choice":"Card Removal","floor":4,"damage_taken":0},{"event_name":"Golden Idol","player_choice":"Take Wound","floor":10,"damage_taken":0},{"event_name":"Transmorgrifier","player_choice":"Transform","floor":20,"damage_taken":0},{"event_name":"Vampires","player_choice":"Ignored","floor":24,"damage_taken":0},{"event_name":"The Moai Head","player_choice":"Gave Idol","floor":38,"damage_taken":0}],"is_beta":false,"boss_relics":[{"not_picked":["Calling Bell","Velvet Choker"],"picked":"Nuclear Battery"},{"not_picked":["Pandora\u0027s Box","Coffee Dripper"],"picked":"Sozu"}],"items_purged_floors":[11,21,25,36,45],"is_endless":false,"potions_floor_spawned":[2,12,14,16,27,30,33,35,41,42,47],"killed_by":"Donu and Deca","ascension_level":0}