{"gold_per_floor":[119,44,44,44,59,92,42,61,88,88,104,121,21,35,35,136,136,148,148,148,23,42,42,55,70,100,115,115,125,144,164,164,265,265,276,276,126,142,160,160,172,189,189,189,189,201,201,215,215,215],"floor_reached":51,"playtime":3182,"items_purged":["Slice","Prepared","Acrobatics+1","Blade Dance"],"score":757,"play_id":"3f893702-2ca2-4b73-ad6b-11bc5509974f","local_time":"20180816235624","daily_mods":["Draft"],"is_ascension_mode":false,"campfire_choices":[{"data":"Accuracy","floor":10,"key":"SMITH"},{"data":"Blade Dance","floor":15,"key":"SMITH"},{"data":"Prepared","floor":32,"key":"SMITH"}],"neow_cost":"","seed_source_timestamp":65972979050282,"circlet_count":0,"master_deck":["Blade Dance+1","Backstab+1","Prepared+1","Accuracy+1","Escape Plan+1","Prepared+1","Reflex+1","Well Laid Plans+1","Choke+1","Backstab+1","Accuracy+1","Poisoned Stab+1"],"relics":["Ring of the Snake","Omamori","Anchor","Coffee Dripper","Nilry\u0027s Codex","Tiny Chest","Shuriken","Fusion Hammer","Matryoshka","Singing Bowl","Ornamental Fan","Mark of the Bloom"],"potions_floor_usage":[31,50,50,50],"damage_taken":[{"damage":0,"enemies":"Jaw Worm","floor":1,"turns":1},{"damage":0,"enemies":"Small Slimes","floor":5,"turns":1},{"damage":0,"enemies":"Gremlin Nob","floor":6,"turns":2},{"damage":0,"enemies":"2 Louse","floor":8,"turns":1},{"damage":0,"enemies":"Looter","floor":11,"turns":1},{"damage":2,"enemies":"3 Louse","floor":12,"turns":2},{"damage":0,"enemies":"Exordium Thugs","floor":14,"turns":2},{"damage":30,"enemies":"Hexaghost","floor":16,"turns":4},{"damage":0,"enemies":"Shell Parasite","floor":18,"turns":1},{"damage":0,"enemies":"2 Thieves","floor":22,"turns":2},{"damage":0,"enemies":"Chosen and Byrds","floor":24,"turns":2},{"damage":0,"enemies":"Snake Plant","floor":25,"turns":1},{"damage":0,"enemies":"Centurion and Healer","floor":27,"turns":2},{"damage":0,"enemies":"Snecko","floor":29,"turns":2},{"damage":0,"enemies":"Snake Plant","floor":30,"turns":1},{"damage":0,"enemies":"Sentry and Sphere","floor":31,"turns":2},{"damage":24,"enemies":"Champ","floor":33,"turns":5},{"damage":0,"enemies":"Flame Bruiser 1 Orb","floor":35,"turns":2},{"damage":5,"enemies":"3 Shapes","floor":38,"turns":2},{"damage":0,"enemies":"3 Darklings","floor":39,"turns":2},{"damage":0,"enemies":"Flame Bruiser 2 Orb","floor":41,"turns":1},{"damage":0,"enemies":"Transient","floor":42,"turns":5},{"damage":0,"enemies":"Maw","floor":46,"turns":2},{"damage":0,"enemies":"4 Shapes","floor":48,"turns":2},{"damage":15,"enemies":"Time Eater","floor":50,"turns":3}],"seed_played":"3775042717713455155","potions_obtained":[{"floor":6,"key":"SkillPotion"},{"floor":11,"key":"Block Potion"},{"floor":12,"key":"AttackPotion"},{"floor":24,"key":"SteroidPotion"},{"floor":33,"key":"Explosive Potion"},{"floor":48,"key":"AttackPotion"}],"is_trial":true,"path_per_floor":["M","$","?","?","M","E","?","M","T","R","M","M","$","M","R","B",null,"M","?","?","$","M","$","M","M","T","M","T","M","M","M","R","B",null,"M","T","$","M","M","R","M","M","T","?","?","M","?","M","R","B"],"character_chosen":"THE_SILENT","items_purchased":[],"campfire_rested":0,"item_purchase_floors":[],"current_hp_per_floor":[70,70,56,56,56,56,56,56,56,56,56,54,54,54,54,24,70,70,54,54,54,54,54,54,54,54,54,54,54,54,54,54,30,70,70,70,70,65,65,65,65,65,65,65,65,65,65,65,65,50],"gold":215,"neow_bonus":"","is_prod":false,"is_daily":false,"chose_seed":false,"campfire_upgraded":3,"win_rate":0,"timestamp":1534478184,"path_taken":["M","$","?","?","M","E","?","?","T","R","M","M","?","M","R","BOSS","M","?","?","$","?","?","M","?","T","M","?","M","?","M","R","BOSS","M","?","$","M","M","R","M","M","T","?","?","M","?","M","R","BOSS"],"build_version":"2018-08-09","purchased_purges":4,"victory":true,"max_hp_per_floor":[70,70,70,70,70,70,70,70,70,70,70,70,70,70,70,70,70,70,70,70,70,70,70,70,70,70,70,70,70,70,70,70,70,70,70,70,70,70,70,70,70,70,70,70,70,72,74,74,74,74],"card_choices":[{"not_picked":["Quick Slash","Bouncing Flask"],"picked":"Blade Dance","floor":0},{"not_picked":["PiercingWail","Deadly Poison"],"picked":"Backstab","floor":0},{"not_picked":["Dodge and Roll","Underhanded Strike"],"picked":"Prepared","floor":0},{"not_picked":["Setup","Deadly Poison"],"picked":"Accuracy","floor":0},{"not_picked":["Dagger Throw","Choke"],"picked":"Escape Plan","floor":0},{"not_picked":["Choke","Flying Knee"],"picked":"Acrobatics","floor":0},{"not_picked":["Flying Knee","Predator"],"picked":"Prepared","floor":0},{"not_picked":["Crippling Poison","Eviscerate"],"picked":"Reflex","floor":0},{"not_picked":["Deadly Poison","Catalyst"],"picked":"Blade Dance","floor":0},{"not_picked":["Setup","Bane"],"picked":"Prepared","floor":0},{"not_picked":["Dodge and Roll","Bane"],"picked":"Slice","floor":0},{"not_picked":["Reflex","Cloak And Dagger"],"picked":"Choke","floor":0},{"not_picked":["Crippling Poison","Flying Knee"],"picked":"Well Laid Plans","floor":0},{"not_picked":["Heel Hook","Crippling Poison"],"picked":"Choke","floor":0},{"not_picked":["Outmaneuver","Flying Knee"],"picked":"Backstab","floor":0},{"not_picked":["Quick Slash","Slice"],"picked":"Blade Dance","floor":1},{"not_picked":["Crippling Poison","PiercingWail","Backflip"],"picked":"SKIP","floor":5},{"not_picked":["Acrobatics","Slice","Dash"],"picked":"SKIP","floor":6},{"not_picked":["Prepared","Bane","Dagger Throw"],"picked":"SKIP","floor":8},{"not_picked":["Cloak And Dagger","Deflect","Acrobatics"],"picked":"SKIP","floor":11},{"not_picked":["Backstab","Infinite Blades","Die Die Die"],"picked":"SKIP","floor":12},{"not_picked":["Prepared","Reflex","Riddle With Holes"],"picked":"SKIP","floor":14},{"not_picked":["Flying Knee+1","All Out Attack","Caltrops"],"picked":"SKIP","floor":18},{"not_picked":["Prepared","Blur","Acrobatics"],"picked":"SKIP","floor":22},{"not_picked":["Dagger Spray","Footwork","Leg Sweep"],"picked":"SKIP","floor":24},{"not_picked":["Endless Agony","Flying Knee","Infinite Blades"],"picked":"SKIP","floor":25},{"not_picked":["Deadly Poison","Underhanded Strike","Finisher"],"picked":"SKIP","floor":27},{"not_picked":["Finisher","Prepared","Accuracy"],"picked":"SKIP","floor":29},{"not_picked":["Dagger Throw","Dagger Spray","Acrobatics+1"],"picked":"SKIP","floor":30},{"not_picked":["Deadly Poison","Outmaneuver","Footwork+1"],"picked":"SKIP","floor":31},{"not_picked":["Deadly Poison","Quick Slash+1","Distraction"],"picked":"SKIP","floor":35},{"not_picked":["Blade Dance+1","Acrobatics+1","Blur"],"picked":"SKIP","floor":38},{"not_picked":["Quick Slash+1","Expertise"],"picked":"Accuracy+1","floor":39},{"not_picked":["Dagger Spray","Dash+1","Slice"],"picked":"SKIP","floor":41},{"not_picked":["Cloak And Dagger","Masterful Stab+1"],"picked":"Poisoned Stab+1","floor":42},{"not_picked":["Poisoned Stab+1","Concentrate","Riddle With Holes"],"picked":"Singing Bowl","floor":46},{"not_picked":["Trip","Secret Technique","Jack Of All Trades"],"picked":"Singing Bowl","floor":47},{"not_picked":["Predator+1","Deadly Poison","Backstab"],"picked":"SKIP","floor":48}],"player_experience":63751,"relics_obtained":[{"floor":6,"key":"Omamori"},{"floor":9,"key":"Anchor"},{"floor":19,"key":"Nilry\u0027s Codex"},{"floor":26,"key":"Tiny Chest"},{"floor":28,"key":"Shuriken"},{"floor":36,"key":"Matryoshka"},{"floor":43,"key":"Singing Bowl"},{"floor":43,"key":"Ornamental Fan"}],"event_choices":[{"event_name":"Shining Light","player_choice":"Entered Light","floor":3,"damage_taken":0},{"event_name":"Living Wall","player_choice":"Forget","floor":4,"damage_taken":0},{"event_name":"The Cleric","player_choice":"Card Removal","floor":7,"damage_taken":0},{"event_name":"Cursed Tome","player_choice":"Obtained Book","floor":19,"damage_taken":0},{"event_name":"Ghosts","player_choice":"Ignored","floor":20,"damage_taken":0},{"event_name":"MindBloom","player_choice":"Upgrade","floor":44,"damage_taken":0},{"event_name":"Mysterious Sphere","player_choice":"Ignore","floor":45,"damage_taken":0},{"event_name":"SensoryStone","player_choice":"Memory 1","floor":47,"damage_taken":0}],"is_beta":false,"boss_relics":[{"not_picked":["Velvet Choker","Ectoplasm"],"picked":"Coffee Dripper"},{"not_picked":["Calling Bell","Orrery"],"picked":"Fusion Hammer"}],"items_purged_floors":[2,13,21,37],"is_endless":false,"potions_floor_spawned":[6,11,12,14,18,24,27,29,33,39,46,48],"ascension_level":0}