{"gold_per_floor":[119,139,139,52,64,89,89,108,156,156,156,170,170,170,170,170],"floor_reached":16,"playtime":620,"items_purged":[],"score":195,"play_id":"95c256cb-d1d4-4e76-9c9d-e21bb227863b","local_time":"20190206145622","is_ascension_mode":true,"campfire_choices":[{"floor":7,"key":"REST"},{"data":"Defragment","floor":10,"key":"SMITH"},{"data":"Echo Form","floor":15,"key":"SMITH"}],"neow_cost":"NONE","seed_source_timestamp":17915720429600,"circlet_count":0,"master_deck":["AscendersBane","Strike_B","Strike_B","Strike_B","Defend_B","Defend_B","Defend_B","Defend_B","Zap","Dualcast","Echo Form+1","Defragment+1","Coolheaded","Defragment+1","Genetic Algorithm+1","Chill","Self Repair"],"relics":["Cracked Core","Mummified Hand","Lantern"],"potions_floor_usage":[6,16,16],"damage_taken":[{"damage":11,"enemies":"Small Slimes","floor":1,"turns":3},{"damage":9,"enemies":"2 Louse","floor":2,"turns":3},{"damage":7,"enemies":"Cultist","floor":5,"turns":4},{"damage":29,"enemies":"3 Sentries","floor":6,"turns":10},{"damage":11,"enemies":"Blue Slaver","floor":8,"turns":4},{"damage":0,"enemies":"3 Louse","floor":12,"turns":5},{"damage":40,"enemies":"Slime Boss","floor":16,"turns":9}],"seed_played":"-831721048657612907","potions_obtained":[{"floor":5,"key":"Fire Potion"},{"floor":6,"key":"AttackPotion"},{"floor":12,"key":"Swift Potion"}],"is_trial":false,"path_per_floor":["M","M","?","$","M","E","R","M","T","R","?","M","?","?","R","B"],"character_chosen":"DEFECT","items_purchased":["Defragment"],"campfire_rested":1,"item_purchase_floors":[4],"current_hp_per_floor":[53,44,44,44,37,8,29,18,18,18,18,18,11,34,34,0],"gold":170,"neow_bonus":"ONE_RANDOM_RARE_CARD","is_prod":false,"is_daily":false,"chose_seed":false,"campfire_upgraded":2,"win_rate":0,"timestamp":1549493782,"path_taken":["M","M","?","$","M","E","R","M","T","R","?","?","?","?","R","BOSS"],"build_version":"2019-01-23","purchased_purges":0,"victory":false,"max_hp_per_floor":[71,71,71,71,71,71,71,71,71,71,71,71,71,71,71,71],"card_choices":[{"not_picked":["Compile Driver","Cold Snap"],"picked":"Defragment","floor":1},{"not_picked":["Undo","Hologram"],"picked":"Coolheaded","floor":2},{"not_picked":["Consume","Ball Lightning"],"picked":"Genetic Algorithm","floor":5},{"not_picked":["Chaos","Go for the Eyes","Compile Driver"],"picked":"SKIP","floor":6},{"not_picked":["Undo","Conserve Battery"],"picked":"Chill","floor":8},{"not_picked":["Sweeping Beam","Thunder Strike"],"picked":"Self Repair","floor":12}],"player_experience":640441,"relics_obtained":[{"floor":6,"key":"Mummified Hand"},{"floor":9,"key":"Lantern"}],"event_choices":[{"damage_healed":0,"gold_gain":0,"player_choice":"Grow","damage_taken":0,"max_hp_gain":0,"max_hp_loss":0,"event_name":"Living Wall","floor":3,"gold_loss":0,"cards_upgraded":["Defragment"]},{"damage_healed":0,"gold_gain":0,"player_choice":"Upgraded","damage_taken":0,"max_hp_gain":0,"max_hp_loss":0,"event_name":"Upgrade Shrine","floor":11,"gold_loss":0,"cards_upgraded":["Genetic Algorithm"]},{"cards_removed":["Strike_B"],"damage_healed":0,"gold_gain":0,"player_choice":"Card Removal","damage_taken":7,"max_hp_gain":0,"max_hp_loss":0,"event_name":"Golden Wing","floor":13,"gold_loss":0},{"damage_healed":23,"gold_gain":0,"player_choice":"Banana","damage_taken":0,"max_hp_gain":0,"max_hp_loss":0,"event_name":"Big Fish","floor":14,"gold_loss":0}],"is_beta":false,"boss_relics":[],"items_purged_floors":[],"is_endless":false,"potions_floor_spawned":[5,6,12],"killed_by":"Slime Boss","ascension_level":19}