{"gold_per_floor":[119,33,33,48,48,48,75,75,75,0,18,18,36,111,111,186,186,197,197,208,208,208,208,223,223],"floor_reached":25,"playtime":682,"items_purged":["Strike_B"],"score":426,"play_id":"1dad5163-0fd0-4b6d-8cc3-2e4d95841c3d","local_time":"20180928125739","is_ascension_mode":true,"campfire_choices":[{"data":"Loop","floor":6,"key":"SMITH"},{"data":"Zap","floor":8,"key":"SMITH"},{"data":"Redo","floor":15,"key":"SMITH"},{"floor":23,"key":"REST"}],"neow_cost":"NONE","seed_source_timestamp":1190651309024410,"circlet_count":0,"master_deck":["Strike_B","Strike_B","Strike_B","Defend_B","Defend_B","Defend_B","Defend_B","Zap+1","Dualcast","AscendersBane","Coolheaded","Loop+1","Coolheaded","Darkness","Redo","Redo+1","Multi-Cast","Rebound","Chaos","Auto Shields"],"relics":["Cracked Core","NeowsBlessing","Ornamental Fan","WingedGreaves","Shuriken","Velvet Choker","MutagenicStrength"],"potions_floor_usage":[16,18,18],"damage_taken":[{"damage":0,"enemies":"Small Slimes","floor":1,"turns":1},{"damage":0,"enemies":"2 Louse","floor":4,"turns":1},{"damage":0,"enemies":"3 Sentries","floor":7,"turns":1},{"damage":0,"enemies":"Cultist","floor":11,"turns":4},{"damage":4,"enemies":"Red Slaver","floor":13,"turns":3},{"damage":5,"enemies":"Hexaghost","floor":16,"turns":7},{"damage":5,"enemies":"3 Byrds","floor":18,"turns":3},{"damage":14,"enemies":"Spheric Guardian","floor":20,"turns":4},{"damage":32,"enemies":"Colosseum Slavers","floor":22,"turns":5},{"damage":29,"enemies":"Cultist and Chosen","floor":24,"turns":5},{"damage":7,"enemies":"Snake Plant","floor":25,"turns":1}],"seed_played":"8646149469764023480","potions_obtained":[{"floor":7,"key":"PowerPotion"},{"floor":11,"key":"Fire Potion"},{"floor":16,"key":"PowerPotion"},{"floor":20,"key":"FocusPotion"}],"is_trial":false,"path_per_floor":["M","$","?","M","?","R","E","R","T","$","M","?","M","?","R","B",null,"M","?","M","?","?","R","M"],"character_chosen":"DEFECT","items_purchased":["Loop"],"campfire_rested":1,"item_purchase_floors":[2],"current_hp_per_floor":[64,64,59,59,59,59,59,59,59,59,59,59,55,44,44,39,63,58,58,44,44,12,33,4,0],"gold":223,"neow_bonus":"THREE_ENEMY_KILL","is_prod":false,"is_daily":false,"chose_seed":false,"campfire_upgraded":3,"win_rate":0,"timestamp":1538153859,"path_taken":["M","$","?","M","?","R","E","R","T","$","?","?","M","?","R","BOSS","M","?","M","?","?","R","?","M"],"build_version":"2018-09-27","purchased_purges":1,"victory":false,"max_hp_per_floor":[71,71,71,71,71,71,71,71,71,71,71,71,71,71,71,71,71,71,71,71,71,71,71,71,71],"card_choices":[{"not_picked":["Stack","Barrage"],"picked":"Coolheaded","floor":1},{"not_picked":["Tempest","Barrage"],"picked":"Coolheaded","floor":4},{"not_picked":["Hologram","Leap"],"picked":"Darkness","floor":7},{"not_picked":["Rip and Tear","Turbo"],"picked":"Redo","floor":11},{"not_picked":["Turbo","Hello World"],"picked":"Redo","floor":13},{"not_picked":["Meteor Strike","Reboot"],"picked":"Multi-Cast","floor":16},{"not_picked":["Coolheaded","Redo"],"picked":"Rebound","floor":18},{"not_picked":["Heatsinks","Compile Driver"],"picked":"Chaos","floor":20},{"not_picked":["Steam","Aggregate"],"picked":"Auto Shields","floor":24}],"player_experience":276027,"relics_obtained":[{"floor":7,"key":"WingedGreaves"},{"floor":9,"key":"Shuriken"}],"event_choices":[{"event_name":"Scrap Ooze","player_choice":"success","floor":3,"damage_taken":5},{"event_name":"Liars Game","player_choice":"disagreed","floor":5,"damage_taken":0},{"event_name":"The Cleric","player_choice":"Leave","floor":12,"damage_taken":0},{"event_name":"World of Goop","player_choice":"Gather Gold","floor":14,"damage_taken":0},{"event_name":"Drug Dealer","player_choice":"Inject Mutagens","floor":19,"damage_taken":0},{"event_name":"Cursed Tome","player_choice":"Ignored","floor":21,"damage_taken":0},{"event_name":"Colosseum","player_choice":"Fight","floor":22,"damage_taken":0},{"event_name":"Colosseum","player_choice":"Fled From Nobs","floor":22,"damage_taken":0}],"is_beta":false,"boss_relics":[{"not_picked":["Runic Pyramid","FrozenCore"],"picked":"Velvet Choker"}],"items_purged_floors":[10],"is_endless":false,"potions_floor_spawned":[7,11,16,20],"killed_by":"Snake Plant","ascension_level":18}