{"path_per_floor":["M","$","M","M","M","R","?","M","T","?","R","E","M","M","R","B",null,"M","?","M","$","M"],"character_chosen":"IRONCLAD","items_purchased":["Juggernaut","Sever Soul","Apotheosis"],"gold_per_floor":[219,40,54,69,81,81,46,65,65,65,65,93,107,122,122,221,221,221,221,221,20,20],"floor_reached":23,"campfire_rested":1,"playtime":1764,"current_hp_per_floor":[71,71,65,66,56,56,76,66,66,66,66,15,13,14,38,29,80,74,74,70,70,43],"items_purged":[],"gold":20,"play_id":"3fd5b72d-c25f-45f7-a2d8-b94f47a6a934","is_prod":false,"is_daily":false,"campfire_rituals":0,"campfire_upgraded":2,"is_hardmode":false,"path_taken":["M","$","M","M","?","R","?","?","T","?","R","E","M","M","R","BOSS","M","?","M","$","M","E"],"build_version":"2017-12-21-PROD1","purchased_purges":0,"victory":false,"master_deck":["Strike_R","Strike_R","Strike_R","Strike_R","Strike_R","Defend_R","Defend_R","Defend_R","Defend_R","Bash","Perfected Strike","Juggernaut","Sever Soul","Body Slam","Sentinel","Rampage","Barricade","Shrug It Off","Searing Blow","Disarm","Double Tap","Rampage","Power Through","Whirlwind","Apotheosis","Fire Breathing"],"max_hp_per_floor":[80,80,80,80,80,80,80,80,80,80,80,80,80,80,80,80,80,80,80,80,80,80],"relics":["Burning Blood","Ginger","Girya","Ectoplasm"],"campfire_meditates":0,"card_choices":[{"not_picked":["Immolate","Flex"],"picked":"Perfected Strike"},{"not_picked":["Shrug It Off","Whirlwind"],"picked":"Body Slam"},{"not_picked":["Headbutt","Shrug It Off"],"picked":"Sentinel"},{"not_picked":["Hemokinesis","Reckless Charge"],"picked":"Rampage"},{"not_picked":["Anger","Disarm"],"picked":"Barricade"},{"not_picked":["Thunderclap","Dropkick"],"picked":"Shrug It Off"},{"not_picked":["Dropkick","True Grit"],"picked":"Searing Blow"},{"not_picked":["Flex","Clash"],"picked":"Disarm"},{"not_picked":["Dark Embrace","Limit Break"],"picked":"Double Tap"},{"not_picked":["Dual Wield","Burning Pact"],"picked":"Rampage"},{"not_picked":["Clash","Clothesline"],"picked":"Whirlwind"},{"not_picked":["Clash","Anger"],"picked":"Fire Breathing"}],"player_experience":56345,"potions_floor_usage":[14,14,20,23,23],"damage_taken":[{"damage":15,"enemies":"Blue Slaver","floor":1,"turns":6},{"damage":12,"enemies":"Looter","floor":3,"turns":4},{"damage":5,"enemies":"Cultist","floor":4,"turns":4},{"damage":16,"enemies":"3 Louse","floor":5,"turns":4},{"damage":16,"enemies":"Lots of Slimes","floor":8,"turns":6},{"damage":57,"enemies":"3 Sentries","floor":12,"turns":10},{"damage":8,"enemies":"2 Fungi Beasts","floor":13,"turns":4},{"damage":5,"enemies":"3 Louse","floor":14,"turns":3},{"damage":15,"enemies":"The Guardian","floor":16,"turns":15},{"damage":12,"enemies":"Chosen","floor":18,"turns":7},{"damage":10,"enemies":"Spheric Guardian","floor":20,"turns":3},{"damage":33,"enemies":"Slaver and Parasite","floor":22,"turns":6},{"damage":46,"enemies":"Slavers","floor":23,"turns":5}],"event_choices":[{"event_name":"The Cleric","player_choice":"Healed","floor":7,"damage_taken":0},{"event_name":"Living Wall","player_choice":"Grow","floor":10,"damage_taken":0},{"event_name":"The Library","player_choice":"Read","floor":19,"damage_taken":0}],"boss_relics":[{"not_picked":["Lizard Tail","Snecko Eye"],"picked":"Ectoplasm"}],"potions_floor_spawned":[5,12,14,16,18],"seed_played":"410928312447464653","killed_by":"Slavers","is_trial":false}