{"gold_per_floor":[162,162,162,173,191,191,211,211,235,235,253,268,299,238,238,336,336,351,365,365,47,65,65,96,96,96,122,136,14,32,32,32,132,132,152,172,189,169,183,183,183],"floor_reached":41,"playtime":2200,"items_purged":["Defend_G"],"score":482,"play_id":"abb38119-af1e-4904-a595-48b7e8c97214","local_time":"20181017032622","is_ascension_mode":true,"campfire_choices":[{"data":"Poisoned Stab","floor":6,"key":"SMITH"},{"data":"Sucker Punch","floor":8,"key":"SMITH"},{"data":"Neutralize","floor":10,"key":"SMITH"},{"data":"Bouncing Flask","floor":15,"key":"SMITH"},{"data":"Setup","floor":23,"key":"SMITH"},{"data":"Bouncing Flask","floor":25,"key":"SMITH"},{"floor":32,"key":"REST"},{"data":"Catalyst","floor":40,"key":"SMITH"}],"neow_cost":"NONE","seed_source_timestamp":201130910614036,"circlet_count":0,"master_deck":["Defend_G+1","Defend_G","Defend_G+1","Defend_G","Strike_G+1","Strike_G+1","Strike_G+1","Survivor","Neutralize+1","Backflip","Quick Slash","Poisoned Stab+1","Sucker Punch+1","PiercingWail","Bouncing Flask+1","Deflect","Doppelganger","Bouncing Flask+1","Venomology","Poisoned Stab","Deadly Poison","Prepared","Bane","Setup+1","Bane","Bouncing Flask","Catalyst+1","Malaise","Noxious Fumes+1"],"relics":["Tiny House","War Paint","MawBank","Eternal Feather","Toy Ornithopter","Singing Bowl","The Courier","Pear","Snake Skull","Busted Crown"],"potions_floor_usage":[11,16,22,22,24,27,27,28,28,33,33,33,36,37,39,39],"damage_taken":[{"damage":0,"enemies":"Jaw Worm","floor":1,"turns":4},{"damage":0,"enemies":"2 Louse","floor":4,"turns":3},{"damage":2,"enemies":"Small Slimes","floor":5,"turns":4},{"damage":1,"enemies":"Blue Slaver","floor":7,"turns":4},{"damage":6,"enemies":"Exordium Thugs","floor":11,"turns":6},{"damage":5,"enemies":"Red Slaver","floor":12,"turns":3},{"damage":10,"enemies":"Gremlin Nob","floor":13,"turns":3},{"damage":7,"enemies":"The Guardian","floor":16,"turns":8},{"damage":16,"enemies":"2 Thieves","floor":18,"turns":5},{"damage":7,"enemies":"Spheric Guardian","floor":19,"turns":4},{"damage":21,"enemies":"Snake Plant","floor":22,"turns":3},{"damage":39,"enemies":"Book of Stabbing","floor":24,"turns":6},{"damage":40,"enemies":"Slavers","floor":27,"turns":7},{"damage":12,"enemies":"Cultist and Chosen","floor":28,"turns":8},{"damage":10,"enemies":"Snecko","floor":30,"turns":4},{"damage":62,"enemies":"Automaton","floor":33,"turns":9},{"damage":27,"enemies":"3 Darklings","floor":35,"turns":7},{"damage":9,"enemies":"3 Shapes","floor":36,"turns":4},{"damage":22,"enemies":"Sphere and 2 Shapes","floor":37,"turns":3},{"damage":35,"enemies":"3 Darklings","floor":39,"turns":4},{"damage":35,"enemies":"Nemesis","floor":41,"turns":2}],"seed_played":"-5241271950233847439","potions_obtained":[{"floor":0,"key":"Block Potion"},{"floor":1,"key":"GhostInAJar"},{"floor":13,"key":"LiquidBronze"},{"floor":16,"key":"SteroidPotion"},{"floor":22,"key":"Block Potion"},{"floor":30,"key":"Swift Potion"},{"floor":33,"key":"Weak Potion"},{"floor":35,"key":"Explosive Potion"},{"floor":36,"key":"SteroidPotion"},{"floor":38,"key":"AttackPotion"}],"is_trial":false,"path_per_floor":["M","?","?","M","M","R","M","R","T","R","M","M","E","$","R","B",null,"M","M","?","$","M","R","E","R","T","E","M","$","M","$","R","B",null,"M","M","M","?","M","R"],"character_chosen":"THE_SILENT","items_purchased":["Bouncing Flask","Bane","Toy Ornithopter","Snake Skull"],"campfire_rested":1,"item_purchase_floors":[14,21,21,29],"current_hp_per_floor":[75,60,60,60,58,58,57,57,57,57,51,46,36,36,36,29,75,59,52,52,52,53,65,33,45,45,25,23,23,13,13,54,7,87,62,60,43,43,20,35,0],"gold":183,"neow_bonus":"BOSS_RELIC","is_prod":false,"is_daily":false,"chose_seed":false,"campfire_upgraded":7,"win_rate":0,"timestamp":1539771982,"path_taken":["M","?","?","M","M","R","M","R","T","R","?","M","E","$","R","BOSS","M","M","?","$","?","R","E","R","T","E","M","$","M","$","R","BOSS","M","?","M","?","M","R","E"],"build_version":"2018-10-11","purchased_purges":1,"victory":false,"max_hp_per_floor":[75,75,75,75,75,75,75,75,75,75,75,75,75,75,75,75,75,75,75,75,75,75,75,77,77,77,87,87,87,87,87,87,87,87,89,91,91,91,93,93,93],"card_choices":[{"not_picked":["Calculated Gamble","PiercingWail"],"picked":"Backflip","floor":0},{"not_picked":["Blade Dance","Dodge and Roll"],"picked":"Quick Slash","floor":1},{"not_picked":["Slice","Acrobatics"],"picked":"Poisoned Stab","floor":4},{"not_picked":["Masterful Stab","Backstab"],"picked":"Sucker Punch","floor":5},{"not_picked":["Grand Finale","Reflex"],"picked":"PiercingWail","floor":7},{"not_picked":["Acrobatics","Prepared"],"picked":"Bouncing Flask","floor":11},{"not_picked":["Concentrate","Dagger Throw"],"picked":"Deflect","floor":12},{"not_picked":["Blade Dance","Backflip"],"picked":"Doppelganger","floor":13},{"not_picked":["Storm of Steel","Malaise"],"picked":"Venomology","floor":16},{"not_picked":["Dagger Spray","Blur"],"picked":"Poisoned Stab","floor":18},{"not_picked":["Dodge and Roll","Quick Slash"],"picked":"Deadly Poison","floor":19},{"not_picked":["Dagger Throw","Dash"],"picked":"Setup","floor":22},{"not_picked":["Accuracy","Calculated Gamble","Caltrops"],"picked":"Singing Bowl","floor":24},{"not_picked":["Quick Slash+1","Slice+1"],"picked":"Bane","floor":27},{"not_picked":["Finisher","Expertise"],"picked":"Bouncing Flask","floor":28},{"not_picked":["Deflect","All Out Attack"],"picked":"Catalyst","floor":30},{"not_picked":["Wraith Form v2","Die Die Die"],"picked":"Malaise","floor":33},{"not_picked":["Blade Dance"],"picked":"Singing Bowl","floor":35},{"not_picked":["Underhanded Strike+1"],"picked":"Singing Bowl","floor":36},{"not_picked":[],"picked":"Noxious Fumes+1","floor":37},{"not_picked":["Heel Hook+1"],"picked":"Singing Bowl","floor":39}],"player_experience":288425,"relics_obtained":[{"floor":9,"key":"War Paint"},{"floor":13,"key":"MawBank"},{"floor":24,"key":"Singing Bowl"},{"floor":26,"key":"The Courier"},{"floor":27,"key":"Pear"}],"event_choices":[{"event_name":"Shining Light","player_choice":"Entered Light","floor":2,"damage_taken":0},{"event_name":"Wheel of Change","player_choice":"Card Removal","floor":3,"damage_taken":0},{"event_name":"Transmorgrifier","player_choice":"Transform","floor":20,"damage_taken":0},{"event_name":"The Woman in Blue","player_choice":"Bought 1 Potion","floor":38,"damage_taken":0}],"is_beta":false,"boss_relics":[{"not_picked":["Calling Bell","Runic Pyramid"],"picked":"Eternal Feather"},{"not_picked":["Empty Cage","Astrolabe"],"picked":"Busted Crown"}],"items_purged_floors":[21],"is_endless":false,"potions_floor_spawned":[1,13,16,19,22,30,33,35,36],"killed_by":"Nemesis","ascension_level":1}