{"gold_per_floor":[16,16,91,20,37,64,81,91,91,103,103],"floor_reached":11,"playtime":377,"items_purged":[],"score":94,"play_id":"abcfad85-bd87-474c-b558-a4d8c3c67d5b","local_time":"20181011044810","is_ascension_mode":true,"campfire_choices":[],"neow_cost":"NO_GOLD","seed_source_timestamp":5635446558111,"circlet_count":0,"master_deck":["Strike_B","Defend_B","Defend_B","Defend_B","Defend_B","Zap","Dualcast","Hologram","Ball Lightning","Go for the Eyes","Beam Cell","Ball Lightning","Auto Shields","Chaos","Go for the Eyes"],"relics":["Cracked Core","Blood Vial","Frozen Egg 2"],"potions_floor_usage":[10],"damage_taken":[{"damage":2,"enemies":"Jaw Worm","floor":1,"turns":3},{"damage":0,"enemies":"2 Louse","floor":5,"turns":1},{"damage":27,"enemies":"Gremlin Nob","floor":6,"turns":4},{"damage":0,"enemies":"Small Slimes","floor":7,"turns":2},{"damage":11,"enemies":"Exordium Wildlife","floor":8,"turns":3},{"damage":3,"enemies":"Blue Slaver","floor":10,"turns":2},{"damage":30,"enemies":"3 Sentries","floor":11,"turns":4}],"seed_played":"-1112293884628275195","potions_obtained":[{"floor":6,"key":"SteroidPotion"},{"floor":7,"key":"SpeedPotion"},{"floor":8,"key":"FearPotion"}],"is_trial":false,"path_per_floor":["M","?","?","$","M","E","M","M","T","M"],"character_chosen":"DEFECT","items_purchased":["Ball Lightning","Go for the Eyes"],"campfire_rested":0,"item_purchase_floors":[4,4],"current_hp_per_floor":[73,66,55,55,55,28,30,21,21,20,0],"gold":103,"neow_bonus":"REMOVE_TWO","is_prod":false,"is_daily":false,"chose_seed":false,"campfire_upgraded":0,"win_rate":0,"timestamp":1539258490,"path_taken":["M","?","?","?","M","E","M","?","T","?","E"],"build_version":"2018-10-04v2","purchased_purges":0,"victory":false,"max_hp_per_floor":[75,75,75,75,75,75,75,75,75,75,75],"card_choices":[{"not_picked":["Steam","Undo"],"picked":"Hologram","floor":1},{"not_picked":["Rebound","Barrage"],"picked":"Beam Cell","floor":5},{"not_picked":["Barrage","Turbo"],"picked":"Ball Lightning","floor":6},{"not_picked":["Chill","Barrage"],"picked":"Auto Shields","floor":7},{"not_picked":["Conserve Battery","Reprogram"],"picked":"Chaos","floor":8},{"not_picked":["Recycle","Coolheaded"],"picked":"Go for the Eyes","floor":10}],"player_experience":234979,"relics_obtained":[{"floor":6,"key":"Blood Vial"},{"floor":9,"key":"Frozen Egg 2"}],"event_choices":[{"event_name":"Golden Wing","player_choice":"Card Removal","floor":2,"damage_taken":0},{"event_name":"World of Goop","player_choice":"Gather Gold","floor":3,"damage_taken":0}],"is_beta":false,"boss_relics":[],"items_purged_floors":[],"is_endless":false,"potions_floor_spawned":[6,7,8],"killed_by":"3 Sentries","ascension_level":5}