{"gold_per_floor":[113,131,206,226,226,253,253,253,279,294,294,294,43,58,58,58],"floor_reached":16,"playtime":492,"items_purged":[],"score":195,"play_id":"4f7d9765-c2fc-4587-af4f-e38c1cfa7cb7","local_time":"20190205194729","is_ascension_mode":true,"campfire_choices":[{"data":"Storm","floor":7,"key":"SMITH"},{"floor":11,"key":"REST"},{"data":"Storm","floor":15,"key":"SMITH"}],"neow_cost":"NONE","seed_source_timestamp":264425804725100,"circlet_count":0,"master_deck":["AscendersBane","Strike_B","Strike_B","Strike_B","Strike_B","Defend_B","Defend_B","Defend_B","Defend_B","Zap","Dualcast","Static Discharge","Storm+1","Amplify","Rebound","Storm+1","Beam Cell"],"relics":["Cracked Core","Potion Belt","Golden Idol","Orichalcum","Anchor"],"potions_floor_usage":[6],"damage_taken":[{"damage":2,"enemies":"Jaw Worm","floor":1,"turns":4},{"damage":3,"enemies":"2 Louse","floor":2,"turns":4},{"damage":1,"enemies":"Cultist","floor":4,"turns":4},{"damage":44,"enemies":"Gremlin Nob","floor":6,"turns":5},{"damage":7,"enemies":"Looter","floor":10,"turns":4},{"damage":2,"enemies":"Exordium Wildlife","floor":14,"turns":3},{"damage":31,"enemies":"Slime Boss","floor":16,"turns":5}],"seed_played":"-69317671736367311","potions_obtained":[{"floor":2,"key":"Block Potion"},{"floor":4,"key":"Ancient Potion"}],"is_trial":false,"path_per_floor":["M","M","?","M","?","E","R","?","T","M","R","?","$","M","R","B"],"character_chosen":"DEFECT","items_purchased":["Storm","Anchor"],"campfire_rested":1,"item_purchase_floors":[13,13],"current_hp_per_floor":[69,66,55,54,59,15,15,15,15,8,30,30,30,28,28,0],"gold":58,"neow_bonus":"TEN_PERCENT_HP_BONUS","is_prod":false,"is_daily":false,"chose_seed":false,"campfire_upgraded":2,"win_rate":0,"timestamp":1549424849,"path_taken":["M","M","?","M","?","E","R","?","T","M","R","?","?","?","R","BOSS"],"build_version":"2019-01-23","purchased_purges":0,"victory":false,"max_hp_per_floor":[78,78,78,78,83,83,83,75,75,75,75,75,75,75,75,75],"card_choices":[{"not_picked":["Conserve Battery","Hello World"],"picked":"Static Discharge","floor":1},{"not_picked":["Blizzard","Rebound"],"picked":"Storm","floor":2},{"not_picked":["Compile Driver","Scrape","Fusion"],"picked":"SKIP","floor":4},{"not_picked":["Steam","Redo"],"picked":"Amplify","floor":6},{"not_picked":["Turbo","Steam Power"],"picked":"Rebound","floor":10},{"not_picked":["Scrape","Streamline"],"picked":"Beam Cell","floor":14}],"player_experience":631645,"relics_obtained":[{"floor":6,"key":"Potion Belt"},{"floor":9,"key":"Orichalcum"}],"event_choices":[{"damage_healed":0,"gold_gain":75,"player_choice":"Gather Gold","damage_taken":11,"max_hp_gain":0,"max_hp_loss":0,"event_name":"World of Goop","floor":3,"gold_loss":0},{"damage_healed":0,"gold_gain":0,"player_choice":"Donut","damage_taken":0,"max_hp_gain":5,"max_hp_loss":0,"event_name":"Big Fish","floor":5,"gold_loss":0},{"damage_healed":0,"gold_gain":0,"player_choice":"Lose Max HP","damage_taken":0,"relics_obtained":["Golden Idol"],"max_hp_gain":0,"max_hp_loss":8,"event_name":"Golden Idol","floor":8,"gold_loss":0},{"damage_healed":0,"gold_gain":0,"player_choice":"Ignored","damage_taken":0,"max_hp_gain":0,"max_hp_loss":0,"event_name":"Liars Game","floor":12,"gold_loss":0}],"is_beta":false,"boss_relics":[],"items_purged_floors":[],"is_endless":false,"potions_floor_spawned":[2,4],"killed_by":"Slime Boss","ascension_level":19}