{"gold_per_floor":[117,132,142,161,180,180,199,199,247,247,282,282,282,298,298,373,373,387,367,9,9,23,23],"floor_reached":23,"playtime":1054,"items_purged":[],"score":390,"play_id":"89f7bd47-2674-4dc6-ad5d-5819aaf9ffce","local_time":"20190213144309","is_ascension_mode":true,"campfire_choices":[{"floor":6,"key":"REST"},{"floor":8,"key":"REST"},{"data":"Defragment","floor":10,"key":"SMITH"},{"data":"White Noise","floor":15,"key":"SMITH"}],"neow_cost":"NONE","seed_source_timestamp":621494505108400,"circlet_count":0,"master_deck":["AscendersBane","Strike_B","Strike_B","Strike_B","Strike_B","Defend_B","Defend_B","Defend_B","Defend_B","Zap+1","Dualcast","Ball Lightning","Glacier","Defragment+1","White Noise+1","Stack","Coolheaded","Coolheaded","Buffer","Chill","White Noise","Cold Snap","Ghostly","Ghostly","Ghostly"],"relics":["Cracked Core","Pen Nib","Ancient Tea Set","Runic Pyramid","PreservedInsect","Omamori"],"potions_floor_usage":[4,5,11,16,23],"damage_taken":[{"damage":10,"enemies":"Small Slimes","floor":1,"turns":3},{"damage":7,"enemies":"Jaw Worm","floor":2,"turns":3},{"damage":1,"enemies":"2 Louse","floor":3,"turns":2},{"damage":7,"enemies":"Lots of Slimes","floor":4,"turns":5},{"damage":35,"enemies":"Gremlin Gang","floor":5,"turns":5},{"damage":26,"enemies":"Exordium Thugs","floor":7,"turns":4},{"damage":24,"enemies":"Gremlin Nob","floor":11,"turns":5},{"damage":0,"enemies":"3 Louse","floor":14,"turns":3},{"damage":15,"enemies":"Slime Boss","floor":16,"turns":12},{"damage":38,"enemies":"3 Byrds","floor":18,"turns":5},{"damage":16,"enemies":"2 Thieves","floor":19,"turns":5},{"damage":0,"enemies":"Sentry and Sphere","floor":22,"turns":5},{"damage":23,"enemies":"Book of Stabbing","floor":23,"turns":3}],"seed_played":"1632939776615740260","potions_obtained":[{"floor":1,"key":"EssenceOfSteel"},{"floor":2,"key":"Fire Potion"},{"floor":7,"key":"SkillPotion"},{"floor":14,"key":"GamblersBrew"},{"floor":18,"key":"Swift Potion"}],"is_trial":false,"path_per_floor":["M","M","M","M","M","R","M","R","T","R","E","?","?","M","R","B",null,"M","M","$","?","M","E"],"character_chosen":"DEFECT","items_purchased":["PreservedInsect","Omamori","Cold Snap"],"campfire_rested":2,"item_purchase_floors":[20,20,20],"current_hp_per_floor":[61,54,53,46,11,34,8,31,31,31,7,33,33,33,33,18,63,25,9,9,9,9,0],"gold":23,"neow_bonus":"TEN_PERCENT_HP_BONUS","is_prod":false,"is_daily":false,"chose_seed":false,"campfire_upgraded":2,"win_rate":0,"timestamp":1550097789,"path_taken":["M","M","M","M","M","R","M","R","T","R","E","?","?","M","R","BOSS","M","M","$","?","M","E"],"build_version":"2019-01-23","purchased_purges":0,"victory":false,"max_hp_per_floor":[78,78,78,78,78,78,78,78,78,78,78,78,78,78,78,78,78,78,78,78,39,39,39],"card_choices":[{"not_picked":["Sunder","Double Energy"],"picked":"Ball Lightning","floor":1},{"not_picked":["Ball Lightning","Chill"],"picked":"Glacier","floor":2},{"not_picked":["FTL","Barrage"],"picked":"Defragment","floor":3},{"not_picked":["Leap","Sweeping Beam","Streamline"],"picked":"SKIP","floor":4},{"not_picked":["Genetic Algorithm","Hyperbeam"],"picked":"White Noise","floor":5},{"not_picked":["Gash","Heatsinks"],"picked":"Stack","floor":7},{"not_picked":["Barrage","Compile Driver"],"picked":"Coolheaded","floor":11},{"not_picked":["Steam","Gash"],"picked":"Coolheaded","floor":14},{"not_picked":["Rainbow","Hyperbeam"],"picked":"Buffer","floor":16},{"not_picked":["Steam+1","Static Discharge"],"picked":"Chill","floor":18},{"not_picked":["Skim","Rebound"],"picked":"White Noise","floor":19},{"not_picked":["Beam Cell+1","Scrape","Steam"],"picked":"SKIP","floor":22}],"player_experience":684264,"relics_obtained":[{"floor":9,"key":"Pen Nib"},{"floor":11,"key":"Ancient Tea Set"}],"event_choices":[{"damage_healed":26,"gold_gain":0,"player_choice":"Banana","damage_taken":0,"max_hp_gain":0,"max_hp_loss":0,"event_name":"Big Fish","floor":12,"gold_loss":0},{"damage_healed":0,"gold_gain":0,"player_choice":"Grow","damage_taken":0,"max_hp_gain":0,"max_hp_loss":0,"event_name":"Living Wall","floor":13,"gold_loss":0,"cards_upgraded":["Zap"]},{"damage_healed":0,"gold_gain":0,"player_choice":"Became a Ghost","damage_taken":0,"max_hp_gain":0,"max_hp_loss":39,"event_name":"Ghosts","floor":21,"gold_loss":0,"cards_obtained":["Ghostly","Ghostly","Ghostly"]}],"is_beta":false,"boss_relics":[{"not_picked":["Ectoplasm","Inserter"],"picked":"Runic Pyramid"}],"items_purged_floors":[],"is_endless":false,"potions_floor_spawned":[1,2,7,14,18],"killed_by":"Book of Stabbing","ascension_level":20}