{"gold_per_floor":[119,138,138,238,90,90,100,130,130,130,160,114,114,134,134,238,238,252,265,69,81,81,81,100,130,130,130,48,48,48,78,78,183,183,195,125,144,144,144,144,144,144,190,215,228,228,244,257,257,257],"floor_reached":51,"playtime":2240,"items_purged":["Strike_R"],"score":871,"play_id":"8f757378-466d-40cc-ab32-9d51971706e1","local_time":"20180929223916","is_ascension_mode":true,"campfire_choices":[{"data":"Seeing Red","floor":6,"key":"SMITH"},{"data":"Impervious","floor":10,"key":"SMITH"},{"data":"Armaments","floor":13,"key":"SMITH"},{"data":"Body Slam","floor":15,"key":"SMITH"},{"data":"Body Slam","floor":23,"key":"SMITH"},{"data":"Shrug It Off","floor":27,"key":"SMITH"},{"data":"Spot Weakness","floor":30,"key":"SMITH"},{"data":"Battle Trance","floor":32,"key":"SMITH"},{"data":"Battle Trance","floor":40,"key":"SMITH"},{"data":"Ghostly Armor","floor":42,"key":"SMITH"},{"data":"Berserk","floor":49,"key":"SMITH"}],"neow_cost":"NONE","seed_source_timestamp":1310389301392410,"circlet_count":0,"master_deck":["Strike_R+1","Strike_R+1","Strike_R+1","Defend_R+1","Defend_R+1","Defend_R+1","Defend_R+1","Bash+1","Impervious+1","Body Slam+1","Seeing Red+1","Ghostly Armor+1","Spot Weakness+1","Body Slam+1","Feed+1","Shrug It Off+1","True Grit+1","True Grit+1","Battle Trance+1","Battle Trance+1","Berserk+1","Power Through+1","Uppercut+1"],"relics":["Burning Blood","Singing Bowl","Lantern","Self Forming Clay","Matryoshka","Sozu","Oddly Smooth Stone","Bottled Flame","Centennial Puzzle","Whetstone","Tiny Chest","Busted Crown","Prayer Wheel","Potion Belt","Omamori","Red Skull"],"potions_floor_usage":[50,50],"damage_taken":[{"damage":0,"enemies":"Cultist","floor":1,"turns":4},{"damage":7,"enemies":"Jaw Worm","floor":2,"turns":5},{"damage":0,"enemies":"2 Louse","floor":7,"turns":3},{"damage":25,"enemies":"3 Sentries","floor":8,"turns":10},{"damage":37,"enemies":"Gremlin Nob","floor":11,"turns":5},{"damage":0,"enemies":"Large Slime","floor":14,"turns":5},{"damage":22,"enemies":"Hexaghost","floor":16,"turns":9},{"damage":4,"enemies":"3 Byrds","floor":18,"turns":6},{"damage":13,"enemies":"Spheric Guardian","floor":19,"turns":4},{"damage":0,"enemies":"Centurion and Healer","floor":21,"turns":5},{"damage":32,"enemies":"Chosen and Byrds","floor":24,"turns":10},{"damage":29,"enemies":"Slavers","floor":25,"turns":6},{"damage":31,"enemies":"Champ","floor":33,"turns":11},{"damage":0,"enemies":"Orb Walker","floor":35,"turns":2},{"damage":0,"enemies":"3 Shapes","floor":37,"turns":3},{"damage":0,"enemies":"Giant Head","floor":44,"turns":6},{"damage":0,"enemies":"Reptomancer","floor":45,"turns":5},{"damage":3,"enemies":"Sphere and 2 Shapes","floor":47,"turns":4},{"damage":10,"enemies":"3 Darklings","floor":48,"turns":6},{"damage":44,"enemies":"Time Eater","floor":50,"turns":11}],"seed_played":"3675226625748234403","potions_obtained":[{"floor":1,"key":"Energy Potion"},{"floor":7,"key":"Regen Potion"},{"floor":14,"key":"Strength Potion"}],"is_trial":false,"path_per_floor":["M","M","?","?","$","R","M","E","T","R","E","$","R","M","R","B",null,"M","M","$","M","?","R","M","E","T","R","$","?","R","?","R","B",null,"M","$","M","?","?","R","?","R","T","E","M","?","M","M","R","B"],"character_chosen":"IRONCLAD","items_purchased":["Ghostly Armor","Armaments","Oddly Smooth Stone","Shrug It Off","Battle Trance","Power Through"],"campfire_rested":0,"item_purchase_floors":[5,12,20,20,28,36],"current_hp_per_floor":[80,79,72,72,72,72,78,59,59,59,30,30,30,38,38,22,84,90,89,89,98,98,98,76,56,56,56,56,56,56,56,56,31,106,112,112,118,118,118,118,118,118,118,120,124,124,128,126,126,100],"gold":257,"neow_bonus":"ONE_RANDOM_RARE_CARD","is_prod":false,"is_daily":false,"chose_seed":false,"campfire_upgraded":11,"win_rate":0,"timestamp":1538275156,"path_taken":["M","?","?","?","?","R","M","E","T","R","E","$","R","M","R","BOSS","M","M","$","M","?","R","M","E","T","R","$","?","R","?","R","BOSS","M","$","M","?","?","R","?","R","T","E","M","?","M","?","R","BOSS"],"build_version":"2018-09-27","purchased_purges":1,"victory":true,"max_hp_per_floor":[80,80,80,80,80,80,80,80,80,80,82,82,82,84,84,84,84,90,96,96,99,99,99,103,106,106,106,106,106,106,106,106,106,106,112,112,118,118,118,118,118,118,118,120,124,124,128,130,130,130],"card_choices":[{"not_picked":["Sever Soul","Warcry"],"picked":"Body Slam","floor":1},{"not_picked":["Fire Breathing","True Grit"],"picked":"Seeing Red","floor":2},{"not_picked":["Feel No Pain","Havoc"],"picked":"Spot Weakness","floor":7},{"not_picked":["Sever Soul","Flex"],"picked":"Body Slam","floor":8},{"not_picked":["Evolve","Clash","Shockwave"],"picked":"Singing Bowl","floor":11},{"not_picked":["Shockwave","Twin Strike","Warcry"],"picked":"Singing Bowl","floor":14},{"not_picked":["Bludgeon","Double Tap"],"picked":"Feed","floor":16},{"not_picked":["Corruption+1","Combust","Dropkick"],"picked":"Singing Bowl","floor":18},{"not_picked":["Pommel Strike","Corruption","Havoc+1"],"picked":"Singing Bowl","floor":19},{"not_picked":["Armaments","Cleave"],"picked":"True Grit+1","floor":21},{"not_picked":["Iron Wave","Warcry"],"picked":"True Grit+1","floor":24},{"not_picked":["Armaments+1","Sever Soul+1"],"picked":"Battle Trance","floor":25},{"not_picked":["Double Tap","Offering"],"picked":"Berserk","floor":33},{"not_picked":["Blood for Blood"],"picked":"Singing Bowl","floor":35},{"not_picked":["Clothesline+1"],"picked":"Singing Bowl","floor":37},{"not_picked":["Cleave"],"picked":"Singing Bowl","floor":44},{"not_picked":["Bloodletting+1"],"picked":"Singing Bowl","floor":45},{"not_picked":["Heavy Blade"],"picked":"Singing Bowl","floor":45},{"not_picked":["Heavy Blade+1"],"picked":"Singing Bowl","floor":47},{"not_picked":["Corruption"],"picked":"Singing Bowl","floor":47},{"not_picked":["Sword Boomerang"],"picked":"Singing Bowl","floor":48},{"not_picked":[],"picked":"Uppercut+1","floor":48}],"player_experience":283913,"relics_obtained":[{"floor":8,"key":"Lantern"},{"floor":9,"key":"Self Forming Clay"},{"floor":11,"key":"Matryoshka"},{"floor":25,"key":"Bottled Flame"},{"floor":26,"key":"Centennial Puzzle"},{"floor":26,"key":"Whetstone"},{"floor":43,"key":"Potion Belt"},{"floor":43,"key":"Omamori"},{"floor":44,"key":"Red Skull"}],"event_choices":[{"event_name":"Scrap Ooze","player_choice":"success","floor":3,"damage_taken":7},{"event_name":"Golden Shrine","player_choice":"Pray","floor":4,"damage_taken":0},{"event_name":"Back to Basics","player_choice":"Simplicity","floor":22,"damage_taken":0},{"event_name":"Ghosts","player_choice":"Ignored","floor":29,"damage_taken":0},{"event_name":"The Mausoleum","player_choice":"Yes","floor":31,"damage_taken":0},{"event_name":"WeMeetAgain","player_choice":"Card","floor":38,"damage_taken":0},{"event_name":"Upgrade Shrine","player_choice":"Upgraded","floor":39,"damage_taken":0},{"event_name":"Purifier","player_choice":"One Purge","floor":41,"damage_taken":0},{"event_name":"Falling","player_choice":"Removed Attack","floor":46,"damage_taken":0}],"is_beta":false,"boss_relics":[{"not_picked":["Velvet Choker","Snecko Eye"],"picked":"Sozu"},{"not_picked":["Astrolabe","Eternal Feather"],"picked":"Busted Crown"}],"items_purged_floors":[5],"is_endless":false,"potions_floor_spawned":[1,7,14,16,19,21,44,45,47],"ascension_level":2}