{"path_per_floor":["M","M","?","$","M","R","?","?","T","M","E","M","R","?","R","B",null,"M","M","$","M","M","R","?","?","T","R","M","M","R","?","R","B",null,"M","?","M","M","?","R","$","E","T","R","$","R","M","M","R","B"],"character_chosen":"DEFECT","items_purchased":["Molten Egg 2","Cold Snap","Melter","Self Repair","Leap","Blind","Oddly Smooth Stone","Hologram"],"gold_per_floor":[360,379,379,32,43,43,43,43,66,81,115,125,125,75,75,171,171,181,201,1,21,37,37,37,37,37,37,56,73,73,73,73,177,207,223,223,237,249,249,249,174,199,199,199,23,23,39,54,54,54],"floor_reached":51,"campfire_rested":0,"playtime":1958,"item_purchase_floors":[4,4,4,20,20,20,45,45],"current_hp_per_floor":[38,38,31,31,26,26,26,26,26,21,21,20,20,20,20,15,75,65,65,65,67,65,65,65,65,65,65,74,75,75,75,75,70,80,80,80,80,80,80,80,80,59,59,59,59,59,80,80,80,46],"items_purged":["Strike_B"],"gold":54,"score":832,"play_id":"4109e610-5a5f-4145-84b3-5e5626e43f86","local_time":"20180523115756","is_prod":false,"is_daily":false,"chose_seed":false,"is_ascension_mode":true,"campfire_upgraded":11,"timestamp":1527044276,"campfire_choices":[{"data":"Ball Lightning","floor":6,"key":"SMITH"},{"data":"Defragment","floor":13,"key":"SMITH"},{"data":"Zap","floor":15,"key":"SMITH"},{"data":"Blind","floor":23,"key":"SMITH"},{"data":"Self Repair","floor":27,"key":"SMITH"},{"data":"Reboot","floor":30,"key":"SMITH"},{"data":"Dualcast","floor":32,"key":"SMITH"},{"data":"Defragment","floor":40,"key":"SMITH"},{"data":"Turbo","floor":44,"key":"SMITH"},{"data":"Hologram","floor":46,"key":"SMITH"},{"data":"Leap","floor":49,"key":"SMITH"}],"path_taken":["M","M","?","$","M","R","?","?","T","M","E","M","R","?","R","BOSS","M","M","$","M","M","R","?","?","T","R","M","?","R","?","R","BOSS","M","?","M","M","?","R","$","E","T","R","?","R","?","M","R","BOSS"],"build_version":"2018-05-21v2","seed_source_timestamp":537884145074890,"purchased_purges":1,"victory":true,"master_deck":["Defend_B+1","Defend_B","Defend_B","Defend_B","Zap+1","Dualcast+1","Ball Lightning+1","Turbo+1","Cold Snap+1","Melter+1","Go for the Eyes+1","Core Surge+1","Streamline+1","Defragment+1","Reboot+1","Go for the Eyes+1","Self Repair+1","Leap+1","Blind+1","Self Repair+1","Cold Snap+1","Stack+1","Scrape+1","Thunder Strike+1","Defragment+1","Consume+1","Skim+1","Hologram+1"],"max_hp_per_floor":[75,75,75,75,75,75,75,75,75,75,75,75,75,75,75,75,75,75,75,75,75,75,75,75,75,75,75,75,75,75,75,75,75,80,80,80,80,80,80,80,80,80,80,80,80,80,80,80,80,80],"relics":["Cracked Core","Mercury Hourglass","Molten Egg 2","Boot","Bird Faced Urn","Inserter","Ancient Tea Set","Tiny House","Pen Nib","Orichalcum","Symbiotic Virus","Oddly Smooth Stone"],"card_choices":[{"not_picked":["Chill","Turbo"],"picked":"Ball Lightning","floor":1},{"not_picked":["Sweeping Beam","Storm"],"picked":"Turbo","floor":2},{"not_picked":["Hello World","Steam Power"],"picked":"Go for the Eyes+1","floor":5},{"not_picked":["Capacitor","Beam Cell+1"],"picked":"Streamline+1","floor":10},{"not_picked":["Consume","Axe Kick+1"],"picked":"Defragment","floor":11},{"not_picked":["Reprogram","Ball Lightning+1","Stack"],"picked":"SKIP","floor":12},{"not_picked":["Rainbow","Meteor Strike+1"],"picked":"Reboot","floor":16},{"not_picked":["Turbo+1","Recycle+1","Doom and Gloom+1"],"picked":"SKIP","floor":18},{"not_picked":["Aggregate","Redo"],"picked":"Go for the Eyes+1","floor":19},{"not_picked":["Axe Kick+1","Streamline+1"],"picked":"Self Repair+1","floor":21},{"not_picked":["Leap","Hello World+1"],"picked":"Cold Snap+1","floor":22},{"not_picked":["Tempest","Reprogram"],"picked":"Stack+1","floor":28},{"not_picked":["Go for the Eyes+1","Turbo"],"picked":"Scrape+1","floor":29},{"not_picked":["Fission","Buffer"],"picked":"Thunder Strike+1","floor":33},{"not_picked":["Doom and Gloom+1","Reprogram"],"picked":"Defragment","floor":34},{"not_picked":["Capacitor","Melter+1","Go for the Eyes+1"],"picked":"SKIP","floor":35},{"not_picked":["Ball Lightning+1","Coolheaded"],"picked":"Consume+1","floor":37},{"not_picked":["Loop+1","Rainbow","Static Discharge+1"],"picked":"SKIP","floor":38},{"not_picked":["Blizzard+1","Leap"],"picked":"Skim+1","floor":42},{"not_picked":["Axe Kick+1","Undo","Cold Snap+1"],"picked":"SKIP","floor":47},{"not_picked":["Axe Kick+1","Turbo","Steam Power"],"picked":"SKIP","floor":48}],"player_experience":507236,"potions_floor_usage":[11,11,12,33,33,33,35,50],"damage_taken":[{"damage":0,"enemies":"2 Louse","floor":1,"turns":2},{"damage":0,"enemies":"Cultist","floor":2,"turns":2},{"damage":5,"enemies":"Jaw Worm","floor":5,"turns":2},{"damage":5,"enemies":"Gremlin Gang","floor":10,"turns":2},{"damage":0,"enemies":"3 Sentries","floor":11,"turns":4},{"damage":1,"enemies":"Lots of Slimes","floor":12,"turns":2},{"damage":7,"enemies":"Hexaghost","floor":16,"turns":8},{"damage":10,"enemies":"Shell Parasite","floor":18,"turns":3},{"damage":0,"enemies":"Spheric Guardian","floor":19,"turns":1},{"damage":9,"enemies":"Chosen and Byrds","floor":21,"turns":5},{"damage":13,"enemies":"Snecko","floor":22,"turns":4},{"damage":17,"enemies":"Centurion and Healer","floor":28,"turns":6},{"damage":22,"enemies":"Slaver and Parasite","floor":29,"turns":4},{"damage":29,"enemies":"Champ","floor":33,"turns":9},{"damage":17,"enemies":"3 Darklings","floor":35,"turns":6},{"damage":15,"enemies":"Orb Walker","floor":37,"turns":4},{"damage":14,"enemies":"Maw","floor":38,"turns":9},{"damage":45,"enemies":"Nemesis","floor":42,"turns":7},{"damage":2,"enemies":"Flame Bruiser 2 Orb","floor":47,"turns":9},{"damage":21,"enemies":"4 Shapes","floor":48,"turns":5},{"damage":62,"enemies":"Donu and Deca","floor":50,"turns":13}],"relics_obtained":[{"floor":9,"key":"Boot"},{"floor":11,"key":"Bird Faced Urn"},{"floor":26,"key":"Ancient Tea Set"},{"floor":42,"key":"Orichalcum"},{"floor":43,"key":"Symbiotic Virus"}],"event_choices":[{"event_name":"Scrap Ooze","player_choice":"success","floor":3,"damage_taken":7},{"event_name":"Transmorgrifier","player_choice":"Transform","floor":7,"damage_taken":0},{"event_name":"Living Wall","player_choice":"Forget","floor":8,"damage_taken":0},{"event_name":"The Cleric","player_choice":"Card Removal","floor":14,"damage_taken":0},{"event_name":"The Mausoleum","player_choice":"No","floor":24,"damage_taken":0},{"event_name":"Drug Dealer","player_choice":"Ignored","floor":25,"damage_taken":0},{"event_name":"Ghosts","player_choice":"Ignored","floor":31,"damage_taken":0},{"event_name":"The Lab","player_choice":"Got Potions","floor":36,"damage_taken":0},{"event_name":"Wheel of Change","player_choice":"Relic","floor":39,"damage_taken":0}],"boss_relics":[{"not_picked":["Snecko Eye","Calling Bell"],"picked":"Inserter"},{"not_picked":["White Beast Statue","Eternal Feather"],"picked":"Tiny House"}],"items_purged_floors":[41],"potions_floor_spawned":[1,2,10,18,21,22,29,37,38,48],"seed_played":"-2777462829870227076","ascension_level":4,"potions_obtained":[{"floor":1,"key":"PowerPotion"},{"floor":2,"key":"Block Potion"},{"floor":10,"key":"Energy Potion"},{"floor":18,"key":"FocusPotion"},{"floor":21,"key":"FocusPotion"},{"floor":22,"key":"SkillPotion"},{"floor":34,"key":"Swift Potion"},{"floor":36,"key":"Energy Potion"},{"floor":36,"key":"LiquidBronze"},{"floor":36,"key":"FearPotion"},{"floor":37,"key":"SteroidPotion"}],"is_trial":false}