{"gold_per_floor":[118,118,129,145,145,145,175,175,230,230,248,248,273,323,323,323],"floor_reached":16,"playtime":527,"items_purged":[],"score":216,"play_id":"942265d4-f09c-46e3-9a42-10d6d82b8881","local_time":"20190216220349","is_ascension_mode":true,"campfire_choices":[{"floor":6.0,"key":"REST"},{"floor":8.0,"key":"REST"},{"data":"Bouncing Flask","floor":10.0,"key":"SMITH"},{"data":"Terror","floor":12.0,"key":"SMITH"},{"floor":15.0,"key":"REST"}],"neow_cost":"NONE","seed_source_timestamp":87843931078033,"circlet_count":0,"master_deck":["AscendersBane","Defend_G","Defend_G+1","Defend_G","Defend_G","Defend_G","Strike_G+1","Strike_G+1","Strike_G","Strike_G","Strike_G","Survivor","Neutralize+1","Terror+1","Bouncing Flask+1","Escape Plan","Catalyst","Escape Plan","Glass Knife"],"special_seed":0,"relics":["Ring of the Snake","NeowsBlessing","Whetstone","Boot","Singing Bowl"],"potions_floor_usage":[16,16],"damage_taken":[{"damage":0.0,"enemies":"Jaw Worm","floor":1.0,"turns":1.0},{"damage":0.0,"enemies":"Cultist","floor":3.0,"turns":1.0},{"damage":0.0,"enemies":"Small Slimes","floor":4.0,"turns":1.0},{"damage":22.0,"enemies":"3 Sentries","floor":7.0,"turns":12.0},{"damage":5.0,"enemies":"3 Louse","floor":11.0,"turns":4.0},{"damage":16.0,"enemies":"Lagavulin","floor":13.0,"turns":4.0},{"damage":57,"enemies":"Slime Boss","floor":16,"turns":9}],"seed_played":"-1711045776553066713","potions_obtained":[{"floor":2.0,"key":"AttackPotion"},{"floor":2.0,"key":"Swift Potion"},{"floor":3.0,"key":"FearPotion"},{"floor":7.0,"key":"Energy Potion"},{"floor":11.0,"key":"LiquidBronze"}],"is_trial":false,"path_per_floor":["M","?","M","M","?","R","E","R","T","R","M","R","E","?","R","B"],"character_chosen":"THE_SILENT","items_purchased":[],"campfire_rested":3,"item_purchase_floors":[],"current_hp_per_floor":[59,59,59,59,39,58,36,55,55,55,50,50,34,34,53,0],"gold":323,"neow_bonus":"THREE_ENEMY_KILL","is_prod":false,"is_daily":false,"chose_seed":false,"campfire_upgraded":2,"win_rate":0,"timestamp":1550383429,"path_taken":["M","?","?","?","?","R","E","R","T","R","M","R","E","?","R","BOSS"],"build_version":"2019-01-23","purchased_purges":0,"victory":false,"max_hp_per_floor":[66,66,66,66,66,66,66,66,66,66,66,66,66,66,66,66],"card_choices":[{"not_picked":["Dagger Throw","Quick Slash"],"picked":"Terror","floor":1.0},{"not_picked":["Infinite Blades","Riddle With Holes"],"picked":"Bouncing Flask","floor":3.0},{"not_picked":["Skewer","Dagger Throw"],"picked":"Escape Plan","floor":4.0},{"not_picked":["Flying Knee","Phantasmal Killer"],"picked":"Catalyst","floor":7.0},{"not_picked":["Reflex","Calculated Gamble"],"picked":"Escape Plan","floor":11.0},{"not_picked":["Dodge and Roll","Masterful Stab"],"picked":"Glass Knife","floor":13.0}],"player_experience":729303,"relics_obtained":[{"floor":7.0,"key":"Whetstone"},{"floor":9.0,"key":"Boot"},{"floor":13.0,"key":"Singing Bowl"}],"event_choices":[{"damage_healed":0.0,"max_hp_gain":0.0,"max_hp_loss":0.0,"gold_gain":0.0,"event_name":"Lab","player_choice":"Got Potions","floor":2.0,"gold_loss":0.0,"damage_taken":0.0},{"damage_healed":0.0,"max_hp_gain":0.0,"max_hp_loss":0.0,"gold_gain":0.0,"event_name":"Shining Light","player_choice":"Entered Light","floor":5.0,"gold_loss":0.0,"damage_taken":20.0,"cards_upgraded":["Strike_G","Defend_G"]},{"damage_healed":0.0,"max_hp_gain":0.0,"max_hp_loss":0.0,"gold_gain":50.0,"event_name":"Golden Shrine","player_choice":"Pray","floor":14.0,"gold_loss":0.0,"damage_taken":0.0}],"is_beta":false,"boss_relics":[],"items_purged_floors":[],"is_endless":false,"potions_floor_spawned":[3,4,7,11],"killed_by":"Slime Boss","ascension_level":20}