{"gold_per_floor":[119,80,180,193,211,211,243,253,253,284,299,299,316,208,208,280,280,295,305,50,50,67,67],"floor_reached":23,"playtime":961,"items_purged":[],"score":376,"play_id":"4a483b1a-1a1e-4f6b-9846-45f02788e31c","local_time":"20190308201738","is_ascension_mode":true,"campfire_choices":[{"data":"Zap","floor":6,"key":"SMITH"},{"floor":12,"key":"REST"},{"data":"Coolheaded","floor":15,"key":"SMITH"}],"neow_cost":"NONE","seed_source_timestamp":473489736651823,"circlet_count":0,"master_deck":["AscendersBane","Strike_B","Strike_B","Strike_B","Strike_B","Defend_B","Defend_B","Defend_B","Defend_B","Zap+1","Dualcast","Barrage","Cold Snap","Ball Lightning","Hyperbeam","Genetic Algorithm","Capacitor","Hologram","Coolheaded+1","Creative AI","Coolheaded","Defragment","White Noise"],"relics":["Cracked Core","NeowsBlessing","StoneCalendar","Calipers","Turnip","Snecko Eye","Lee\u0027s Waffle"],"potions_floor_usage":[10,11,16,16,22],"damage_taken":[{"damage":0,"enemies":"Small Slimes","floor":1,"turns":1},{"damage":0,"enemies":"2 Louse","floor":4,"turns":1},{"damage":0,"enemies":"Cultist","floor":5,"turns":1},{"damage":35,"enemies":"Gremlin Nob","floor":7,"turns":5},{"damage":0,"enemies":"3 Louse","floor":8,"turns":1},{"damage":8,"enemies":"3 Sentries","floor":10,"turns":5},{"damage":6,"enemies":"Lots of Slimes","floor":11,"turns":2},{"damage":18,"enemies":"Large Slime","floor":13,"turns":5},{"damage":15,"enemies":"Hexaghost","floor":16,"turns":8},{"damage":14,"enemies":"Shell Parasite","floor":18,"turns":7},{"damage":17,"enemies":"Spheric Guardian","floor":19,"turns":7},{"damage":59,"enemies":"Cultist and Chosen","floor":22,"turns":5},{"damage":25,"enemies":"Slavers","floor":23,"turns":1}],"seed_played":"-6163147414019607254","potions_obtained":[{"floor":5,"key":"GamblersBrew"},{"floor":8,"key":"Energy Potion"},{"floor":13,"key":"Swift Potion"},{"floor":16,"key":"Swift Potion"},{"floor":18,"key":"SteroidPotion"},{"floor":21,"key":"SkillPotion"},{"floor":21,"key":"Swift Potion"}],"is_trial":false,"path_per_floor":["M","?","?","M","M","R","E","M","T","E","M","R","M","$","R","B",null,"M","M","$","?","M","E"],"character_chosen":"DEFECT","items_purchased":["Coolheaded","Strength Potion","Lee\u0027s Waffle","Defragment"],"campfire_rested":1,"item_purchase_floors":[14,14,20,20],"current_hp_per_floor":[64,64,64,64,64,64,29,29,29,21,15,36,18,18,18,3,54,40,23,78,78,19,0],"gold":67,"neow_bonus":"THREE_ENEMY_KILL","is_prod":false,"is_daily":false,"chose_seed":false,"campfire_upgraded":2,"win_rate":0,"timestamp":1552072658,"path_taken":["M","?","?","M","M","R","E","?","T","E","M","R","M","$","R","BOSS","M","M","$","?","?","E"],"build_version":"2019-01-23","purchased_purges":0,"victory":false,"max_hp_per_floor":[71,71,71,71,71,71,71,71,71,71,71,71,71,71,71,71,71,71,71,78,78,78,78],"card_choices":[{"not_picked":["Sweeping Beam","Steam"],"picked":"Barrage","floor":1},{"not_picked":["Coolheaded","Compile Driver"],"picked":"Cold Snap","floor":4},{"not_picked":["Doom and Gloom","Beam Cell"],"picked":"Ball Lightning","floor":5},{"not_picked":["Hologram","Leap"],"picked":"Hyperbeam","floor":7},{"not_picked":["Lockon","Hello World","Scrape"],"picked":"SKIP","floor":8},{"not_picked":["Storm","Ball Lightning"],"picked":"Genetic Algorithm","floor":10},{"not_picked":["Conserve Battery","BootSequence"],"picked":"Capacitor","floor":11},{"not_picked":["Redo","Barrage"],"picked":"Hologram","floor":13},{"not_picked":["Hyperbeam","Seek"],"picked":"Creative AI","floor":16},{"not_picked":["Rip and Tear","Streamline","Cold Snap+1"],"picked":"SKIP","floor":18},{"not_picked":["Go for the Eyes","Stack"],"picked":"Coolheaded","floor":19},{"not_picked":["Streamline","Cold Snap"],"picked":"White Noise","floor":22}],"player_experience":1090514,"relics_obtained":[{"floor":7,"key":"StoneCalendar"},{"floor":9,"key":"Calipers"},{"floor":10,"key":"Turnip"}],"event_choices":[{"damage_healed":0,"gold_gain":0,"player_choice":"Left Gold","damage_taken":0,"max_hp_gain":0,"max_hp_loss":0,"event_name":"World of Goop","floor":2,"gold_loss":39},{"damage_healed":0,"gold_gain":100,"player_choice":"Gold","damage_taken":0,"max_hp_gain":0,"max_hp_loss":0,"event_name":"Wheel of Change","floor":3,"gold_loss":0},{"damage_healed":0,"gold_gain":0,"player_choice":"Got Potions","damage_taken":0,"max_hp_gain":0,"max_hp_loss":0,"event_name":"Lab","floor":21,"gold_loss":0}],"is_beta":false,"boss_relics":[{"not_picked":["White Beast Statue","Lizard Tail"],"picked":"Snecko Eye"}],"items_purged_floors":[],"is_endless":false,"potions_floor_spawned":[5,8,13,16,18,19],"killed_by":"Slavers","ascension_level":17}