{"gold_per_floor":[117,131,131,131,131,131,154,198,224,236,263,275,287,312,324,432,444,480,510,522],"floor_reached":20,"playtime":655,"items_purged":[],"score":331,"play_id":"186ef323-c333-4caf-8b86-2ea0c5354096","local_time":"20180928004514","is_ascension_mode":true,"campfire_choices":[{"data":"Skewer","floor":6.0,"key":"SMITH"},{"floor":12.0,"key":"REST"},{"data":"Glass Knife","floor":15.0,"key":"SMITH"}],"neow_cost":"NONE","seed_source_timestamp":29260657756539,"circlet_count":0,"master_deck":["Defend_G","Defend_G","Defend_G","Defend_G","Defend_G","Strike_G","Strike_G","Strike_G","Strike_G","Survivor","Neutralize","AscendersBane","Die Die Die","Skewer+1","Well Laid Plans","Outmaneuver","Glass Knife+1","Deflect","Caltrops"],"special_seed":0,"relics":["Ring of the Snake","Golden Idol","Blood Vial","MawBank","Sozu"],"potions_floor_usage":[18],"damage_taken":[{"damage":5.0,"enemies":"Jaw Worm","floor":1.0,"turns":7.0},{"damage":0.0,"enemies":"Cultist","floor":2.0,"turns":3.0},{"damage":4.0,"enemies":"Small Slimes","floor":7.0,"turns":3.0},{"damage":13.0,"enemies":"3 Sentries","floor":8.0,"turns":9.0},{"damage":0.0,"enemies":"Exordium Thugs","floor":11.0,"turns":4.0},{"damage":4.0,"enemies":"Looter","floor":14.0,"turns":4.0},{"damage":20,"enemies":"Slime Boss","floor":16,"turns":8},{"damage":23,"enemies":"3 Byrds","floor":18,"turns":5},{"damage":31,"enemies":"2 Thieves","floor":19,"turns":4},{"damage":0,"enemies":"Shelled Parasite and Fungi","floor":20,"turns":1}],"seed_played":"-195989627119278153","potions_obtained":[{"floor":2.0,"key":"Fruit Juice"},{"floor":3.0,"key":"Dexterity Potion"},{"floor":7.0,"key":"Swift Potion"},{"floor":16,"key":"EntropicBrew"}],"is_trial":false,"path_per_floor":["M","M","?","?","?","R","M","E","T","?","M","R","$","M","R","B",null,"M","M"],"character_chosen":"THE_SILENT","items_purchased":[],"campfire_rested":1,"item_purchase_floors":[],"current_hp_per_floor":[54,54,54,31,24,24,25,12,12,12,14,35,35,33,33,15,57,36,7,9],"gold":522,"neow_bonus":"ONE_RANDOM_RARE_CARD","is_prod":false,"is_daily":false,"chose_seed":false,"campfire_upgraded":2,"win_rate":0,"timestamp":1538063114,"path_taken":["M","M","?","?","?","R","?","E","T","?","M","R","$","M","R","BOSS","M","M","M"],"build_version":"2018-09-20","purchased_purges":0,"victory":false,"max_hp_per_floor":[66,66,66,66,66,66,71,71,71,71,71,71,71,71,71,71,71,71,71,71],"card_choices":[{"not_picked":["Sucker Punch","Bane"],"picked":"Skewer","floor":1.0},{"not_picked":["Flechettes","Noxious Fumes","Cloak And Dagger"],"picked":"SKIP","floor":2.0},{"not_picked":["Noxious Fumes","Prepared","Reflex"],"picked":"SKIP","floor":7.0},{"not_picked":["Dash","Skewer"],"picked":"Well Laid Plans","floor":8.0},{"not_picked":["Dagger Throw","Deflect"],"picked":"Outmaneuver","floor":11.0},{"not_picked":["Predator","Expertise"],"picked":"Glass Knife","floor":14.0},{"not_picked":["Deflect","Infinite Blades","Underhanded Strike"],"picked":"SKIP","floor":18},{"not_picked":["Infinite Blades","Underhanded Strike"],"picked":"Deflect","floor":18},{"not_picked":["Flechettes","Heel Hook","Caltrops"],"picked":"SKIP","floor":19},{"not_picked":["Flechettes","Heel Hook"],"picked":"Caltrops","floor":19}],"player_experience":677940,"relics_obtained":[{"floor":8.0,"key":"Blood Vial"},{"floor":9.0,"key":"MawBank"}],"event_choices":[{"event_name":"The Lab","player_choice":"Got Potions","floor":3.0,"damage_taken":0.0},{"event_name":"Golden Idol","player_choice":"Take Damage","floor":4.0,"damage_taken":0.0},{"event_name":"Golden Wing","player_choice":"Card Removal","floor":5.0,"damage_taken":0.0},{"event_name":"Liars Game","player_choice":"disagreed","floor":10.0,"damage_taken":0.0}],"is_beta":false,"boss_relics":[{"not_picked":["Ectoplasm","Cursed Key"],"picked":"Sozu"}],"items_purged_floors":[],"is_endless":false,"potions_floor_spawned":[2,7,16,19],"killed_by":"Shelled Parasite and Fungi","ascension_level":18}