{"gold_per_floor":[111,122,47,47,63,98,98,111,111,49,49,62,76,101,101,101],"floor_reached":16,"playtime":1310,"items_purged":["Strike_B"],"score":135,"play_id":"c29eac2c-8cbd-4793-8eff-3bbf8a61f372","local_time":"20181112155529","is_ascension_mode":true,"campfire_choices":[{"floor":7,"key":"REST"},{"floor":15,"key":"REST"}],"neow_cost":"NONE","seed_source_timestamp":2790929893458245,"circlet_count":0,"master_deck":["Strike_B","Strike_B","Strike_B","Defend_B","Defend_B","Defend_B","Defend_B","Zap","Dualcast","Leap","Coolheaded","Pain","Loop","Heatsinks","Defragment","Self Repair","Injury","Fusion","Capacitor"],"relics":["Cracked Core","Art of War","WarpedTongs","Sundial","The Courier","Golden Idol"],"potions_floor_usage":[1],"damage_taken":[{"damage":8,"enemies":"Jaw Worm","floor":1,"turns":4},{"damage":0,"enemies":"Cultist","floor":2,"turns":2},{"damage":6,"enemies":"2 Louse","floor":5,"turns":2},{"damage":37,"enemies":"3 Sentries","floor":6,"turns":8},{"damage":17,"enemies":"Lots of Slimes","floor":8,"turns":5},{"damage":20,"enemies":"Gremlin Gang","floor":12,"turns":6},{"damage":5,"enemies":"2 Fungi Beasts","floor":13,"turns":5},{"damage":6,"enemies":"Exordium Wildlife","floor":14,"turns":4},{"damage":54,"enemies":"Slime Boss","floor":16,"turns":11}],"seed_played":"-550672880187600577","potions_obtained":[{"floor":1,"key":"Fruit Juice"},{"floor":6,"key":"Dexterity Potion"},{"floor":14,"key":"Energy Potion"}],"is_trial":false,"path_per_floor":["M","M","$","?","M","E","R","M","T","$","?","M","M","M","R","B"],"character_chosen":"DEFECT","items_purchased":["Self Repair"],"campfire_rested":2,"item_purchase_floors":[10],"current_hp_per_floor":[65,65,65,65,59,22,46,29,29,29,29,19,21,25,49,0],"gold":101,"neow_bonus":"RANDOM_COMMON_RELIC","is_prod":false,"is_daily":false,"chose_seed":false,"campfire_upgraded":0,"win_rate":0,"timestamp":1542034529,"path_taken":["M","M","$","?","?","E","R","M","T","$","?","M","M","M","R","BOSS"],"build_version":"2018-11-08","purchased_purges":1,"victory":false,"max_hp_per_floor":[80,80,80,80,80,80,80,80,80,80,80,80,80,80,80,80],"card_choices":[{"not_picked":["Streamline","Rip and Tear"],"picked":"Leap","floor":1},{"not_picked":["Leap","Reprogram"],"picked":"Coolheaded","floor":2},{"not_picked":["Streamline","Conserve Battery"],"picked":"Loop","floor":5},{"not_picked":["Ball Lightning","Stack"],"picked":"Heatsinks","floor":6},{"not_picked":["Blizzard","Darkness"],"picked":"Defragment","floor":8},{"not_picked":["Steam","Cold Snap","Sweeping Beam"],"picked":"SKIP","floor":12},{"not_picked":["Rip and Tear","Steam"],"picked":"Fusion","floor":13},{"not_picked":["Turbo","Conserve Battery"],"picked":"Capacitor","floor":14}],"player_experience":342461,"relics_obtained":[{"floor":6,"key":"Sundial"},{"floor":9,"key":"The Courier"}],"event_choices":[{"damage_healed":0,"gold_gain":0,"player_choice":"Rummage","damage_taken":0,"relics_obtained":["WarpedTongs"],"max_hp_gain":0,"max_hp_loss":0,"event_name":"Accursed Blacksmith","floor":4,"gold_loss":0,"cards_obtained":["Pain"]},{"damage_healed":0,"gold_gain":0,"player_choice":"Take Wound","damage_taken":0,"relics_obtained":["Golden Idol"],"max_hp_gain":0,"max_hp_loss":0,"event_name":"Golden Idol","floor":11,"gold_loss":0,"cards_obtained":["Injury"]}],"is_beta":true,"boss_relics":[],"items_purged_floors":[3],"is_endless":false,"potions_floor_spawned":[1,6,14],"killed_by":"Slime Boss","ascension_level":6}