{"gold_per_floor":[115,65,85,85,104,104,122,156,156,167,167,179,7,27,27,27],"floor_reached":16,"playtime":1432,"items_purged":["Strike_B"],"score":156,"play_id":"c6614c64-2733-4a83-ba6a-d9f580aad07f","local_time":"20190204202410","is_ascension_mode":true,"campfire_choices":[{"data":"Stack","floor":6,"key":"SMITH"},{"floor":11,"key":"REST"},{"data":"Dualcast","floor":15,"key":"SMITH"}],"neow_cost":"NONE","seed_source_timestamp":166212729496530,"circlet_count":0,"master_deck":["AscendersBane","Strike_B","Strike_B+1","Defend_B","Defend_B","Defend_B","Defend_B","Zap+1","Dualcast+1","Streamline","FTL","Stack+1","Double Energy","Gash","Chill","Beam Cell","Conserve Battery","Blind"],"special_seed":0,"relics":["Cracked Core","Bag of Preparation"],"potions_floor_usage":[8],"damage_taken":[{"damage":1.0,"enemies":"2 Louse","floor":1.0,"turns":2.0},{"damage":2,"enemies":"Small Slimes","floor":3,"turns":3},{"damage":7,"enemies":"Jaw Worm","floor":5,"turns":2},{"damage":3,"enemies":"Red Slaver","floor":7,"turns":3},{"damage":36,"enemies":"Lagavulin","floor":8,"turns":6},{"damage":0,"enemies":"2 Fungi Beasts","floor":10,"turns":3},{"damage":5,"enemies":"Exordium Wildlife","floor":12,"turns":3},{"damage":2,"enemies":"Blue Slaver","floor":14,"turns":4},{"damage":34,"enemies":"The Guardian","floor":16,"turns":11}],"seed_played":"-699584267542173314","potions_obtained":[{"floor":1,"key":"Strength Potion"},{"floor":7,"key":"Regen Potion"},{"floor":10,"key":"Regen Potion"}],"is_trial":false,"path_per_floor":["M","?","M","?","M","R","M","E","T","M","R","M","$","M","R","B"],"character_chosen":"DEFECT","items_purchased":["Blind"],"campfire_rested":1,"item_purchase_floors":[13],"current_hp_per_floor":[67,67,65,50,43,43,40,19,19,19,41,36,36,34,34,0],"gold":27,"neow_bonus":"THREE_CARDS","is_prod":false,"is_daily":false,"chose_seed":false,"campfire_upgraded":2,"win_rate":0,"timestamp":1549329850,"path_taken":["M","?","M","?","M","R","M","E","T","M","R","M","?","?","R","BOSS"],"build_version":"2019-01-23","purchased_purges":1,"victory":false,"max_hp_per_floor":[75,75,75,75,75,75,75,75,75,75,75,75,75,75,75,75],"card_choices":[{"not_picked":["Redo","Turbo"],"picked":"Streamline","floor":0.0},{"not_picked":["Ball Lightning","Streamline"],"picked":"FTL","floor":1},{"not_picked":["Streamline","Gash"],"picked":"Stack","floor":3},{"not_picked":["Aggregate","Ball Lightning"],"picked":"Double Energy","floor":5},{"not_picked":["Capacitor","Streamline"],"picked":"Gash","floor":7},{"not_picked":["Blizzard","Compile Driver"],"picked":"Chill","floor":8},{"not_picked":["Rebound","Stack"],"picked":"Beam Cell","floor":10},{"not_picked":["Multi-Cast","Ball Lightning"],"picked":"Conserve Battery","floor":12},{"not_picked":["Force Field","Heatsinks","Lockon"],"picked":"SKIP","floor":14}],"player_experience":340773,"relics_obtained":[{"floor":8,"key":"Bag of Preparation"}],"event_choices":[{"cards_removed":["Strike_B"],"damage_healed":0,"gold_gain":0,"player_choice":"Card Removal","damage_taken":0,"max_hp_gain":0,"max_hp_loss":0,"event_name":"The Cleric","floor":2,"gold_loss":50},{"damage_healed":0,"gold_gain":0,"player_choice":"Entered Light","damage_taken":15,"max_hp_gain":0,"max_hp_loss":0,"event_name":"Shining Light","floor":4,"gold_loss":0,"cards_upgraded":["Zap","Strike_B"]}],"is_beta":false,"boss_relics":[],"items_purged_floors":[13],"is_endless":false,"potions_floor_spawned":[1,7,10],"killed_by":"The Guardian","ascension_level":10}