{"gold_per_floor":[118,131,131,148,62,62,97,97,97,97,97,111,137,33,33,104,104,104,104,104,104,4,4,4,4,4,4,4,4,4,4,4,4,4,4,4,4,4,4,4,4,4,4,4,4,4,4,4,4,4],"floor_reached":51,"playtime":2429,"items_purged":["Strike_G","Strike_G"],"score":1568,"play_id":"b2682758-6465-46c7-9408-86b9842aebe6","local_time":"20180927185348","is_ascension_mode":true,"campfire_choices":[{"data":"Noxious Fumes","floor":6.0,"key":"SMITH"},{"data":"Backstab","floor":8.0,"key":"SMITH"},{"floor":10.0,"key":"REST"},{"data":"Footwork","floor":15.0,"key":"SMITH"},{"data":"Leg Sweep","floor":23.0,"key":"SMITH"},{"floor":29.0,"key":"REST"},{"data":"Corpse Explosion","floor":32.0,"key":"SMITH"},{"data":"Skewer","floor":40.0,"key":"SMITH"},{"data":"Acrobatics","floor":45,"key":"SMITH"},{"data":"PiercingWail","floor":46,"key":"SMITH"},{"floor":47,"key":"REST"},{"floor":49,"key":"REST"}],"neow_cost":"","seed_source_timestamp":6310548433616,"circlet_count":0,"master_deck":["Defend_G","Defend_G","Defend_G+1","Defend_G","Survivor+1","Neutralize+1","AscendersBane","Flying Knee","Noxious Fumes+1","Footwork+1","Backstab+1","Dagger Spray","Leg Sweep+1","PiercingWail+1","Corpse Explosion+1","Well Laid Plans+1","Acrobatics+1","Envenom+1","Calculated Gamble+1","Unload+1","Dodge and Roll+1","Skewer+1","Malaise"],"special_seed":0,"relics":["Ring of the Snake","Ice Cream","Singing Bowl","Ninja Scroll","Ectoplasm","Frozen Egg 2","Lantern","Astrolabe","WingedGreaves","Pear","War Paint"],"potions_floor_usage":[50],"damage_taken":[{"damage":2.0,"enemies":"Cultist","floor":1.0,"turns":5.0},{"damage":0.0,"enemies":"2 Louse","floor":2.0,"turns":4.0},{"damage":2.0,"enemies":"Jaw Worm","floor":4.0,"turns":4.0},{"damage":32.0,"enemies":"Gremlin Nob","floor":7.0,"turns":6.0},{"damage":2.0,"enemies":"Blue Slaver","floor":12.0,"turns":5.0},{"damage":11.0,"enemies":"3 Sentries","floor":13.0,"turns":8.0},{"damage":0.0,"enemies":"The Guardian","floor":16.0,"turns":12.0},{"damage":6.0,"enemies":"Shell Parasite","floor":18.0,"turns":7.0},{"damage":9.0,"enemies":"Colosseum Slavers","floor":19.0,"turns":6.0},{"damage":0.0,"enemies":"Chosen","floor":21.0,"turns":5.0},{"damage":0.0,"enemies":"Sentry and Sphere","floor":24.0,"turns":5.0},{"damage":0.0,"enemies":"3 Cultists","floor":25.0,"turns":3.0},{"damage":17.0,"enemies":"Centurion and Healer","floor":27.0,"turns":6.0},{"damage":0.0,"enemies":"Book of Stabbing","floor":30.0,"turns":7.0},{"damage":17.0,"enemies":"Collector","floor":33.0,"turns":10.0},{"damage":9.0,"enemies":"3 Shapes","floor":35.0,"turns":7.0},{"damage":11.0,"enemies":"Orb Walker","floor":36.0,"turns":3.0},{"damage":0.0,"enemies":"Sphere and 2 Shapes","floor":37.0,"turns":7.0},{"damage":7.0,"enemies":"Maw","floor":39.0,"turns":9.0},{"damage":4.0,"enemies":"Mind Bloom Boss Battle","floor":41.0,"turns":8.0},{"damage":10,"enemies":"Spire Growth","floor":44,"turns":8},{"damage":30,"enemies":"Giant Head","floor":48,"turns":10},{"damage":2,"enemies":"Time Eater","floor":50,"turns":15}],"seed_played":"-8501710563443723788","potions_obtained":[{"floor":1.0,"key":"SteroidPotion"},{"floor":2.0,"key":"Dexterity Potion"},{"floor":18.0,"key":"EssenceOfSteel"},{"floor":33.0,"key":"Strength Potion"},{"floor":36.0,"key":"FairyPotion"}],"is_trial":false,"path_per_floor":["M","M","?","M","$","R","E","R","T","R","?","M","E","$","R","B",null,"M","?","?","M","$","R","M","M","T","M","$","R","E","$","R","B",null,"M","M","M","$","M","R","?","?","T","M","R","R","R","E","R","B"],"character_chosen":"THE_SILENT","items_purchased":["Footwork","PiercingWail"],"campfire_rested":4,"item_purchase_floors":[5,14],"current_hp_per_floor":[57,57,57,55,55,55,23,23,23,42,35,33,22,22,22,22,55,51,42,42,44,44,44,46,46,46,29,29,50,52,52,52,35,64,57,48,50,50,43,43,41,43,53,45,45,45,73,43,71,69],"gold":4,"neow_bonus":"","is_prod":false,"is_daily":false,"chose_seed":false,"campfire_upgraded":8,"win_rate":0,"timestamp":1538042028,"path_taken":["M","M","?","M","$","R","E","R","T","R","?","M","E","?","R","BOSS","M","?","?","?","$","R","M","M","T","M","?","R","E","$","R","BOSS","M","M","M","$","M","R","?","?","T","?","R","R","R","E","R","BOSS"],"build_version":"2018-09-20","purchased_purges":2,"victory":true,"max_hp_per_floor":[66,66,66,66,66,66,66,66,66,66,66,66,66,66,66,66,66,68,68,68,70,70,70,72,72,72,72,72,72,74,74,74,74,74,76,78,80,80,80,80,82,84,94,96,96,96,96,96,96,96],"card_choices":[{"not_picked":["Deadly Poison","Expertise"],"picked":"Flying Knee","floor":1.0},{"not_picked":["Sucker Punch","PiercingWail","Slice"],"picked":"SKIP","floor":2.0},{"not_picked":["Blade Dance","Flying Knee"],"picked":"Noxious Fumes","floor":4.0},{"not_picked":["Wraith Form v2","Endless Agony"],"picked":"Backstab","floor":7.0},{"not_picked":["Infinite Blades","Deadly Poison"],"picked":"Dagger Spray","floor":12.0},{"not_picked":["Outmaneuver","Prepared"],"picked":"Leg Sweep","floor":13.0},{"not_picked":["Venomology","A Thousand Cuts"],"picked":"Corpse Explosion","floor":16.0},{"not_picked":["Deadly Poison","Cloak And Dagger+1","Dodge and Roll"],"picked":"Singing Bowl","floor":18.0},{"not_picked":["Cloak And Dagger","Prepared","Endless Agony"],"picked":"Singing Bowl","floor":21.0},{"not_picked":["Outmaneuver","Footwork","Deadly Poison"],"picked":"Singing Bowl","floor":24.0},{"not_picked":["Masterful Stab","PiercingWail+1"],"picked":"Well Laid Plans+1","floor":25.0},{"not_picked":["Dagger Throw","Deflect"],"picked":"Acrobatics","floor":27.0},{"not_picked":["Bullet Time","Setup","PiercingWail"],"picked":"Singing Bowl","floor":30.0},{"not_picked":["Unload","Venomology"],"picked":"Envenom+1","floor":33.0},{"not_picked":["Endless Agony","Concentrate","Escape Plan+1"],"picked":"Singing Bowl","floor":35.0},{"not_picked":["Quick Slash","Dodge and Roll","Riddle With Holes"],"picked":"Singing Bowl","floor":36.0},{"not_picked":["Quick Slash","Sucker Punch","Finisher"],"picked":"Singing Bowl","floor":37.0},{"not_picked":["Bouncing Flask","Predator"],"picked":"Skewer","floor":39.0},{"not_picked":["Bane","Prepared","Quick Slash"],"picked":"Singing Bowl","floor":41.0},{"not_picked":["Magnetism+1","Bandage Up","Dramatic Entrance"],"picked":"Singing Bowl","floor":42.0},{"not_picked":["Leg Sweep","Flying Knee+1","Underhanded Strike"],"picked":"Singing Bowl","floor":44},{"not_picked":["Deflect","Choke+1"],"picked":"Malaise","floor":48}],"player_experience":669854,"relics_obtained":[{"floor":7.0,"key":"Ice Cream"},{"floor":9.0,"key":"Singing Bowl"},{"floor":13.0,"key":"Ninja Scroll"},{"floor":26.0,"key":"Frozen Egg 2"},{"floor":30.0,"key":"Lantern"},{"floor":41.0,"key":"WingedGreaves"},{"floor":43.0,"key":"Pear"},{"floor":48,"key":"War Paint"}],"event_choices":[{"event_name":"Upgrade Shrine","player_choice":"Upgraded","floor":3.0,"damage_taken":0.0},{"event_name":"Golden Wing","player_choice":"Card Removal","floor":11.0,"damage_taken":0.0},{"event_name":"Colosseum","player_choice":"Fight","floor":19.0,"damage_taken":0.0},{"event_name":"Colosseum","player_choice":"Fled From Nobs","floor":19.0,"damage_taken":0.0},{"event_name":"Colosseum","player_choice":"Fled From Nobs","floor":19.0,"damage_taken":0.0},{"event_name":"Match and Keep!","player_choice":"0 cards matched","floor":20.0,"damage_taken":0.0},{"event_name":"MindBloom","player_choice":"Fight","floor":41.0,"damage_taken":0.0},{"event_name":"SensoryStone","player_choice":"Memory 1","floor":42.0,"damage_taken":0.0}],"is_beta":false,"boss_relics":[{"not_picked":["Fusion Hammer","Philosopher\u0027s Stone"],"picked":"Ectoplasm"},{"not_picked":["Cursed Key","Busted Crown"],"picked":"Astrolabe"}],"items_purged_floors":[14,22],"is_endless":false,"potions_floor_spawned":[1,2,18,25,27,33,36,41],"ascension_level":17}