{"gold_per_floor":[119,119,119,119,119,153,173,173,173,173,203,231,256,285,297,413,425,454,479,273,292,207,207,238,253,280,297,207,239,252,205,205,307,307,326,345,361,361,375,375,36,47,47,47,47,63,63,113,113,113],"floor_reached":51,"playtime":2104,"items_purged":["Strike_R","Strike_R"],"score":749,"play_id":"239f0888-c675-44a2-9b92-fd6892c7011f","local_time":"20190303104932","is_ascension_mode":false,"campfire_choices":[{"data":"Cleave","floor":8.0,"key":"SMITH"},{"data":"Defend_R","floor":10.0,"key":"SMITH"},{"data":"Anger","floor":15.0,"key":"SMITH"},{"data":"Pommel Strike","floor":23.0,"key":"SMITH"},{"floor":32.0,"key":"REST"},{"data":"Defend_R","floor":40,"key":"SMITH"},{"data":"Warcry","floor":44,"key":"SMITH"},{"data":"Defend_R","floor":47,"key":"SMITH"},{"floor":49,"key":"REST"}],"neow_cost":"NONE","seed_source_timestamp":205263283046320,"circlet_count":0,"master_deck":["Strike_R","Strike_R","Defend_R+1","Defend_R+1","Defend_R","Defend_R+1","Bash+1","Cleave+1","Headbutt","Pommel Strike+1","Anger+1","Pommel Strike+1","Warcry+1","Flex+1","Thunderclap","Shrug It Off+1","Anger+1","True Grit+1","Pain","Iron Wave+1"],"special_seed":0,"relics":["Burning Blood","Pen Nib","Mummified Hand","Anchor","MawBank","Busted Crown","Potion Belt","Paper Frog","Meat on the Bone","Orichalcum","PreservedInsect","Cursed Key","Bottled Lightning","Kunai","Prayer Wheel"],"potions_floor_usage":[50,50,50,50,50],"damage_taken":[{"damage":5.0,"enemies":"Small Slimes","floor":1.0,"turns":4.0},{"damage":14.0,"enemies":"Gremlin Nob","floor":6.0,"turns":3.0},{"damage":6.0,"enemies":"Cultist","floor":7.0,"turns":3.0},{"damage":28.0,"enemies":"Lagavulin","floor":11.0,"turns":5.0},{"damage":0.0,"enemies":"2 Louse","floor":12.0,"turns":2.0},{"damage":0.0,"enemies":"Exordium Wildlife","floor":13.0,"turns":2.0},{"damage":0.0,"enemies":"Lots of Slimes","floor":14.0,"turns":1.0},{"damage":52.0,"enemies":"Hexaghost","floor":16.0,"turns":8.0},{"damage":5.0,"enemies":"Shell Parasite","floor":18.0,"turns":3.0},{"damage":2.0,"enemies":"2 Thieves","floor":19.0,"turns":3.0},{"damage":27.0,"enemies":"Snake Plant","floor":21.0,"turns":4.0},{"damage":17.0,"enemies":"Slavers","floor":24.0,"turns":3.0},{"damage":8.0,"enemies":"Snecko","floor":25.0,"turns":3.0},{"damage":10.0,"enemies":"3 Cultists","floor":27.0,"turns":4.0},{"damage":5.0,"enemies":"Gremlin Leader","floor":29.0,"turns":4.0},{"damage":18.0,"enemies":"Snake Plant","floor":30.0,"turns":3.0},{"damage":28.0,"enemies":"Collector","floor":33.0,"turns":6.0},{"damage":0.0,"enemies":"Orb Walker","floor":35.0,"turns":2.0},{"damage":20.0,"enemies":"3 Shapes","floor":36.0,"turns":4.0},{"damage":0.0,"enemies":"Sphere and 2 Shapes","floor":37.0,"turns":3.0},{"damage":7.0,"enemies":"Transient","floor":39.0,"turns":5.0},{"damage":0,"enemies":"Maw","floor":42,"turns":6},{"damage":5,"enemies":"4 Shapes","floor":46,"turns":2},{"damage":17,"enemies":"2 Orb Walkers","floor":48,"turns":4},{"damage":101,"enemies":"Awakened One","floor":50,"turns":17}],"seed_played":"5221056167956362694","potions_obtained":[{"floor":6.0,"key":"FearPotion"},{"floor":7.0,"key":"Dexterity Potion"},{"floor":14.0,"key":"PowerPotion"},{"floor":16.0,"key":"BloodPotion"},{"floor":18.0,"key":"Block Potion"},{"floor":24.0,"key":"BloodPotion"},{"floor":30.0,"key":"Regen Potion"},{"floor":33.0,"key":"GamblersBrew"},{"floor":35.0,"key":"SkillPotion"},{"floor":48,"key":"AttackPotion"}],"is_trial":false,"path_per_floor":["M","?","$","?","$","E","M","R","T","R","E","M","M","M","R","B",null,"M","M","$","M","?","R","E","M","T","M","?","E","M","$","R","B",null,"M","M","M","?","M","R","$","M","T","R","$","M","R","?","R","B",null],"character_chosen":"IRONCLAD","items_purchased":["Potion Belt","Thunderclap","Bottled Lightning"],"campfire_rested":2,"item_purchase_floors":[20,31,41],"current_hp_per_floor":[80,80,80,80,80,72,72,72,72,72,50,56,62,68,68,22,80,80,80,80,59,59,59,48,58,58,62,62,63,51,51,75,53,80,80,66,72,72,71,71,71,77,77,77,77,78,78,67,80,20],"gold":113,"neow_bonus":"RANDOM_COMMON_RELIC","is_prod":false,"is_daily":false,"chose_seed":false,"campfire_upgraded":7,"win_rate":0,"timestamp":1551628172,"path_taken":["M","?","$","?","$","E","M","R","T","R","E","M","?","M","R","BOSS","M","M","$","M","?","R","E","M","T","M","?","E","M","$","R","BOSS","M","?","M","?","?","R","?","M","T","R","$","M","R","?","R","BOSS"],"build_version":"2019-01-23","purchased_purges":2,"victory":true,"max_hp_per_floor":[80,80,80,80,80,80,80,80,80,80,80,80,80,80,80,80,80,80,80,80,80,80,80,80,80,80,80,80,80,80,80,80,80,80,80,80,80,80,80,80,80,80,80,80,80,80,80,80,80,80],"card_choices":[{"not_picked":["Dropkick","Sword Boomerang"],"picked":"Cleave","floor":1.0},{"not_picked":["Rage","Twin Strike"],"picked":"Headbutt","floor":6.0},{"not_picked":["Clash","Fire Breathing","Intimidate"],"picked":"SKIP","floor":7.0},{"not_picked":["Searing Blow","Armaments"],"picked":"Pommel Strike","floor":11.0},{"not_picked":["Whirlwind","Sword Boomerang","Heavy Blade"],"picked":"SKIP","floor":12.0},{"not_picked":["Havoc","Flex"],"picked":"Anger","floor":13.0},{"not_picked":["Clash","Havoc"],"picked":"Pommel Strike","floor":14.0},{"not_picked":[],"picked":"Warcry","floor":18.0},{"not_picked":["Power Through"],"picked":"SKIP","floor":19.0},{"not_picked":["Combust"],"picked":"SKIP","floor":21.0},{"not_picked":["Bludgeon"],"picked":"SKIP","floor":24.0},{"not_picked":[],"picked":"Flex+1","floor":25.0},{"not_picked":["Intimidate"],"picked":"SKIP","floor":27.0},{"not_picked":["Heavy Blade+1"],"picked":"SKIP","floor":29.0},{"not_picked":["Pummel"],"picked":"SKIP","floor":30.0},{"not_picked":["Power Through+1"],"picked":"SKIP","floor":35.0},{"not_picked":[],"picked":"Shrug It Off","floor":36.0},{"not_picked":[],"picked":"Anger+1","floor":37.0},{"not_picked":[],"picked":"True Grit+1","floor":39.0},{"not_picked":["Hemokinesis+1"],"picked":"SKIP","floor":42},{"not_picked":["Hemokinesis+1"],"picked":"SKIP","floor":42},{"not_picked":["Perfected Strike"],"picked":"SKIP","floor":46},{"not_picked":[],"picked":"Iron Wave+1","floor":48}],"player_experience":261123,"relics_obtained":[{"floor":6.0,"key":"Mummified Hand"},{"floor":9.0,"key":"Anchor"},{"floor":11.0,"key":"MawBank"},{"floor":24.0,"key":"Meat on the Bone"},{"floor":26.0,"key":"Orichalcum"},{"floor":29.0,"key":"PreservedInsect"},{"floor":43,"key":"Kunai"},{"floor":48,"key":"Prayer Wheel"}],"event_choices":[{"damage_healed":0.0,"max_hp_gain":0.0,"max_hp_loss":0.0,"gold_gain":0.0,"event_name":"Living Wall","player_choice":"Grow","floor":2.0,"gold_loss":0.0,"damage_taken":0.0,"cards_upgraded":["Bash"]},{"damage_healed":0.0,"max_hp_gain":0.0,"max_hp_loss":0.0,"gold_gain":0.0,"event_name":"Transmorgrifier","player_choice":"Ignored","floor":4.0,"gold_loss":0.0,"damage_taken":0.0},{"damage_healed":0.0,"max_hp_gain":0.0,"max_hp_loss":0.0,"gold_gain":0.0,"event_name":"Addict","player_choice":"Obtained Relic","floor":22.0,"gold_loss":85.0,"damage_taken":0.0,"relics_obtained":["Paper Frog"]},{"cards_removed":["Strike_R"],"damage_healed":0.0,"max_hp_gain":0.0,"max_hp_loss":0.0,"gold_gain":0.0,"event_name":"Designer","player_choice":"Upgrade and Remove","floor":28.0,"gold_loss":90.0,"damage_taken":0.0,"cards_upgraded":["Pommel Strike"]},{"damage_healed":0.0,"max_hp_gain":0.0,"max_hp_loss":0.0,"gold_gain":0.0,"event_name":"Upgrade Shrine","player_choice":"Upgraded","floor":38.0,"gold_loss":0.0,"damage_taken":0.0,"cards_upgraded":["Shrug It Off"]},{"damage_healed":0,"gold_gain":0,"player_choice":"Fight","damage_taken":0,"max_hp_gain":0,"max_hp_loss":0,"event_name":"Mysterious Sphere","floor":48,"gold_loss":0}],"is_beta":false,"boss_relics":[{"not_picked":["Snecko Eye","Ectoplasm"],"picked":"Busted Crown"},{"not_picked":["Tiny House","Philosopher\u0027s Stone"],"picked":"Cursed Key"}],"items_purged_floors":[20,41],"is_endless":false,"potions_floor_spawned":[6,7,14,16,18,24,30,33,35,36,37,48],"ascension_level":0}