{"gold_per_floor":[116,136,136,86,186,197,197,258,304,304,319,394,394,412,412,514,514,533,533,551,113,113,136,158,170,260,93,117,117,43,59,59,164,164,181,181,26,26,73,73,104,114,114,127,0,0,0,19,19,19],"floor_reached":51,"playtime":2333,"items_purged":["Strike_B","Strike_B"],"score":777,"play_id":"62d682f6-6822-4695-81ba-10236783b43a","local_time":"20180907151400","is_ascension_mode":true,"campfire_choices":[{"data":"Storm","floor":10,"key":"SMITH"},{"floor":13,"key":"REST"},{"data":"Capacitor","floor":15,"key":"SMITH"},{"floor":25,"key":"REST"},{"data":"Loop","floor":29,"key":"SMITH"},{"data":"Thunder Strike","floor":32,"key":"SMITH"},{"data":"Heatsinks","floor":40,"key":"SMITH"},{"data":"Storm","floor":46,"key":"SMITH"},{"floor":49,"key":"REST"}],"neow_cost":"NONE","seed_source_timestamp":66817039575287,"circlet_count":0,"master_deck":["Strike_B+1","Defend_B","Defend_B","Defend_B+1","Defend_B","Zap+1","Dualcast+1","Capacitor+1","Auto Shields+1","Chill","Storm+1","Chaos","Electrodynamics","Thunder Strike+1","Static Discharge","Ball Lightning","Loop+1","Capacitor+1","Madness","Hello World","Leap","Electrodynamics","Heatsinks+1","Capacitor","Echo Form","Hologram+1","Madness","Madness","Undo","Double Energy+1","Conserve Battery+1","Storm+1","Heatsinks+1"],"relics":["Cracked Core","Omamori","Anchor","DataDisk","Nuclear Battery","Unceasing Top","DollysMirror","MawBank","Question Card","War Paint","Lizard Tail","Lantern","Pocketwatch","Pen Nib","Darkstone Periapt","Red Mask"],"potions_floor_usage":[39,50,50,50],"damage_taken":[{"damage":0,"enemies":"Small Slimes","floor":1,"turns":2},{"damage":0,"enemies":"2 Louse","floor":2,"turns":1},{"damage":0,"enemies":"Cultist","floor":6,"turns":4},{"damage":28,"enemies":"Lagavulin Event","floor":8,"turns":7},{"damage":3,"enemies":"Blue Slaver","floor":11,"turns":3},{"damage":0,"enemies":"2 Fungi Beasts","floor":14,"turns":3},{"damage":4,"enemies":"Slime Boss","floor":16,"turns":6},{"damage":21,"enemies":"Shell Parasite","floor":18,"turns":4},{"damage":2,"enemies":"Chosen","floor":20,"turns":3},{"damage":24,"enemies":"Centurion and Healer","floor":23,"turns":5},{"damage":9,"enemies":"Snake Plant","floor":24,"turns":3},{"damage":0,"enemies":"Shelled Parasite and Fungi","floor":31,"turns":2},{"damage":30,"enemies":"Champ","floor":33,"turns":8},{"damage":0,"enemies":"3 Darklings","floor":35,"turns":3},{"damage":0,"enemies":"Mysterious Sphere","floor":39,"turns":2},{"damage":0,"enemies":"Giant Head","floor":41,"turns":5},{"damage":0,"enemies":"Orb Walker","floor":42,"turns":3},{"damage":16,"enemies":"4 Shapes","floor":44,"turns":4},{"damage":10,"enemies":"Reptomancer","floor":48,"turns":3},{"damage":33,"enemies":"Awakened One","floor":50,"turns":4}],"seed_played":"-4536486086622976154","potions_obtained":[{"floor":2,"key":"FocusPotion"},{"floor":6,"key":"FearPotion"},{"floor":11,"key":"SpeedPotion"},{"floor":31,"key":"Fire Potion"},{"floor":42,"key":"Swift Potion"},{"floor":44,"key":"PowerPotion"}],"is_trial":false,"path_per_floor":["M","M","?","?","?","M","?","?","T","R","M","?","R","M","R","B",null,"M","?","M","$","T","M","M","R","T","$","T","R","$","M","R","B",null,"M","?","$","?","?","R","E","M","T","M","?","R","$","M","R","B"],"character_chosen":"DEFECT","items_purchased":["Loop","DollysMirror","Madness","Electrodynamics","Heatsinks","Lantern"],"campfire_rested":3,"item_purchase_floors":[21,21,21,27,30,37],"current_hp_per_floor":[75,75,60,60,60,60,57,29,29,29,26,15,37,37,37,33,75,54,54,52,52,52,28,19,41,41,41,41,41,41,41,41,11,75,75,75,75,66,66,66,66,66,66,50,50,50,50,40,62,29],"gold":19,"neow_bonus":"UPGRADE_CARD","is_prod":false,"is_daily":false,"chose_seed":false,"campfire_upgraded":6,"win_rate":0,"timestamp":1536347640,"path_taken":["M","M","?","?","?","?","?","?","T","R","M","?","R","?","R","BOSS","M","?","?","?","?","M","M","R","T","$","?","R","?","M","R","BOSS","M","?","$","?","?","R","E","M","T","M","?","R","?","?","R","BOSS"],"build_version":"2018-09-06","purchased_purges":2,"victory":true,"max_hp_per_floor":[75,75,75,75,75,75,75,75,75,75,75,75,75,75,75,75,75,75,75,75,75,75,75,75,75,75,75,75,75,75,75,75,75,75,75,75,75,75,75,75,75,75,75,75,75,75,75,75,75,75],"card_choices":[{"not_picked":["Hologram","Cold Snap"],"picked":"Capacitor","floor":1},{"not_picked":["Steam","Scrape"],"picked":"Auto Shields","floor":2},{"not_picked":["Glacier","Turbo"],"picked":"Chill","floor":6},{"not_picked":["Cold Snap","Coolheaded"],"picked":"Storm","floor":8},{"not_picked":["Cold Snap","Steam"],"picked":"Chaos","floor":11},{"not_picked":["Barrage","Static Discharge"],"picked":"Electrodynamics","floor":14},{"not_picked":["Reboot","Hyperbeam"],"picked":"Thunder Strike","floor":16},{"not_picked":["Coolheaded","Cold Snap"],"picked":"Static Discharge","floor":18},{"not_picked":["Rebound","Gash+1"],"picked":"Ball Lightning","floor":20},{"not_picked":["Rebound","Steam"],"picked":"Hello World","floor":23},{"not_picked":["Hologram","Gash"],"picked":"Leap","floor":24},{"not_picked":["Genetic Algorithm","Sweeping Beam+1","Conserve Battery"],"picked":"Capacitor","floor":31},{"not_picked":["Thunder Strike","Electrodynamics","Multi-Cast"],"picked":"Echo Form","floor":33},{"not_picked":["Beam Cell+1","Blizzard","Steam+1"],"picked":"Hologram+1","floor":35},{"not_picked":["Glacier+1","Cold Snap","Scrape+1"],"picked":"Undo","floor":39},{"not_picked":["Gash","Leap+1","Sweeping Beam"],"picked":"Double Energy+1","floor":41},{"not_picked":["Redo+1","Stack+1","Static Discharge"],"picked":"Conserve Battery+1","floor":42},{"not_picked":["Barrage","Auto Shields+1","Cold Snap"],"picked":"Storm","floor":44},{"not_picked":["Turbo+1","Recycle+1","Hologram+1"],"picked":"Heatsinks+1","floor":48}],"player_experience":162669,"relics_obtained":[{"floor":8,"key":"Anchor"},{"floor":9,"key":"DataDisk"},{"floor":22,"key":"MawBank"},{"floor":26,"key":"Question Card"},{"floor":28,"key":"War Paint"},{"floor":39,"key":"Pocketwatch"},{"floor":41,"key":"Pen Nib"},{"floor":43,"key":"Darkstone Periapt"}],"event_choices":[{"event_name":"Shining Light","player_choice":"Entered Light","floor":3,"damage_taken":0},{"event_name":"The Cleric","player_choice":"Card Removal","floor":4,"damage_taken":0},{"event_name":"Golden Shrine","player_choice":"Pray","floor":5,"damage_taken":0},{"event_name":"Scrap Ooze","player_choice":"success","floor":7,"damage_taken":3},{"event_name":"Dead Adventurer","player_choice":"Searched \u00272\u0027 times","floor":8,"damage_taken":0},{"event_name":"World of Goop","player_choice":"Gather Gold","floor":12,"damage_taken":0},{"event_name":"The Mausoleum","player_choice":"Yes","floor":19,"damage_taken":0},{"event_name":"The Woman in Blue","player_choice":"Bought 0 Potions","floor":36,"damage_taken":0},{"event_name":"Winding Halls","player_choice":"Embrace Madness","floor":38,"damage_taken":0},{"event_name":"Mysterious Sphere","player_choice":"Fight","floor":39,"damage_taken":0},{"event_name":"Tomb of Lord Red Mask","player_choice":"Paid","floor":45,"damage_taken":0}],"is_beta":false,"boss_relics":[{"not_picked":["Cursed Key","Black Star"],"picked":"Nuclear Battery"},{"not_picked":["Philosopher\u0027s Stone","Snecko Eye"],"picked":"Lizard Tail"}],"items_purged_floors":[21,27],"is_endless":false,"potions_floor_spawned":[2,6,11,14,16,24,31,35,42,44,48],"ascension_level":2}