{"gold_per_floor":[360,360,373,169,185,185,185,196,275,354,354,372,372,387,387,487,537,552,652,671,683,710,710,710,257,284,194,194,204,304,314,314,419,419,435,435,448,460,460,460,472,506,533,533,533,549,549,568,568,568,568,568,65,92,92],"floor_reached":55,"playtime":3164,"items_purged":["Defend_B","Defend_B"],"score":719,"play_id":"d5d2e719-5fdc-4a21-a7d5-e6d594c08289","local_time":"20181223143405","is_ascension_mode":false,"campfire_choices":[{"floor":6.0,"key":"REST"},{"data":"Blizzard","floor":11.0,"key":"SMITH"},{"data":"Cold Snap","floor":13.0,"key":"SMITH"},{"floor":15.0,"key":"REST"},{"data":"Cold Snap","floor":23.0,"key":"SMITH"},{"data":"Coolheaded","floor":28.0,"key":"SMITH"},{"floor":32.0,"key":"REST"},{"floor":40.0,"key":"RECALL"},{"floor":44.0,"key":"REST"},{"floor":47.0,"key":"REST"},{"data":"Streamline","floor":49.0,"key":"SMITH"},{"data":"Strike_B","floor":52.0,"key":"SMITH"}],"neow_cost":"PERCENT_DAMAGE","seed_source_timestamp":99530108146398,"circlet_count":0,"master_deck":["Strike_B+1","Strike_B","Strike_B+1","Zap+1","Dualcast+1","Streamline+1","Blizzard+1","Coolheaded+1","Cold Snap+1","Cold Snap+1","Chill+1","Glacier+1","Cold Snap+1","Cold Snap+1","Buffer+1","Capacitor+1","Coolheaded+1","Multi-Cast+1"],"special_seed":0,"relics":["Cracked Core","Toxic Egg 2","Tiny Chest","Tiny House","Orichalcum","Calipers","Juzu Bracelet","Nunchaku","Mercury Hourglass","Sozu","War Paint","Lee\u0027s Waffle","Vajra","Centennial Puzzle"],"potions_floor_usage":[],"damage_taken":[{"damage":9.0,"enemies":"Small Slimes","floor":1.0,"turns":3.0},{"damage":1.0,"enemies":"Jaw Worm","floor":3.0,"turns":4.0},{"damage":7.0,"enemies":"2 Louse","floor":5.0,"turns":3.0},{"damage":2.0,"enemies":"Exordium Thugs","floor":8.0,"turns":4.0},{"damage":0.0,"enemies":"3 Louse","floor":12.0,"turns":2.0},{"damage":12.0,"enemies":"2 Fungi Beasts","floor":14.0,"turns":3.0},{"damage":37.0,"enemies":"The Guardian","floor":16.0,"turns":15.0},{"damage":13.0,"enemies":"Shell Parasite","floor":18.0,"turns":7.0},{"damage":15.0,"enemies":"Spheric Guardian","floor":20.0,"turns":4.0},{"damage":6.0,"enemies":"3 Cultists","floor":21.0,"turns":5.0},{"damage":6.0,"enemies":"Snake Plant","floor":29.0,"turns":5.0},{"damage":0.0,"enemies":"Colosseum Slavers","floor":30.0,"turns":4.0},{"damage":25.0,"enemies":"Colosseum Nobs","floor":30.0,"turns":5.0},{"damage":0.0,"enemies":"Centurion and Healer","floor":31.0,"turns":6.0},{"damage":27.0,"enemies":"Collector","floor":33.0,"turns":10.0},{"damage":0.0,"enemies":"Orb Walker","floor":35.0,"turns":3.0},{"damage":0.0,"enemies":"3 Shapes","floor":37.0,"turns":3.0},{"damage":0.0,"enemies":"Writhing Mass","floor":38.0,"turns":8.0},{"damage":11.0,"enemies":"Maw","floor":41.0,"turns":9.0},{"damage":38.0,"enemies":"Nemesis","floor":42.0,"turns":13.0},{"damage":0.0,"enemies":"4 Shapes","floor":46.0,"turns":4.0},{"damage":0.0,"enemies":"3 Darklings","floor":48.0,"turns":4.0},{"damage":60.0,"enemies":"Donu and Deca","floor":50.0,"turns":11.0},{"damage":66.0,"enemies":"Shield and Spear","floor":54.0,"turns":9.0},{"damage":48,"enemies":"The Heart","floor":55,"turns":3}],"seed_played":"2848287541320934941","potions_obtained":[{"floor":8.0,"key":"EssenceOfSteel"},{"floor":12.0,"key":"Regen Potion"},{"floor":16.0,"key":"Regen Potion"},{"floor":17.0,"key":"FairyPotion"},{"floor":18.0,"key":"EssenceOfSteel"},{"floor":21.0,"key":"Dexterity Potion"},{"floor":33.0,"key":"Swift Potion"}],"is_trial":false,"path_per_floor":["M","?","M","$","M","R","?","M","T","T","R","M","R","M","R","B",null,"M","?","M","M","T","R","?","$","T","?","R","M","?","M","R","B",null,"M","?","M","M","?","R","M","E","T","R","?","M","R","M","R","B",null,"R","$","E","B"],"character_chosen":"DEFECT","items_purchased":["Blizzard","Coolheaded","Coolheaded+1","Calipers","Lee\u0027s Waffle","Vajra","Multi-Cast+1"],"campfire_rested":5,"item_purchase_floors":[4,4,25,25,53,53,53],"current_hp_per_floor":[45,38,37,37,30,52,52,50,50,50,50,50,50,38,60,38,80,67,67,52,58,58,58,58,58,58,58,58,52,27,27,51,24,80,80,80,80,80,80,80,69,31,31,55,55,55,79,79,79,19,80,80,87,21,0],"gold":92,"neow_bonus":"TWO_FIFTY_GOLD","is_prod":false,"is_daily":false,"chose_seed":false,"campfire_upgraded":6,"win_rate":0,"timestamp":1545593645,"path_taken":["M","?","M","$","M","R","?","M","T","?","R","M","R","M","R","BOSS","M","?","?","M","?","R","?","$","T","?","R","M","?","M","R","BOSS","M","?","M","M","?","R","M","E","T","R","?","M","R","M","R","BOSS","R","$","E","BOSS"],"build_version":"2018-12-20","purchased_purges":2,"victory":false,"max_hp_per_floor":[75,75,75,75,75,75,75,75,75,75,75,75,75,75,75,75,80,80,80,80,80,80,80,80,80,80,80,80,80,80,80,80,80,80,80,80,80,80,80,80,80,80,80,80,80,80,80,80,80,80,80,80,87,87,87],"card_choices":[{"not_picked":["Compile Driver","BootSequence","Streamline"],"picked":"SKIP","floor":1.0},{"not_picked":["Go for the Eyes","Melter"],"picked":"Streamline","floor":3.0},{"not_picked":["Gash","Turbo"],"picked":"Cold Snap","floor":5.0},{"not_picked":["Stack","Consume","Barrage"],"picked":"SKIP","floor":8.0},{"not_picked":["Melter","Steam+1","Beam Cell"],"picked":"SKIP","floor":12.0},{"not_picked":["Gash","Genetic Algorithm+1","Go for the Eyes"],"picked":"SKIP","floor":14.0},{"not_picked":["Hologram+1","White Noise+1"],"picked":"Cold Snap","floor":18.0},{"not_picked":["Beam Cell","Aggregate+1"],"picked":"Chill+1","floor":20.0},{"not_picked":["Cold Snap","Reprogram+1"],"picked":"Glacier+1","floor":21.0},{"not_picked":["Hyperbeam","Go for the Eyes","Streamline"],"picked":"SKIP","floor":29.0},{"not_picked":["Rebound","Sweeping Beam+1"],"picked":"Cold Snap+1","floor":30.0},{"not_picked":["Turbo+1","Machine Learning"],"picked":"Cold Snap+1","floor":31.0},{"not_picked":["Electrodynamics","All For One"],"picked":"Buffer","floor":33.0},{"not_picked":["Streamline","Reprogram+1","Turbo+1"],"picked":"SKIP","floor":35.0},{"not_picked":["Barrage","Turbo+1"],"picked":"Capacitor+1","floor":37.0},{"not_picked":["Gash","Steam+1"],"picked":"Coolheaded+1","floor":38.0},{"not_picked":["Go for the Eyes+1","Doom and Gloom+1","Barrage+1"],"picked":"SKIP","floor":41.0},{"not_picked":["Stack+1","Leap+1","Beam Cell+1"],"picked":"SKIP","floor":42.0},{"not_picked":["Leap+1","Storm","Reinforced Body+1"],"picked":"SKIP","floor":46.0},{"not_picked":["Auto Shields+1","Stack+1","Beam Cell"],"picked":"SKIP","floor":48.0},{"not_picked":["Tempest+1","Beam Cell+1","Multi-Cast+1"],"picked":"SKIP","floor":54.0},{"not_picked":["Tempest+1","Beam Cell+1","Multi-Cast+1"],"picked":"SKIP","floor":54.0}],"player_experience":345970,"relics_obtained":[{"floor":9.0,"key":"Toxic Egg 2"},{"floor":10.0,"key":"Tiny Chest"},{"floor":22.0,"key":"Orichalcum"},{"floor":26.0,"key":"Juzu Bracelet"},{"floor":30.0,"key":"Nunchaku"},{"floor":30.0,"key":"Mercury Hourglass"},{"floor":42.0,"key":"War Paint"},{"floor":54.0,"key":"Centennial Puzzle"}],"event_choices":[{"cards_removed":["Strike_B"],"damage_healed":0.0,"max_hp_gain":0.0,"max_hp_loss":0.0,"gold_gain":0.0,"event_name":"Golden Wing","player_choice":"Card Removal","floor":2.0,"gold_loss":0.0,"damage_taken":7.0},{"damage_healed":0.0,"max_hp_gain":0.0,"max_hp_loss":0.0,"gold_gain":0.0,"event_name":"Liars Game","player_choice":"Ignored","floor":7.0,"gold_loss":0.0,"damage_taken":0.0},{"damage_healed":0.0,"max_hp_gain":0.0,"max_hp_loss":0.0,"gold_gain":100.0,"event_name":"Golden Shrine","player_choice":"Pray","floor":19.0,"gold_loss":0.0,"damage_taken":0.0},{"cards_removed":["Defend_B"],"damage_healed":0.0,"max_hp_gain":0.0,"max_hp_loss":0.0,"gold_gain":0.0,"event_name":"Back to Basics","player_choice":"Elegance","floor":24.0,"gold_loss":0.0,"damage_taken":0.0},{"cards_removed":["Defend_B"],"damage_healed":0.0,"max_hp_gain":0.0,"max_hp_loss":0.0,"gold_gain":0.0,"event_name":"Designer","player_choice":"Upgrade and Remove","floor":27.0,"gold_loss":90.0,"damage_taken":0.0,"cards_upgraded":["Dualcast"]},{"damage_healed":0.0,"max_hp_gain":0.0,"max_hp_loss":0.0,"gold_gain":0.0,"event_name":"Colosseum","player_choice":"Fight","floor":30.0,"gold_loss":0.0,"damage_taken":0.0},{"damage_healed":0.0,"max_hp_gain":0.0,"max_hp_loss":0.0,"gold_gain":0.0,"event_name":"Colosseum","player_choice":"Fought Nobs","floor":30.0,"gold_loss":0.0,"damage_taken":0.0},{"damage_healed":0.0,"max_hp_gain":0.0,"max_hp_loss":0.0,"gold_gain":0.0,"event_name":"Accursed Blacksmith","player_choice":"Forge","floor":36.0,"gold_loss":0.0,"damage_taken":0.0,"cards_upgraded":["Buffer"]},{"cards_removed":["Coolheaded"],"damage_healed":0.0,"max_hp_gain":0.0,"max_hp_loss":0.0,"gold_gain":0.0,"event_name":"Falling","player_choice":"Removed Skill","floor":39.0,"gold_loss":0.0,"damage_taken":0.0},{"damage_healed":0.0,"max_hp_gain":0.0,"max_hp_loss":0.0,"gold_gain":0.0,"event_name":"Lab","player_choice":"Got Potions","floor":45.0,"gold_loss":0.0,"damage_taken":0.0}],"is_beta":false,"boss_relics":[{"not_picked":["Lizard Tail","Velvet Choker"],"picked":"Tiny House"},{"not_picked":["White Beast Statue","Snecko Eye"],"picked":"Sozu"}],"items_purged_floors":[4,25],"is_endless":false,"potions_floor_spawned":[8,12,16,18,20,21,33,35,38,46,48,54],"killed_by":"The Heart","ascension_level":0}