{"gold_per_floor":[109,119,119,133,151,178,178,192,219,232,232,292,322,336,336,438,438,450,469,482,407,417,417,427,427,454,488,504,504,504,141,141,236,236,249,101,120,140,0,28,28,59,111,111,62,74,74,87,87,87],"floor_reached":51,"playtime":11077,"items_purged":["Bash","Demon Form+1"],"score":766,"play_id":"03925c7e-bc1f-4f16-869a-437f780e7cc0","local_time":"20190221123317","is_ascension_mode":false,"campfire_choices":[{"data":"Demon Form","floor":7,"key":"SMITH"},{"data":"Armaments","floor":11,"key":"SMITH"},{"data":"Offering","floor":15,"key":"SMITH"},{"data":"True Grit","floor":23,"key":"SMITH"},{"data":"Disarm","floor":25,"key":"SMITH"},{"data":"Demon Form","floor":29,"key":"SMITH"},{"data":"Dark Embrace","floor":32,"key":"SMITH"},{"data":"Limit Break","floor":44,"key":"SMITH"},{"data":"Body Slam","floor":47,"key":"SMITH"},{"data":"Disarm","floor":49,"key":"SMITH"}],"neow_cost":"PERCENT_DAMAGE","seed_source_timestamp":5607372688976,"circlet_count":0,"master_deck":["Demon Form+1","Shrug It Off","Pummel","Iron Wave","Armaments+1","Flex+1","Shrug It Off+1","Warcry","Headbutt","Dark Embrace+1","Offering+1","Body Slam+1","Reaper","Sword Boomerang","Immolate","Clash","Cleave","Second Wind","Disarm+1","Heavy Blade+1","True Grit+1","Disarm+1","Feel No Pain+1","Disarm","Limit Break+1","Body Slam+1","Second Wind","Disarm+1"],"relics":["Burning Blood","Lantern","Strawberry","Art of War","Ancient Tea Set","Pandora\u0027s Box","Bronze Scales","Self Forming Clay","Vajra","War Paint","Runic Pyramid","Red Mask","Anchor","Molten Egg 2","Oddly Smooth Stone"],"potions_floor_usage":[10,12,19,20,24,24,24,38,42,46,46,50,50,50],"damage_taken":[{"damage":5,"enemies":"Cultist","floor":1,"turns":4},{"damage":0,"enemies":"2 Louse","floor":2,"turns":5},{"damage":0,"enemies":"Small Slimes","floor":4,"turns":4},{"damage":7,"enemies":"3 Louse","floor":5,"turns":4},{"damage":17,"enemies":"3 Sentries","floor":6,"turns":7},{"damage":0,"enemies":"Large Slime","floor":8,"turns":7},{"damage":4,"enemies":"Lots of Slimes","floor":10,"turns":6},{"damage":26,"enemies":"Lagavulin Event","floor":12,"turns":5},{"damage":8,"enemies":"Gremlin Nob","floor":13,"turns":3},{"damage":1,"enemies":"3 Louse","floor":14,"turns":4},{"damage":31,"enemies":"Slime Boss","floor":16,"turns":5},{"damage":26,"enemies":"2 Thieves","floor":18,"turns":3},{"damage":11,"enemies":"Chosen","floor":19,"turns":4},{"damage":23,"enemies":"Sentry and Sphere","floor":20,"turns":5},{"damage":27,"enemies":"Centurion and Healer","floor":22,"turns":6},{"damage":18,"enemies":"3 Cultists","floor":24,"turns":4},{"damage":30,"enemies":"Slavers","floor":27,"turns":6},{"damage":8,"enemies":"Chosen and Byrds","floor":28,"turns":4},{"damage":45,"enemies":"Automaton","floor":33,"turns":6},{"damage":37,"enemies":"3 Darklings","floor":35,"turns":4},{"damage":26,"enemies":"Orb Walker","floor":37,"turns":5},{"damage":29,"enemies":"Jaw Worm Horde","floor":38,"turns":5},{"damage":6,"enemies":"Giant Head","floor":40,"turns":6},{"damage":41,"enemies":"Reptomancer","floor":42,"turns":9},{"damage":36,"enemies":"Spire Growth","floor":46,"turns":7},{"damage":5,"enemies":"Sphere and 2 Shapes","floor":48,"turns":4},{"damage":31,"enemies":"Donu and Deca","floor":50,"turns":8}],"seed_played":"-3336013558385227065","potions_obtained":[{"floor":2,"key":"FearPotion"},{"floor":4,"key":"Strength Potion"},{"floor":6,"key":"FearPotion"},{"floor":8,"key":"Block Potion"},{"floor":12,"key":"Energy Potion"},{"floor":16,"key":"Explosive Potion"},{"floor":20,"key":"FearPotion"},{"floor":22,"key":"Energy Potion"},{"floor":28,"key":"Explosive Potion"},{"floor":38,"key":"Fire Potion"},{"floor":40,"key":"Energy Potion"},{"floor":46,"key":"PowerPotion"},{"floor":48,"key":"LiquidBronze"}],"is_trial":false,"path_per_floor":["M","M","?","M","M","E","R","M","T","M","R","?","E","M","R","B",null,"M","M","M","?","M","R","M","R","T","E","M","R","?","$","R","B",null,"M","$","M","M","?","E","?","E","T","R","$","M","R","M","R","B",null],"character_chosen":"IRONCLAD","items_purchased":["Vajra","War Paint","PowerPotion","PowerPotion"],"campfire_rested":0,"item_purchase_floors":[31,31,36,45],"current_hp_per_floor":[57,63,63,69,68,57,57,63,70,72,72,52,50,55,55,30,87,83,78,71,71,67,67,68,68,68,71,69,69,69,69,69,30,87,56,56,59,61,61,87,87,87,87,87,87,77,77,87,87,73],"gold":87,"neow_bonus":"THREE_RARE_CARDS","is_prod":false,"is_daily":false,"chose_seed":false,"campfire_upgraded":10,"win_rate":0,"timestamp":1550752397,"path_taken":["M","M","?","M","M","E","R","?","T","M","R","?","E","M","R","BOSS","M","M","M","?","M","R","M","R","T","E","M","R","?","$","R","BOSS","M","$","M","M","?","E","?","E","T","R","$","?","R","M","R","BOSS"],"build_version":"2019-01-23","purchased_purges":2,"victory":true,"max_hp_per_floor":[80,80,80,80,80,80,80,80,87,87,87,87,87,87,87,87,87,87,87,87,87,87,87,87,87,87,87,87,87,87,87,87,87,87,87,87,87,87,87,87,87,87,87,87,87,87,87,87,87,87],"card_choices":[{"not_picked":["Juggernaut","Dark Embrace"],"picked":"Demon Form","floor":0},{"not_picked":["True Grit","Headbutt"],"picked":"Shrug It Off","floor":1},{"not_picked":["Bloodletting","Evolve"],"picked":"Pummel","floor":2},{"not_picked":["Sever Soul","Cleave"],"picked":"Armaments","floor":4},{"not_picked":["Uppercut","Dual Wield"],"picked":"Flex","floor":5},{"not_picked":["Headbutt","Iron Wave"],"picked":"Shrug It Off","floor":6},{"not_picked":["Pommel Strike","Inflame"],"picked":"Warcry","floor":8},{"not_picked":["Ghostly Armor","Clash"],"picked":"Headbutt","floor":10},{"not_picked":["Headbutt","Entrench"],"picked":"Dark Embrace","floor":12},{"not_picked":["Ghostly Armor","Anger"],"picked":"Offering","floor":13},{"not_picked":["Flex","Pommel Strike"],"picked":"Body Slam","floor":14},{"not_picked":["Double Tap","Immolate"],"picked":"Reaper","floor":16},{"not_picked":["Uppercut","Shrug It Off","Wild Strike"],"picked":"SKIP","floor":18},{"not_picked":["Combust","Clothesline+1"],"picked":"Disarm+1","floor":19},{"not_picked":["Pommel Strike","Thunderclap+1"],"picked":"Heavy Blade+1","floor":20},{"not_picked":["Searing Blow","Flex"],"picked":"True Grit","floor":22},{"not_picked":["Clothesline","Rampage"],"picked":"Disarm","floor":24},{"not_picked":["Seeing Red","Fire Breathing"],"picked":"Feel No Pain+1","floor":27},{"not_picked":["Dropkick","Thunderclap","Armaments"],"picked":"SKIP","floor":28},{"not_picked":["Demon Form","Fiend Fire"],"picked":"Limit Break","floor":33},{"not_picked":["Wild Strike+1","Sentinel+1"],"picked":"Body Slam+1","floor":35},{"not_picked":["Shrug It Off+1","Heavy Blade","Clothesline+1"],"picked":"SKIP","floor":37},{"not_picked":["Anger","True Grit+1","Shrug It Off+1"],"picked":"SKIP","floor":38},{"not_picked":["Pommel Strike","Hemokinesis+1","Twin Strike+1"],"picked":"SKIP","floor":40},{"not_picked":["Perfected Strike","Berserk","Entrench+1"],"picked":"SKIP","floor":42},{"not_picked":["Carnage+1","Anger+1","Body Slam+1"],"picked":"SKIP","floor":46},{"not_picked":["Infernal Blade","Body Slam+1"],"picked":"Disarm","floor":48}],"player_experience":389851,"relics_obtained":[{"floor":6,"key":"Lantern"},{"floor":9,"key":"Strawberry"},{"floor":12,"key":"Art of War"},{"floor":13,"key":"Ancient Tea Set"},{"floor":26,"key":"Bronze Scales"},{"floor":27,"key":"Self Forming Clay"},{"floor":40,"key":"Anchor"},{"floor":42,"key":"Molten Egg 2"},{"floor":43,"key":"Oddly Smooth Stone"}],"event_choices":[{"cards_removed":["Strike_R"],"damage_healed":0,"gold_gain":0,"player_choice":"Took Card","damage_taken":0,"max_hp_gain":0,"max_hp_loss":0,"event_name":"NoteForYourself","floor":3,"gold_loss":0,"cards_obtained":["Iron Wave"]},{"damage_healed":0,"gold_gain":0,"player_choice":"Searched \u00271\u0027 times","damage_taken":0,"max_hp_gain":0,"max_hp_loss":0,"event_name":"Dead Adventurer","floor":12,"gold_loss":0},{"cards_removed":["Perfected Strike"],"damage_healed":0,"gold_gain":0,"player_choice":"Gave Gold","damage_taken":0,"max_hp_gain":0,"max_hp_loss":0,"event_name":"Beggar","floor":21,"gold_loss":75},{"damage_healed":0,"gold_gain":0,"player_choice":"Read","damage_taken":0,"max_hp_gain":0,"max_hp_loss":0,"event_name":"The Library","floor":30,"gold_loss":0,"cards_obtained":["Disarm"]},{"damage_healed":0,"gold_gain":0,"player_choice":"Paid","damage_taken":0,"relics_obtained":["Red Mask"],"max_hp_gain":0,"max_hp_loss":0,"event_name":"Tomb of Lord Red Mask","floor":39,"gold_loss":140},{"damage_healed":0,"gold_gain":0,"cards_transformed":["Cleave"],"player_choice":"Transformed","damage_taken":0,"max_hp_gain":0,"max_hp_loss":0,"event_name":"Transmorgrifier","floor":41,"gold_loss":0,"cards_obtained":["Second Wind"]}],"is_beta":false,"boss_relics":[{"not_picked":["Coffee Dripper","Snecko Eye"],"picked":"Pandora\u0027s Box"},{"not_picked":["Black Star","Cursed Key"],"picked":"Runic Pyramid"}],"items_purged_floors":[31,36],"is_endless":false,"potions_floor_spawned":[2,4,6,8,12,16,20,22,28,38,40,46,48],"ascension_level":0}