{"path_per_floor":["M","M","M","$","T","R","E","R","T","M","M","R","M","M","R","B",null,"M","?","?","$","?","M","M","?","T","R","M","R","M","$","R","B",null,"M","T","M","$","M","R","?","E","T","M","T","?","M","M","R"],"character_chosen":"THE_SILENT","items_purchased":["Bandage Up","Infinite Blades","Vajra","Dramatic Entrance","Infinite Blades","Bandage Up","Catalyst","Infinite Blades"],"gold_per_floor":[117,127,146,58,128,128,189,189,189,205,220,220,232,250,250,355,355,373,373,401,110,35,45,60,60,130,130,142,142,153,17,17,116,146,156,156,173,63,79,79,130,163,163,182,182,182,199,216,216,216],"floor_reached":50,"campfire_rested":2,"playtime":2957,"current_hp_per_floor":[70,65,60,60,60,60,38,59,59,65,63,63,67,67,67,50,70,62,62,59,59,59,65,60,60,60,60,68,68,60,60,60,24,75,70,70,62,62,53,53,42,34,34,52,52,47,47,37,59,0],"items_purged":[],"gold":216,"score":501,"play_id":"176d1007-2e23-4b22-83e2-6ec016621574","local_time":"20180411205119","is_prod":false,"is_daily":false,"chose_seed":false,"is_ascension_mode":false,"campfire_upgraded":7,"timestamp":1523443879,"path_taken":["M","M","M","?","?","R","E","R","T","?","M","R","M","?","R","BOSS","M","?","?","$","?","M","M","?","T","R","M","R","M","?","R","BOSS","M","?","M","$","M","R","?","E","T","M","?","?","?","M","R","BOSS"],"build_version":"2018-04-10","seed_source_timestamp":180655887751525,"purchased_purges":0,"victory":false,"master_deck":["Defend_G+1","Defend_G+1","Defend_G+1","Defend_G+1","Strike_G+1","Strike_G+1","Strike_G+1","Strike_G+1","Strike_G+1","Survivor","Neutralize","Bane","Dagger Throw","Dagger Spray","Bandage Up+1","Sucker Punch+1","Poisoned Stab","Outmaneuver","Deadly Poison","Acrobatics+1","Adrenaline+1","Endless Agony+1","Deadly Poison","Infinite Blades+1","Dramatic Entrance+1","Heel Hook","Sucker Punch+1","PiercingWail+1","Crippling Poison+1","Infinite Blades+1","Bandage Up","Corpse Explosion+1","Noxious Fumes","Bane+1","Accuracy","Catalyst","Infinite Blades+1","Slice+1","Cloak And Dagger+1","Backstab+1","Dagger Throw+1","Bandage Up","Mind Blast","Deadly Poison+1","Choke+1"],"max_hp_per_floor":[70,70,70,70,70,70,70,70,70,70,70,70,70,70,70,70,70,70,70,70,70,70,70,70,70,70,70,70,70,70,70,70,70,75,75,75,75,75,75,75,75,75,75,75,75,75,75,75,75,75],"relics":["Ring of the Snake","Bag of Marbles","Meat on the Bone","Tiny Chest","Bird Faced Urn","Sozu","Red Mask","Vajra","Dodecahedron","Tiny House","Ornamental Fan","Sundial","Paper Crane","Ice Cream","Frozen Egg 2"],"card_choices":[{"not_picked":["Cloak And Dagger","Prepared"],"picked":"Bane","floor":1},{"not_picked":["Deflect","Dodge and Roll"],"picked":"Dagger Throw","floor":2},{"not_picked":["Backflip","Quick Slash"],"picked":"Dagger Spray","floor":3},{"not_picked":["Night Terror","Prepared"],"picked":"Sucker Punch","floor":7},{"not_picked":["Outmaneuver","Dodge and Roll"],"picked":"Poisoned Stab","floor":10},{"not_picked":["Underhanded Strike","Dodge and Roll"],"picked":"Outmaneuver","floor":11},{"not_picked":["Crippling Poison","Expertise"],"picked":"Deadly Poison","floor":13},{"not_picked":["Flying Knee","Heel Hook"],"picked":"Acrobatics","floor":14},{"not_picked":["Bullet Time","A Thousand Cuts"],"picked":"Adrenaline","floor":16},{"not_picked":["Bouncing Flask","Dagger Spray"],"picked":"Endless Agony","floor":18},{"not_picked":["Flying Knee","Quick Slash"],"picked":"Deadly Poison","floor":20},{"not_picked":["Skewer","Caltrops"],"picked":"Heel Hook","floor":23},{"not_picked":["Dagger Throw","Riddle With Holes"],"picked":"Sucker Punch","floor":24},{"not_picked":["Dodge and Roll","Underhanded Strike"],"picked":"PiercingWail","floor":28},{"not_picked":["Finisher","Catalyst"],"picked":"Crippling Poison","floor":30},{"not_picked":["Night Terror","Die Die Die"],"picked":"Corpse Explosion","floor":33},{"not_picked":["Deadly Poison","Accuracy"],"picked":"Noxious Fumes","floor":34},{"not_picked":["Backflip","Terror"],"picked":"Bane","floor":35},{"not_picked":["Slice","Choke"],"picked":"Accuracy","floor":37},{"not_picked":["Bane","Outmaneuver"],"picked":"Slice","floor":39},{"not_picked":["Well Laid Plans","Prepared"],"picked":"Cloak And Dagger","floor":41},{"not_picked":["Masterful Stab","Flying Knee"],"picked":"Backstab","floor":42},{"not_picked":["Escape Plan","PiercingWail"],"picked":"Dagger Throw","floor":44},{"not_picked":["Enlightenment","Trip"],"picked":"Bandage Up","floor":46},{"not_picked":["Dark Shackles","Purity"],"picked":"Mind Blast","floor":46},{"not_picked":["Quick Slash","Dodge and Roll"],"picked":"Deadly Poison","floor":47},{"not_picked":["Underhanded Strike","Sucker Punch"],"picked":"Choke","floor":48}],"player_experience":109720,"potions_floor_usage":[16,16,16,33],"damage_taken":[{"damage":0,"enemies":"Cultist","floor":1,"turns":4},{"damage":5,"enemies":"Jaw Worm","floor":2,"turns":6},{"damage":5,"enemies":"Small Slimes","floor":3,"turns":3},{"damage":28,"enemies":"3 Sentries","floor":7,"turns":11},{"damage":0,"enemies":"Exordium Wildlife","floor":10,"turns":3},{"damage":7,"enemies":"Large Slime","floor":11,"turns":5},{"damage":2,"enemies":"Looter","floor":13,"turns":2},{"damage":0,"enemies":"Gremlin Gang","floor":14,"turns":1},{"damage":32,"enemies":"Hexaghost","floor":16,"turns":11},{"damage":11,"enemies":"Shell Parasite","floor":18,"turns":5},{"damage":9,"enemies":"Masked Bandits","floor":20,"turns":4},{"damage":2,"enemies":"Chosen","floor":23,"turns":3},{"damage":12,"enemies":"Snake Plant","floor":24,"turns":4},{"damage":0,"enemies":"Snecko","floor":28,"turns":2},{"damage":16,"enemies":"Centurion and Healer","floor":30,"turns":5},{"damage":62,"enemies":"Automaton","floor":33,"turns":9},{"damage":5,"enemies":"Orb Walker","floor":35,"turns":3},{"damage":12,"enemies":"Flame Bruiser 1 Orb","floor":37,"turns":4},{"damage":19,"enemies":"3 Darklings","floor":39,"turns":4},{"damage":29,"enemies":"Mysterious Sphere","floor":41,"turns":4},{"damage":38,"enemies":"Nemesis","floor":42,"turns":7},{"damage":2,"enemies":"Maw","floor":44,"turns":7},{"damage":24,"enemies":"4 Shapes","floor":47,"turns":3},{"damage":34,"enemies":"Sphere and 2 Shapes","floor":48,"turns":3},{"damage":90,"enemies":"Time Eater","floor":50,"turns":10}],"event_choices":[{"event_name":"Upgrade Shrine","player_choice":"Upgraded","floor":19,"damage_taken":0},{"event_name":"Masked Bandits","player_choice":"Fought over 373 gold","floor":20,"damage_taken":0},{"event_name":"Beggar","player_choice":"Gave Gold","floor":22,"damage_taken":0},{"event_name":"Back to Basics","player_choice":"Simplicity","floor":25,"damage_taken":0},{"event_name":"Mysterious Sphere","player_choice":"Fight","floor":41,"damage_taken":0},{"event_name":"SensoryStone","player_choice":"Memory 2","floor":46,"damage_taken":0}],"boss_relics":[{"not_picked":["Lizard Tail","Pandora\u0027s Box"],"picked":"Sozu"},{"not_picked":["Orrery","Velvet Choker"],"picked":"Tiny House"}],"potions_floor_spawned":[2,13,14,16,20,28,37,39,41],"seed_played":"3681085441727255732","killed_by":"Time Eater","ascension_level":0,"is_trial":false}