{"gold_per_floor":[114,114,15,28,39,39,39,55,55,55,75,108,183,194,194,289,289,303,316,316,129,129,129],"floor_reached":23,"playtime":1421,"items_purged":["Strike_B","Strike_B"],"score":239,"play_id":"837b6dc1-3262-40d6-974e-2a7958c27698","local_time":"20181111022731","is_ascension_mode":true,"campfire_choices":[{"data":"Hologram","floor":6,"key":"SMITH"},{"floor":15,"key":"REST"}],"neow_cost":"NONE","seed_source_timestamp":2655939173219735,"circlet_count":0,"master_deck":["Strike_B","Defend_B","Defend_B","Defend_B","Zap","Blind","Gash","Cold Snap","Hologram+1","Hologram","Go for the Eyes","Rebound","Steam","Cold Snap","Seek","Skim","Rebound","White Noise","Hologram"],"relics":["Cracked Core","FossilizedHelix","Eternal Feather"],"potions_floor_usage":[16,16,18],"damage_taken":[{"damage":0,"enemies":"Jaw Worm","floor":1,"turns":3},{"damage":0,"enemies":"Cultist","floor":4,"turns":4},{"damage":0,"enemies":"2 Louse","floor":5,"turns":3},{"damage":1,"enemies":"Blue Slaver","floor":8,"turns":4},{"damage":25,"enemies":"Exordium Thugs","floor":11,"turns":6},{"damage":5,"enemies":"Lagavulin","floor":12,"turns":5},{"damage":0,"enemies":"2 Fungi Beasts","floor":14,"turns":3},{"damage":3,"enemies":"The Guardian","floor":16,"turns":10},{"damage":7,"enemies":"2 Thieves","floor":18,"turns":5},{"damage":11,"enemies":"Spheric Guardian","floor":19,"turns":4},{"damage":46,"enemies":"Slavers","floor":23,"turns":5}],"seed_played":"4360888750703551882","potions_obtained":[{"floor":1,"key":"Ancient Potion"},{"floor":4,"key":"Ancient Potion"},{"floor":10,"key":"FearPotion"},{"floor":10,"key":"Explosive Potion"},{"floor":10,"key":"FocusPotion"},{"floor":12,"key":"PowerPotion"},{"floor":19,"key":"SteroidPotion"}],"is_trial":false,"path_per_floor":["M","?","$","M","M","R","?","M","T","?","M","E","?","M","R","B",null,"M","M","?","$","?","E"],"character_chosen":"DEFECT","items_purchased":["Cold Snap","White Noise","Hologram"],"campfire_rested":1,"item_purchase_floors":[3,21,21],"current_hp_per_floor":[75,75,75,75,75,75,75,74,74,74,49,44,33,33,55,52,69,62,51,51,51,37,0],"gold":129,"neow_bonus":"RANDOM_COLORLESS","is_prod":false,"is_daily":false,"chose_seed":false,"campfire_upgraded":1,"win_rate":0,"timestamp":1541899651,"path_taken":["M","?","$","M","?","R","?","M","T","?","?","E","?","M","R","BOSS","M","M","?","$","?","E"],"build_version":"2018-11-08","purchased_purges":2,"victory":false,"max_hp_per_floor":[75,75,75,75,75,75,75,75,75,75,75,75,75,75,75,75,75,75,75,75,75,80,80],"card_choices":[{"not_picked":["Rebound","Stack"],"picked":"Gash","floor":1},{"not_picked":["Chaos","Loop"],"picked":"Hologram","floor":4},{"not_picked":["Conserve Battery","Double Energy"],"picked":"Hologram","floor":5},{"not_picked":["Leap","Streamline"],"picked":"Go for the Eyes","floor":8},{"not_picked":["Loop","Defragment"],"picked":"Rebound","floor":11},{"not_picked":["Compile Driver","Chaos"],"picked":"Steam","floor":12},{"not_picked":["Undo","Thunder Strike"],"picked":"Cold Snap","floor":14},{"not_picked":["Biased Cognition","Core Surge"],"picked":"Seek","floor":16},{"not_picked":["Auto Shields","Rebound"],"picked":"Skim","floor":18},{"not_picked":["Storm","Sweeping Beam"],"picked":"Rebound","floor":19}],"player_experience":304473,"relics_obtained":[{"floor":12,"key":"FossilizedHelix"}],"event_choices":[{"cards_removed":["Dualcast"],"damage_healed":0,"gold_gain":0,"player_choice":"Offered Basic","damage_taken":0,"max_hp_gain":0,"max_hp_loss":0,"event_name":"Bonfire Elementals","floor":2,"gold_loss":0},{"cards_removed":["Strike_B"],"damage_healed":0,"gold_gain":0,"player_choice":"Forget","damage_taken":0,"max_hp_gain":0,"max_hp_loss":0,"event_name":"Living Wall","floor":7,"gold_loss":0},{"damage_healed":0,"gold_gain":0,"player_choice":"Got Potions","damage_taken":0,"max_hp_gain":0,"max_hp_loss":0,"event_name":"Lab","floor":10,"gold_loss":0},{"damage_healed":0,"gold_gain":75,"player_choice":"Gather Gold","damage_taken":11,"max_hp_gain":0,"max_hp_loss":0,"event_name":"World of Goop","floor":13,"gold_loss":0},{"cards_removed":["Defend_B"],"damage_healed":0,"gold_gain":0,"player_choice":"Elegance","damage_taken":0,"max_hp_gain":0,"max_hp_loss":0,"event_name":"Back to Basics","floor":20,"gold_loss":0},{"damage_healed":0,"gold_gain":0,"player_choice":"Shed Blood","damage_taken":19,"max_hp_gain":5,"max_hp_loss":0,"event_name":"Forgotten Altar","floor":22,"gold_loss":0}],"is_beta":true,"boss_relics":[{"not_picked":["FrozenCore","Snecko Eye"],"picked":"Eternal Feather"}],"items_purged_floors":[3,21],"is_endless":false,"potions_floor_spawned":[1,4,12,19],"killed_by":"Slavers","ascension_level":5}