{"path_per_floor":["M","?","M","?","?","R","E","M","T","R","E","R","$","$","R"],"character_chosen":"DEFECT","items_purchased":["Toxic Egg 2"],"gold_per_floor":[112,112,123,198,198,198,227,244,244,244,274,274,274,32,32,32],"floor_reached":16,"campfire_rested":1,"playtime":693,"item_purchase_floors":[14],"current_hp_per_floor":[68,68,68,57,50,50,50,50,50,50,38,75,75,75,75,0],"items_purged":[],"gold":32,"score":203,"play_id":"50339bc9-36b2-47a4-9295-408558980e4d","local_time":"20180602232750","is_prod":false,"is_daily":false,"chose_seed":false,"is_ascension_mode":true,"campfire_upgraded":3,"win_rate":0,"timestamp":1527974870,"campfire_choices":[{"data":"Zap","floor":6,"key":"SMITH"},{"data":"Chaos","floor":10,"key":"SMITH"},{"floor":12,"key":"REST"},{"data":"Coolheaded","floor":15,"key":"SMITH"}],"path_taken":["M","?","M","?","?","R","E","M","T","R","E","R","?","$","R","BOSS"],"build_version":"2018-05-31","seed_source_timestamp":142376903051281,"purchased_purges":0,"victory":false,"master_deck":["Strike_B","Strike_B","Strike_B","Defend_B","Defend_B","Defend_B","Defend_B","Zap+1","Dualcast","AscendersBane","Conserve Battery","Self Repair","Coolheaded+1","Chaos+1","Glacier"],"max_hp_per_floor":[75,75,75,75,75,75,75,75,75,75,75,75,75,75,75,75],"relics":["Cracked Core","NeowsBlessing","Symbiotic Virus","Matryoshka","Regal Pillow","Toxic Egg 2"],"card_choices":[{"not_picked":["Beam Cell","Sweeping Beam"],"picked":"Conserve Battery","floor":1},{"not_picked":["Steam","Streamline"],"picked":"Self Repair","floor":3},{"not_picked":["Rainbow","Chill"],"picked":"Coolheaded","floor":7},{"not_picked":["Streamline","Redo"],"picked":"Chaos","floor":8},{"not_picked":["Barrage","White Noise"],"picked":"Glacier","floor":11}],"player_experience":599051,"potions_floor_usage":[],"damage_taken":[{"damage":0,"enemies":"Small Slimes","floor":1,"turns":1},{"damage":0,"enemies":"Jaw Worm","floor":3,"turns":1},{"damage":0,"enemies":"Lagavulin","floor":7,"turns":1},{"damage":0,"enemies":"2 Louse","floor":8,"turns":1},{"damage":19,"enemies":"3 Sentries","floor":11,"turns":8},{"damage":79,"enemies":"Hexaghost","floor":16,"turns":14}],"relics_obtained":[{"floor":7,"key":"Symbiotic Virus"},{"floor":9,"key":"Matryoshka"},{"floor":11,"key":"Regal Pillow"}],"event_choices":[{"event_name":"Scrap Ooze","player_choice":"unsuccessful","floor":2,"damage_taken":0},{"event_name":"World of Goop","player_choice":"Gather Gold","floor":4,"damage_taken":0},{"event_name":"Golden Wing","player_choice":"Card Removal","floor":5,"damage_taken":0}],"boss_relics":[],"items_purged_floors":[],"potions_floor_spawned":[],"seed_played":"4763587960315854863","killed_by":"Hexaghost","ascension_level":11,"potions_obtained":[],"is_trial":false}