{"gold_per_floor":[109,109,109,109,121,121,139,159,159,159,84,84,100,129,129,231,231,244,244,260,271,271,271,30,30,30,65,84,104,104,124,124,124],"floor_reached":33,"playtime":1395,"items_purged":["Defend_B"],"score":347,"play_id":"7d14182b-e5c0-4cfb-939a-b55773b8f616","local_time":"20190308005856","is_ascension_mode":true,"campfire_choices":[{"data":"White Noise","floor":6,"key":"SMITH"},{"data":"Dualcast","floor":10,"key":"SMITH"},{"data":"Leap","floor":12,"key":"SMITH"},{"data":"Ball Lightning","floor":15,"key":"SMITH"},{"data":"Go for the Eyes","floor":23,"key":"SMITH"},{"data":"Electrodynamics","floor":25,"key":"SMITH"},{"floor":30,"key":"REST"},{"floor":32,"key":"REST"}],"neow_cost":"NONE","seed_source_timestamp":45429322768319,"circlet_count":0,"master_deck":["Strike_B","Strike_B","Strike_B","Defend_B","Defend_B","Defend_B","Zap+1","Dualcast+1","White Noise+1","Leap+1","BootSequence","Ball Lightning+1","Rainbow","Electrodynamics+1","Hologram+1","Go for the Eyes+1","Ball Lightning","Melter+1","Compile Driver","Self Repair+1"],"relics":["FrozenCore","Orichalcum","Mummified Hand","Question Card","Bottled Flame","Sundial"],"potions_floor_usage":[14,14,14,16,27],"damage_taken":[{"damage":0,"enemies":"Small Slimes","floor":1,"turns":3},{"damage":5,"enemies":"2 Louse","floor":5,"turns":2},{"damage":2,"enemies":"Jaw Worm","floor":7,"turns":3},{"damage":0,"enemies":"2 Fungi Beasts","floor":8,"turns":2},{"damage":3,"enemies":"Blue Slaver","floor":13,"turns":3},{"damage":4,"enemies":"Gremlin Nob","floor":14,"turns":3},{"damage":26,"enemies":"Hexaghost","floor":16,"turns":9},{"damage":5,"enemies":"2 Thieves","floor":18,"turns":3},{"damage":0,"enemies":"Shell Parasite","floor":20,"turns":7},{"damage":9,"enemies":"Snecko","floor":21,"turns":7},{"damage":14,"enemies":"Book of Stabbing","floor":27,"turns":6},{"damage":27,"enemies":"3 Cultists","floor":28,"turns":4},{"damage":0,"enemies":"Chosen and Byrds","floor":29,"turns":5},{"damage":22,"enemies":"Snecko","floor":31,"turns":4},{"damage":50,"enemies":"Champ","floor":33,"turns":10}],"seed_played":"-3078540453952631615","potions_obtained":[{"floor":1,"key":"Block Potion"},{"floor":8,"key":"Poison Potion"},{"floor":13,"key":"FocusPotion"},{"floor":14,"key":"Regen Potion"},{"floor":18,"key":"Ancient Potion"},{"floor":21,"key":"Explosive Potion"},{"floor":31,"key":"SteroidPotion"}],"is_trial":false,"path_per_floor":["M","?","?","?","M","R","M","M","T","R","$","R","M","E","R","B",null,"M","?","M","M","?","R","$","R","T","E","M","M","R","M","R","B"],"character_chosen":"DEFECT","items_purchased":["Question Card"],"campfire_rested":2,"item_purchase_floors":[24],"current_hp_per_floor":[68,73,73,73,68,68,66,66,66,66,66,66,63,59,59,48,72,67,67,67,58,58,58,58,58,58,44,17,17,41,19,43,0],"gold":124,"neow_bonus":"TRANSFORM_CARD","is_prod":false,"is_daily":false,"chose_seed":false,"campfire_upgraded":6,"win_rate":0,"timestamp":1552035536,"path_taken":["M","?","?","?","M","R","M","M","T","R","$","R","M","E","R","BOSS","M","?","M","M","?","R","$","R","T","E","M","M","R","M","R","BOSS"],"build_version":"2019-01-23","purchased_purges":1,"victory":false,"max_hp_per_floor":[75,80,80,80,80,80,80,80,80,80,80,80,80,80,80,80,80,80,80,80,80,80,80,80,80,80,80,80,80,80,80,80,80],"card_choices":[{"not_picked":["Tempest","Conserve Battery"],"picked":"Leap","floor":1},{"not_picked":["Lockon","Redo","Genetic Algorithm"],"picked":"SKIP","floor":5},{"not_picked":["Streamline","Reprogram","Auto Shields"],"picked":"SKIP","floor":7},{"not_picked":["Static Discharge","Streamline"],"picked":"BootSequence","floor":8},{"not_picked":["Blizzard","Chaos"],"picked":"Ball Lightning","floor":13},{"not_picked":["Rebound","Sweeping Beam"],"picked":"Rainbow","floor":14},{"not_picked":["Machine Learning","Biased Cognition"],"picked":"Electrodynamics","floor":16},{"not_picked":["Leap","Storm"],"picked":"Hologram+1","floor":18},{"not_picked":["Chaos","Beam Cell"],"picked":"Go for the Eyes","floor":20},{"not_picked":["Lockon","Hologram+1","White Noise"],"picked":"SKIP","floor":21},{"not_picked":["Beam Cell","Cold Snap","Sweeping Beam"],"picked":"Melter+1","floor":27},{"not_picked":["Stack","Genetic Algorithm","Heatsinks"],"picked":"Compile Driver","floor":28},{"not_picked":["Scrape","Redo","Compile Driver","Steam Power"],"picked":"SKIP","floor":29},{"not_picked":["Chaos","Auto Shields+1","Double Energy"],"picked":"Self Repair+1","floor":31}],"player_experience":364193,"relics_obtained":[{"floor":9,"key":"Orichalcum"},{"floor":14,"key":"Mummified Hand"},{"floor":26,"key":"Bottled Flame"},{"floor":27,"key":"Sundial"}],"event_choices":[{"damage_healed":0,"gold_gain":0,"player_choice":"Donut","damage_taken":0,"max_hp_gain":5,"max_hp_loss":0,"event_name":"Big Fish","floor":2,"gold_loss":0},{"damage_healed":0,"gold_gain":0,"player_choice":"Grow","damage_taken":0,"max_hp_gain":0,"max_hp_loss":0,"event_name":"Living Wall","floor":3,"gold_loss":0,"cards_upgraded":["Zap"]},{"damage_healed":0,"gold_gain":0,"player_choice":"Ignored","damage_taken":0,"max_hp_gain":0,"max_hp_loss":0,"event_name":"Shining Light","floor":4,"gold_loss":0},{"damage_healed":0,"gold_gain":0,"player_choice":"Ignored","damage_taken":0,"max_hp_gain":0,"max_hp_loss":0,"event_name":"Vampires","floor":19,"gold_loss":0},{"damage_healed":0,"gold_gain":0,"player_choice":"Read","damage_taken":0,"max_hp_gain":0,"max_hp_loss":0,"event_name":"The Library","floor":22,"gold_loss":0,"cards_obtained":["Ball Lightning"]}],"is_beta":false,"boss_relics":[{"not_picked":["Philosopher\u0027s Stone","Snecko Eye"],"picked":"FrozenCore"}],"items_purged_floors":[11],"is_endless":false,"potions_floor_spawned":[1,8,13,14,18,21,31],"killed_by":"Champ","ascension_level":6}