{"gold_per_floor":[216,216,141,416,426,442,442,9,36,70,20,20,50,102,102,179,179,191,191,209,2,14,26,8,40,40,40],"floor_reached":27,"playtime":799,"items_purged":["Regret","Defend_B"],"score":458,"play_id":"f1285ec5-c197-4524-b7d2-580dcf4dbbd0","local_time":"20181204233000","is_ascension_mode":true,"campfire_choices":[{"floor":7,"key":"REST"},{"data":"Apotheosis","floor":12,"key":"SMITH"},{"floor":15,"key":"REST"}],"neow_cost":"NONE","seed_source_timestamp":531149776449066,"circlet_count":0,"master_deck":["AscendersBane","Strike_B","Strike_B","Defend_B+1","Defend_B","Defend_B","Zap+1","Dualcast","Buffer","Apotheosis+1","Conserve Battery","Conserve Battery","Biased Cognition","Ball Lightning","Glacier","FTL","Loop","Go for the Eyes+1"],"relics":["Cracked Core","PreservedInsect","Membership Card","Orichalcum","Juzu Bracelet","Kunai","Odd Mushroom","War Paint","Sozu","Pantograph","Ornamental Fan"],"potions_floor_usage":[10,16,16],"damage_taken":[{"damage":4,"enemies":"Jaw Worm","floor":1,"turns":4},{"damage":11,"enemies":"Small Slimes","floor":5,"turns":4},{"damage":3,"enemies":"Cultist","floor":6,"turns":4},{"damage":4,"enemies":"3 Sentries","floor":10,"turns":5},{"damage":0,"enemies":"The Mushroom Lair","floor":13,"turns":4},{"damage":45,"enemies":"Hexaghost","floor":16,"turns":12},{"damage":17,"enemies":"Shell Parasite","floor":18,"turns":5},{"damage":14,"enemies":"2 Thieves","floor":20,"turns":4},{"damage":0,"enemies":"Sentry and Sphere","floor":22,"turns":7},{"damage":5,"enemies":"Centurion and Healer","floor":23,"turns":9},{"damage":14,"enemies":"Book of Stabbing","floor":25,"turns":5},{"damage":15,"enemies":"Gremlin Leader","floor":27,"turns":1}],"seed_played":"6431946609422834058","potions_obtained":[{"floor":1,"key":"FearPotion"},{"floor":6,"key":"Explosive Potion"},{"floor":13,"key":"SkillPotion"}],"is_trial":false,"path_per_floor":["M","?","?","?","M","M","R","$","T","E","$","R","?","T","R","B",null,"M","?","M","$","M","M","$","E","T","E"],"character_chosen":"DEFECT","items_purchased":["Membership Card","Apotheosis","Orichalcum","Glacier","FTL","Pantograph","Loop"],"campfire_rested":2,"item_purchase_floors":[8,8,8,21,21,21,24],"current_hp_per_floor":[60,42,42,42,31,28,49,49,49,45,45,45,45,45,66,21,59,42,42,28,28,28,23,23,9,9,0],"gold":40,"neow_bonus":"HUNDRED_GOLD","is_prod":false,"is_daily":false,"chose_seed":false,"campfire_upgraded":1,"win_rate":0,"timestamp":1543995000,"path_taken":["M","?","?","?","?","M","R","$","T","E","?","R","?","?","R","BOSS","M","?","M","$","M","M","$","E","T","E"],"build_version":"2018-11-15","purchased_purges":2,"victory":false,"max_hp_per_floor":[71,71,71,71,71,71,71,71,71,71,71,71,71,71,71,71,71,71,71,71,71,71,71,71,71,71,71],"card_choices":[{"not_picked":["Steam Power","Rebound","Chaos"],"picked":"SKIP","floor":1},{"not_picked":["Darkness","Steam","Tempest"],"picked":"SKIP","floor":5},{"not_picked":["Turbo","Coolheaded"],"picked":"Buffer","floor":6},{"not_picked":["Go for the Eyes","Beam Cell"],"picked":"Conserve Battery","floor":10},{"not_picked":["Turbo","Stack"],"picked":"Conserve Battery","floor":13},{"not_picked":["Fission","Buffer"],"picked":"Biased Cognition","floor":16},{"not_picked":["Redo","Blizzard"],"picked":"Ball Lightning","floor":18},{"not_picked":["Blizzard","Steam","Barrage"],"picked":"SKIP","floor":20},{"not_picked":["Rebound","Redo","Coolheaded"],"picked":"SKIP","floor":22},{"not_picked":["Leap","Doom and Gloom","Barrage"],"picked":"SKIP","floor":23},{"not_picked":["Creative AI","Reinforced Body"],"picked":"Go for the Eyes+1","floor":25}],"player_experience":687252,"relics_obtained":[{"floor":9,"key":"Juzu Bracelet"},{"floor":10,"key":"Kunai"},{"floor":13,"key":"Odd Mushroom"},{"floor":14,"key":"War Paint"},{"floor":25,"key":"Ornamental Fan"}],"event_choices":[{"damage_healed":0,"gold_gain":0,"player_choice":"Success","damage_taken":18,"relics_obtained":["PreservedInsect"],"max_hp_gain":0,"max_hp_loss":0,"event_name":"Scrap Ooze","floor":2,"gold_loss":0},{"cards_removed":["Strike_B"],"damage_healed":0,"gold_gain":0,"player_choice":"Card Removal","damage_taken":0,"max_hp_gain":0,"max_hp_loss":0,"event_name":"The Cleric","floor":3,"gold_loss":75},{"damage_healed":0,"gold_gain":275,"player_choice":"Desecrate","damage_taken":0,"max_hp_gain":0,"max_hp_loss":0,"event_name":"Golden Shrine","floor":4,"gold_loss":0,"cards_obtained":["Regret"]},{"damage_healed":0,"gold_gain":0,"player_choice":"Fought Mushrooms","damage_taken":0,"max_hp_gain":0,"max_hp_loss":0,"event_name":"Mushrooms","floor":13,"gold_loss":0},{"cards_removed":["Strike_B"],"damage_healed":0,"gold_gain":0,"player_choice":"Offered Basic","damage_taken":0,"max_hp_gain":0,"max_hp_loss":0,"event_name":"Bonfire Elementals","floor":19,"gold_loss":0}],"is_beta":false,"boss_relics":[{"not_picked":["Tiny House","Pandora\u0027s Box"],"picked":"Sozu"}],"items_purged_floors":[8,11],"is_endless":false,"potions_floor_spawned":[1,6,13,18,20,25],"killed_by":"Gremlin Leader","ascension_level":20}