{"gold_per_floor":[18,37,50,63,77,102,66,84,84,102,132,147,147,160,160,265,265,276,306,322,336,352,352,352],"floor_reached":24,"playtime":2073,"items_purged":[],"score":335,"play_id":"c8595e6a-ef82-49dc-840a-c4d685b2c898","local_time":"20190307184752","is_ascension_mode":true,"campfire_choices":[{"floor":15.0,"key":"REST"},{"floor":23,"key":"REST"}],"neow_cost":"NO_GOLD","seed_source_timestamp":0,"circlet_count":0,"master_deck":["AscendersBane","Defend_G","Defend_G","Defend_G","Defend_G","Defend_G","Strike_G","Strike_G","Strike_G","Strike_G","Survivor","Neutralize","Blade Dance","Well Laid Plans","Deflect","Backflip","Backflip","Slice","Footwork","Infinite Blades","Cloak And Dagger","Accuracy","Die Die Die","PiercingWail","A Thousand Cuts","Clumsy","Regret","Shame","Deflect","Cloak And Dagger+1","Tools of the Trade","Dodge and Roll"],"special_seed":0,"relics":["Ring of the Snake","Thread and Needle","Gambling Chip","Sundial","Calling Bell","Smiling Mask","Kunai","Tingsha","Red Mask"],"potions_floor_usage":[24],"damage_taken":[{"damage":0.0,"enemies":"Cultist","floor":1.0,"turns":5.0},{"damage":0.0,"enemies":"Small Slimes","floor":2.0,"turns":4.0},{"damage":1.0,"enemies":"Jaw Worm","floor":3.0,"turns":5.0},{"damage":0.0,"enemies":"Large Slime","floor":4.0,"turns":12.0},{"damage":1.0,"enemies":"Looter","floor":5.0,"turns":4.0},{"damage":56.0,"enemies":"Gremlin Nob","floor":6.0,"turns":6.0},{"damage":3.0,"enemies":"2 Fungi Beasts","floor":8.0,"turns":5.0},{"damage":0.0,"enemies":"Gremlin Gang","floor":10.0,"turns":2.0},{"damage":7.0,"enemies":"Lagavulin","floor":11.0,"turns":12.0},{"damage":0.0,"enemies":"Exordium Wildlife","floor":12.0,"turns":4.0},{"damage":0.0,"enemies":"Looter","floor":14.0,"turns":3.0},{"damage":22.0,"enemies":"The Guardian","floor":16.0,"turns":14.0},{"damage":7.0,"enemies":"Chosen","floor":18.0,"turns":7.0},{"damage":32.0,"enemies":"Masked Bandits","floor":19.0,"turns":5.0},{"damage":1.0,"enemies":"Shell Parasite","floor":20.0,"turns":7.0},{"damage":20,"enemies":"Chosen and Byrds","floor":21,"turns":6},{"damage":5,"enemies":"Snecko","floor":22,"turns":6},{"damage":28,"enemies":"3 Cultists","floor":24,"turns":4}],"seed_played":"2350828975029832291","potions_obtained":[{"floor":2.0,"key":"Energy Potion"},{"floor":5.0,"key":"Ancient Potion"},{"floor":8.0,"key":"Explosive Potion"},{"floor":16.0,"key":"SpeedPotion"},{"floor":18.0,"key":"LiquidBronze"}],"is_trial":false,"path_per_floor":["M","M","M","M","M","E","$","M","T","M","E","M","?","M","R","B",null,"M","?","M","M","M","R","M"],"character_chosen":"THE_SILENT","items_purchased":["Footwork"],"campfire_rested":2,"item_purchase_floors":[7],"current_hp_per_floor":[77,77,76,76,75,19,19,16,16,16,9,9,9,9,34,12,66,59,27,26,6,1,26,0],"gold":352,"neow_bonus":"TWENTY_PERCENT_HP_BONUS","is_prod":false,"is_daily":false,"chose_seed":false,"campfire_upgraded":0,"win_rate":0,"timestamp":1551973672,"path_taken":["M","M","M","M","M","E","$","?","T","M","E","?","?","?","R","BOSS","M","?","M","M","M","R","M"],"build_version":"2019-01-23","purchased_purges":0,"victory":false,"max_hp_per_floor":[84,84,84,84,84,84,84,84,84,84,84,84,84,84,84,84,84,84,84,84,84,84,84,84],"card_choices":[{"not_picked":["Outmaneuver","Dodge and Roll"],"picked":"Blade Dance","floor":1.0},{"not_picked":["Deadly Poison","Dagger Spray"],"picked":"Well Laid Plans","floor":2.0},{"not_picked":["Concentrate","Acrobatics"],"picked":"Deflect","floor":3.0},{"not_picked":["Prepared","Concentrate"],"picked":"Backflip","floor":4.0},{"not_picked":["Dagger Spray","Tactician"],"picked":"Backflip","floor":5.0},{"not_picked":["Dodge and Roll","Backflip"],"picked":"Slice","floor":6.0},{"not_picked":["Acrobatics","Blade Dance"],"picked":"Infinite Blades","floor":8.0},{"not_picked":["Deflect","Phantasmal Killer"],"picked":"Cloak And Dagger","floor":10.0},{"not_picked":["Dagger Spray","Prepared"],"picked":"Accuracy","floor":11.0},{"not_picked":["Deadly Poison","Underhanded Strike","Dagger Spray"],"picked":"SKIP","floor":12.0},{"not_picked":["Acrobatics","Leg Sweep"],"picked":"PiercingWail","floor":14.0},{"not_picked":["Burst","Phantasmal Killer"],"picked":"A Thousand Cuts","floor":16.0},{"not_picked":["Setup","Dagger Throw"],"picked":"Deflect","floor":18.0},{"not_picked":["Blade Dance","Catalyst+1"],"picked":"Cloak And Dagger+1","floor":19.0},{"not_picked":["PiercingWail","Dodge and Roll","Underhanded Strike+1"],"picked":"SKIP","floor":20.0},{"not_picked":["Dodge and Roll","All Out Attack"],"picked":"Tools of the Trade","floor":21},{"not_picked":["Backstab","Deadly Poison+1"],"picked":"Dodge and Roll","floor":22}],"player_experience":383772,"relics_obtained":[{"floor":6.0,"key":"Thread and Needle"},{"floor":9.0,"key":"Gambling Chip"},{"floor":11.0,"key":"Sundial"},{"floor":17.0,"key":"Smiling Mask"},{"floor":17.0,"key":"Kunai"},{"floor":17.0,"key":"Tingsha"},{"floor":19.0,"key":"Red Mask"}],"event_choices":[{"damage_healed":0.0,"max_hp_gain":0.0,"max_hp_loss":0.0,"gold_gain":0.0,"cards_transformed":["Strike_G"],"event_name":"Transmorgrifier","player_choice":"Transformed","floor":13.0,"gold_loss":0.0,"damage_taken":0.0,"cards_obtained":["Die Die Die"]},{"damage_healed":0.0,"max_hp_gain":0.0,"max_hp_loss":0.0,"gold_gain":0.0,"event_name":"Masked Bandits","player_choice":"Fought Bandits","floor":19.0,"gold_loss":0.0,"damage_taken":0.0}],"is_beta":false,"boss_relics":[{"not_picked":["Astrolabe","Busted Crown"],"picked":"Calling Bell"}],"items_purged_floors":[],"is_endless":false,"potions_floor_spawned":[2,5,8,16,18],"killed_by":"3 Cultists","ascension_level":11}