{"gold_per_floor":[117,117,117,140,159,183,221,239,239,93,93,132,132,155,155,155],"floor_reached":16,"playtime":855,"items_purged":["Defend_R"],"score":123,"play_id":"a927c518-67b6-4c70-838f-d1c1f2d7cacc","local_time":"20190125183437","is_ascension_mode":true,"campfire_choices":[{"floor":11,"key":"RECALL"},{"data":"Pommel Strike","floor":13,"key":"SMITH"},{"data":"Shrug It Off","floor":15,"key":"SMITH"}],"neow_cost":"NONE","seed_source_timestamp":137686625380121,"circlet_count":0,"master_deck":["Strike_R","Strike_R","Strike_R","Strike_R","Strike_R","Defend_R","Defend_R+1","Defend_R","Bash","Impatience","Shrug It Off+1","Cleave","Perfected Strike","Shrug It Off+1","Pommel Strike+1","Immolate","Fiend Fire","Second Wind","Wild Strike"],"relics":["Burning Blood","Golden Idol","Shuriken","Frozen Egg 2"],"potions_floor_usage":[7,16],"damage_taken":[{"damage":2,"enemies":"Jaw Worm","floor":1,"turns":3},{"damage":3,"enemies":"Small Slimes","floor":4,"turns":4},{"damage":0,"enemies":"Cultist","floor":5,"turns":3},{"damage":11,"enemies":"3 Louse","floor":6,"turns":3},{"damage":41,"enemies":"Gremlin Nob","floor":7,"turns":5},{"damage":2,"enemies":"Exordium Wildlife","floor":8,"turns":4},{"damage":27,"enemies":"Lagavulin","floor":12,"turns":7},{"damage":0,"enemies":"Blue Slaver","floor":14,"turns":4},{"damage":25,"enemies":"Hexaghost","floor":16,"turns":9}],"seed_played":"-7269029375521013018","potions_obtained":[{"floor":1,"key":"AttackPotion"},{"floor":12,"key":"Poison Potion"}],"is_trial":false,"path_per_floor":["M","?","?","M","M","M","E","M","T","$","R","E","R","M","R","B"],"character_chosen":"IRONCLAD","items_purchased":["Fiend Fire"],"campfire_rested":0,"item_purchase_floors":[10],"current_hp_per_floor":[80,64,64,67,73,68,33,37,37,37,37,16,16,22,22,0],"gold":155,"neow_bonus":"RANDOM_COLORLESS","is_prod":false,"is_daily":false,"chose_seed":false,"campfire_upgraded":2,"win_rate":0,"timestamp":1548459277,"path_taken":["M","?","?","M","M","M","E","M","T","$","R","E","R","M","R","BOSS"],"build_version":"2019-01-23","purchased_purges":1,"victory":false,"max_hp_per_floor":[80,80,74,74,74,74,74,74,74,74,74,74,74,74,74,74],"card_choices":[{"not_picked":["Searing Blow","Havoc"],"picked":"Shrug It Off","floor":1},{"not_picked":["Body Slam","Headbutt"],"picked":"Cleave","floor":4},{"not_picked":["Cleave","Wild Strike"],"picked":"Perfected Strike","floor":5},{"not_picked":["Heavy Blade","Iron Wave"],"picked":"Shrug It Off","floor":6},{"not_picked":["Havoc","Blood for Blood"],"picked":"Pommel Strike","floor":7},{"not_picked":["Wild Strike","Heavy Blade"],"picked":"Immolate","floor":8},{"not_picked":["Searing Blow","Clothesline"],"picked":"Second Wind","floor":12},{"not_picked":["Combust+1","Heavy Blade"],"picked":"Wild Strike","floor":14}],"player_experience":140424,"relics_obtained":[{"floor":7,"key":"Shuriken"},{"floor":12,"key":"Frozen Egg 2"}],"event_choices":[{"damage_healed":0,"gold_gain":0,"player_choice":"Entered Light","damage_taken":16,"max_hp_gain":0,"max_hp_loss":0,"event_name":"Shining Light","floor":2,"gold_loss":0,"cards_upgraded":["Shrug It Off","Defend_R"]},{"damage_healed":0,"gold_gain":0,"player_choice":"Lose Max HP","damage_taken":0,"relics_obtained":["Golden Idol"],"max_hp_gain":0,"max_hp_loss":6,"event_name":"Golden Idol","floor":3,"gold_loss":0}],"is_beta":false,"boss_relics":[],"items_purged_floors":[10],"is_endless":false,"potions_floor_spawned":[1,12],"killed_by":"Hexaghost","ascension_level":2}