{"gold_per_floor":[118,118,138,151,164,199,199,230,257,257,269,281,281,206,206,206],"floor_reached":16,"playtime":684,"items_purged":["Strike_R"],"score":112,"play_id":"23dace52-dd3f-4a7a-8113-365efece60f3","local_time":"20190110125336","is_ascension_mode":false,"campfire_choices":[{"floor":7,"key":"REST"},{"data":"Fire Breathing","floor":10,"key":"SMITH"},{"data":"Fire Breathing","floor":13,"key":"SMITH"},{"floor":15,"key":"REST"}],"neow_cost":"NONE","seed_source_timestamp":2157768334847099,"circlet_count":0,"master_deck":["Strike_R","Strike_R","Strike_R","Strike_R","Defend_R","Defend_R+1","Defend_R","Bash","Armaments","Cleave","Brutality","Fire Breathing+1","Dual Wield+1","Fire Breathing+1","Anger"],"relics":["Burning Blood","Prayer Wheel","War Paint","Bag of Preparation"],"potions_floor_usage":[6,8,16],"damage_taken":[{"damage":5,"enemies":"Cultist","floor":1,"turns":4},{"damage":7,"enemies":"2 Louse","floor":3,"turns":2},{"damage":15,"enemies":"Jaw Worm","floor":4,"turns":4},{"damage":10,"enemies":"Looter","floor":5,"turns":3},{"damage":19,"enemies":"Gremlin Nob","floor":6,"turns":5},{"damage":35,"enemies":"3 Sentries","floor":8,"turns":6},{"damage":8,"enemies":"Exordium Wildlife","floor":11,"turns":3},{"damage":6,"enemies":"2 Fungi Beasts","floor":12,"turns":3},{"damage":71,"enemies":"The Guardian","floor":16,"turns":10}],"seed_played":"8158913864126216017","potions_obtained":[{"floor":5,"key":"SpeedPotion"},{"floor":6,"key":"Explosive Potion"},{"floor":8,"key":"Poison Potion"}],"is_trial":false,"path_per_floor":["M","?","M","M","M","E","R","E","T","R","M","M","R","$","R","B"],"character_chosen":"IRONCLAD","items_purchased":[],"campfire_rested":2,"item_purchase_floors":[],"current_hp_per_floor":[80,80,79,70,66,53,77,48,48,48,46,46,46,46,70,0],"gold":206,"neow_bonus":"THREE_CARDS","is_prod":false,"is_daily":false,"chose_seed":false,"campfire_upgraded":2,"win_rate":0.0,"timestamp":1547142816,"path_taken":["M","?","M","M","M","E","R","E","T","R","M","M","R","$","R","BOSS"],"build_version":"2019-01-03v4","purchased_purges":1,"victory":false,"max_hp_per_floor":[80,80,80,80,80,80,80,80,80,80,80,80,80,80,80,80],"card_choices":[{"not_picked":["Heavy Blade","Seeing Red"],"picked":"Armaments","floor":0},{"not_picked":["Flex","Rupture"],"picked":"Cleave","floor":1},{"not_picked":["Armaments","Hemokinesis","Heavy Blade"],"picked":"SKIP","floor":3},{"not_picked":["Shrug It Off","True Grit"],"picked":"Fire Breathing","floor":4},{"not_picked":["Armaments","Ghostly Armor"],"picked":"Dual Wield","floor":5},{"not_picked":["Armaments","Flex"],"picked":"Fire Breathing","floor":6},{"not_picked":["Infernal Blade","Headbutt","Cleave"],"picked":"SKIP","floor":8},{"not_picked":["Twin Strike","Ghostly Armor"],"picked":"Anger","floor":11},{"not_picked":["Combust","Twin Strike","Hemokinesis"],"picked":"SKIP","floor":11},{"not_picked":["Heavy Blade","Double Tap","Infernal Blade"],"picked":"SKIP","floor":12},{"not_picked":["Battle Trance","Perfected Strike","Thunderclap"],"picked":"SKIP","floor":12}],"player_experience":30255,"relics_obtained":[{"floor":6,"key":"Prayer Wheel"},{"floor":8,"key":"War Paint"},{"floor":9,"key":"Bag of Preparation"}],"event_choices":[{"damage_healed":0,"gold_gain":0,"cards_transformed":["Defend_R"],"player_choice":"Change","damage_taken":0,"max_hp_gain":0,"max_hp_loss":0,"event_name":"Living Wall","floor":2,"gold_loss":0,"cards_obtained":["Brutality"]}],"is_beta":false,"boss_relics":[],"items_purged_floors":[14],"is_endless":false,"potions_floor_spawned":[5,6,8],"killed_by":"The Guardian","ascension_level":0}