{"gold_per_floor":[359,376,63,63,73,73,28,28,54,54,79,89,117,133,133,133],"floor_reached":16,"playtime":998,"items_purged":["Strike_R"],"score":110,"play_id":"41a451b6-8e9d-47d1-84e8-141e2ff3b0dd","local_time":"20190306203055","is_ascension_mode":false,"campfire_choices":[{"data":"Body Slam","floor":6,"key":"SMITH"},{"data":"Body Slam","floor":15,"key":"SMITH"}],"neow_cost":"TEN_PERCENT_HP_LOSS","seed_source_timestamp":6752626929083,"circlet_count":0,"master_deck":["Strike_R","Strike_R","Strike_R","Defend_R","Defend_R","Defend_R","Defend_R","Bash","Body Slam+1","True Grit","Regret","Iron Wave","Armaments","Iron Wave","Feed","Body Slam+1","Intimidate","Seeing Red"],"relics":["Burning Blood","Question Card","Shuriken","Blood Vial","Mummified Hand"],"potions_floor_usage":[16,16],"damage_taken":[{"damage":10,"enemies":"Cultist","floor":1,"turns":4},{"damage":0,"enemies":"Small Slimes","floor":2,"turns":5},{"damage":4,"enemies":"2 Louse","floor":5,"turns":4},{"damage":25,"enemies":"Lagavulin","floor":11,"turns":9},{"damage":10,"enemies":"Lots of Slimes","floor":12,"turns":4},{"damage":32,"enemies":"3 Sentries","floor":13,"turns":12},{"damage":8,"enemies":"Red Slaver","floor":14,"turns":4},{"damage":32,"enemies":"Hexaghost","floor":16,"turns":11}],"seed_played":"6505599273448318356","potions_obtained":[{"floor":5,"key":"Poison Potion"},{"floor":11,"key":"Poison Potion"},{"floor":13,"key":"SkillPotion"},{"floor":14,"key":"SneckoOil"}],"is_trial":false,"path_per_floor":["M","M","$","?","M","R","$","?","T","?","E","M","E","M","R","B"],"character_chosen":"IRONCLAD","items_purchased":["Question Card","Armaments"],"campfire_rested":0,"item_purchase_floors":[3,7],"current_hp_per_floor":[68,72,72,72,72,72,72,72,72,72,53,54,30,30,30,0],"gold":133,"neow_bonus":"TWO_FIFTY_GOLD","is_prod":false,"is_daily":false,"chose_seed":false,"campfire_upgraded":2,"win_rate":0,"timestamp":1551871855,"path_taken":["M","M","$","?","M","R","$","?","T","?","E","?","E","M","R","BOSS"],"build_version":"2019-01-23","purchased_purges":1,"victory":false,"max_hp_per_floor":[72,72,72,72,72,72,72,72,72,72,72,75,75,75,75,75],"card_choices":[{"not_picked":["Pommel Strike","Havoc"],"picked":"Body Slam","floor":1},{"not_picked":["Warcry","Clash"],"picked":"True Grit","floor":2},{"not_picked":["Headbutt","Intimidate","Clash"],"picked":"Iron Wave","floor":5},{"not_picked":["Clothesline","Hemokinesis","Havoc"],"picked":"Feed","floor":11},{"not_picked":["Thunderclap","Warcry","Twin Strike"],"picked":"Body Slam","floor":12},{"not_picked":["Pommel Strike","Limit Break","Body Slam"],"picked":"Intimidate","floor":13},{"not_picked":["Thunderclap","Cleave","Anger"],"picked":"Seeing Red","floor":14}],"player_experience":132442,"relics_obtained":[{"floor":11,"key":"Blood Vial"},{"floor":13,"key":"Mummified Hand"}],"event_choices":[{"damage_healed":0,"gold_gain":0,"player_choice":"Box","damage_taken":0,"relics_obtained":["Shuriken"],"max_hp_gain":0,"max_hp_loss":0,"event_name":"Big Fish","floor":4,"gold_loss":0,"cards_obtained":["Regret"]},{"damage_healed":0,"gold_gain":0,"player_choice":"Leave","damage_taken":0,"max_hp_gain":0,"max_hp_loss":0,"event_name":"The Cleric","floor":8,"gold_loss":0},{"damage_healed":0,"gold_gain":0,"cards_transformed":["Strike_R"],"player_choice":"Transformed","damage_taken":0,"max_hp_gain":0,"max_hp_loss":0,"event_name":"Transmorgrifier","floor":10,"gold_loss":0,"cards_obtained":["Iron Wave"]}],"is_beta":false,"boss_relics":[],"items_purged_floors":[3],"is_endless":false,"potions_floor_spawned":[5,11,13,14],"killed_by":"Hexaghost","ascension_level":0}