{"gold_per_floor":[118,68,83,83,44,78,98,117,144,69,81,92,92,109,109,205,205,220,239,90,90,10,10,21,21,21,21,33,33,43,143,143,239,239,259,279,57,0,0,15,15,27,76,88,118,142,154,181,193,205,217,229,91,119,119],"floor_reached":56,"playtime":2234,"items_purged":["Strike_R","Strike_R","Strike_R","Strike_R"],"score":1178,"play_id":"a6a202cc-9525-40e8-be22-33b74d266502","local_time":"20190207191644","is_ascension_mode":false,"campfire_choices":[{"data":"Spot Weakness","floor":15.0,"key":"SMITH"},{"data":"Limit Break","floor":23.0,"key":"SMITH"},{"data":"Thunderclap","floor":25.0,"key":"SMITH"},{"floor":27.0,"key":"RECALL"},{"data":"Double Tap","floor":32.0,"key":"SMITH"},{"data":"Demon Form","floor":44.0,"key":"SMITH"},{"data":"Sword Boomerang","floor":47.0,"key":"SMITH"},{"data":"Heavy Blade","floor":49.0,"key":"SMITH"},{"data":"Reaper","floor":52.0,"key":"SMITH"}],"neow_cost":"NONE","seed_source_timestamp":0,"circlet_count":0,"master_deck":["Defend_R","Defend_R","Defend_R","Bash","Shrug It Off+1","Heavy Blade+1","Dropkick","Spot Weakness+1","Reaper+1","Thunderclap+1","Limit Break+1","Sword Boomerang+1","Reaper","Double Tap+1","Dropkick","Demon Form+1","Shrug It Off+1","Dark Shackles","Shrug It Off+1","Limit Break"],"special_seed":0,"relics":["Burning Blood","NeowsBlessing","Centennial Puzzle","Coffee Dripper","Bird Faced Urn","Sozu","Red Mask","MawBank","Art of War"],"potions_floor_usage":[],"damage_taken":[{"damage":0.0,"enemies":"Cultist","floor":1.0,"turns":1.0},{"damage":0.0,"enemies":"Small Slimes","floor":3.0,"turns":1.0},{"damage":0.0,"enemies":"Lagavulin","floor":6.0,"turns":1.0},{"damage":0.0,"enemies":"2 Louse","floor":7.0,"turns":3.0},{"damage":9.0,"enemies":"Red Slaver","floor":8.0,"turns":4.0},{"damage":37.0,"enemies":"Exordium Thugs","floor":11.0,"turns":6.0},{"damage":2.0,"enemies":"2 Fungi Beasts","floor":12.0,"turns":4.0},{"damage":11.0,"enemies":"Lots of Slimes","floor":14.0,"turns":3.0},{"damage":54.0,"enemies":"Hexaghost","floor":16.0,"turns":7.0},{"damage":6.0,"enemies":"3 Byrds","floor":18.0,"turns":4.0},{"damage":16.0,"enemies":"Shell Parasite","floor":19.0,"turns":5.0},{"damage":4.0,"enemies":"Snecko","floor":24.0,"turns":3.0},{"damage":9.0,"enemies":"Centurion and Healer","floor":28.0,"turns":4.0},{"damage":5.0,"enemies":"Chosen and Byrds","floor":30.0,"turns":2.0},{"damage":61.0,"enemies":"Collector","floor":33.0,"turns":7.0},{"damage":9.0,"enemies":"3 Darklings","floor":35.0,"turns":3.0},{"damage":10.0,"enemies":"Orb Walker","floor":36.0,"turns":3.0},{"damage":54.0,"enemies":"Spire Growth","floor":40.0,"turns":6.0},{"damage":14.0,"enemies":"Jaw Worm Horde","floor":42.0,"turns":2.0},{"damage":35.0,"enemies":"4 Shapes","floor":45.0,"turns":6.0},{"damage":27.0,"enemies":"Transient","floor":46.0,"turns":5.0},{"damage":22.0,"enemies":"Maw","floor":48.0,"turns":6.0},{"damage":78.0,"enemies":"Awakened One","floor":50.0,"turns":9.0},{"damage":12.0,"enemies":"Shield and Spear","floor":54.0,"turns":5.0},{"damage":129,"enemies":"The Heart","floor":55,"turns":8}],"seed_played":"-6923776963734005280","potions_obtained":[{"floor":3.0,"key":"PowerPotion"},{"floor":7.0,"key":"SteroidPotion"},{"floor":12.0,"key":"Ancient Potion"},{"floor":14.0,"key":"Ancient Potion"},{"floor":18.0,"key":"Dexterity Potion"},{"floor":33.0,"key":"Swift Potion"}],"is_trial":false,"path_per_floor":["M","?","M","?","$","E","M","M","T","$","M","M","$","M","R","B",null,"M","M","$","?","$","R","M","R","T","R","M","?","M","?","R","B",null,"M","M","$","?","$","M","?","M","T","R","M","M","R","M","R","B",null,"R","$","E","B",null],"character_chosen":"IRONCLAD","items_purchased":["Dropkick","Sword Boomerang","Reaper","Dark Shackles"],"campfire_rested":0,"item_purchase_floors":[5,20,22,37],"current_hp_per_floor":[80,80,80,80,80,80,80,77,77,77,46,50,50,80,80,50,80,80,76,76,76,76,76,80,80,80,80,80,80,80,80,80,25,80,80,80,80,80,80,41,41,80,80,80,80,80,80,80,80,67,80,80,80,80,26],"gold":119,"neow_bonus":"THREE_ENEMY_KILL","is_prod":false,"is_daily":false,"chose_seed":false,"campfire_upgraded":8,"win_rate":0,"timestamp":1549585004,"path_taken":["M","?","M","?","$","E","M","?","T","$","M","M","?","M","R","BOSS","M","M","$","?","$","R","M","R","T","R","?","?","M","?","R","BOSS","M","?","$","?","$","M","?","M","T","R","M","M","R","M","R","BOSS","R","$","E","BOSS"],"build_version":"2019-01-23","purchased_purges":4,"victory":true,"max_hp_per_floor":[80,80,80,80,80,80,80,80,80,80,80,80,80,80,80,80,80,80,80,80,80,80,80,80,80,80,80,80,80,80,80,80,80,80,80,80,80,80,80,80,80,80,80,80,80,80,80,80,80,80,80,80,80,80,80],"card_choices":[{"not_picked":["Cleave","Fire Breathing"],"picked":"Shrug It Off","floor":1.0},{"not_picked":["Body Slam","Searing Blow"],"picked":"Heavy Blade","floor":3.0},{"not_picked":["True Grit","Iron Wave","Dark Embrace"],"picked":"SKIP","floor":6.0},{"not_picked":["Twin Strike","Pommel Strike","Hemokinesis"],"picked":"SKIP","floor":7.0},{"not_picked":["Combust","Warcry","Heavy Blade"],"picked":"SKIP","floor":8.0},{"not_picked":["Sword Boomerang","Fire Breathing"],"picked":"Spot Weakness","floor":11.0},{"not_picked":["Pommel Strike","Intimidate"],"picked":"Reaper","floor":12.0},{"not_picked":["Wild Strike","Clothesline"],"picked":"Thunderclap","floor":14.0},{"not_picked":["Demon Form","Feed"],"picked":"Limit Break","floor":16.0},{"not_picked":["True Grit","Bloodletting","Ghostly Armor"],"picked":"SKIP","floor":18.0},{"not_picked":["Thunderclap","Rage","Clash"],"picked":"SKIP","floor":19.0},{"not_picked":["Rampage+1","Fire Breathing+1","Armaments"],"picked":"SKIP","floor":24.0},{"not_picked":["Blood for Blood","Intimidate"],"picked":"Double Tap","floor":28.0},{"not_picked":["Clothesline+1","Power Through","Shrug It Off"],"picked":"SKIP","floor":30.0},{"not_picked":["Juggernaut","Bludgeon"],"picked":"Demon Form","floor":33.0},{"not_picked":["Heavy Blade+1","Hemokinesis+1"],"picked":"Shrug It Off+1","floor":35.0},{"not_picked":["Carnage","Metallicize","Thunderclap"],"picked":"SKIP","floor":36.0},{"not_picked":["Feel No Pain","Wild Strike+1","Body Slam+1"],"picked":"SKIP","floor":40.0},{"not_picked":["Pummel","Clash","Rage"],"picked":"SKIP","floor":42.0},{"not_picked":["Heavy Blade+1","Infernal Blade","Flame Barrier+1"],"picked":"SKIP","floor":45.0},{"not_picked":["Twin Strike","Battle Trance+1","Pommel Strike+1"],"picked":"SKIP","floor":46.0},{"not_picked":["Thunderclap","Iron Wave"],"picked":"Shrug It Off+1","floor":48.0},{"not_picked":["Power Through","Infernal Blade"],"picked":"Limit Break","floor":54.0}],"player_experience":74277,"relics_obtained":[{"floor":6.0,"key":"Centennial Puzzle"},{"floor":26.0,"key":"Bird Faced Urn"},{"floor":43.0,"key":"MawBank"},{"floor":54.0,"key":"Art of War"}],"event_choices":[{"cards_removed":["Defend_R"],"damage_healed":0.0,"max_hp_gain":0.0,"max_hp_loss":0.0,"gold_gain":0.0,"event_name":"The Cleric","player_choice":"Card Removal","floor":2.0,"gold_loss":50.0,"damage_taken":0.0},{"damage_healed":0.0,"max_hp_gain":0.0,"max_hp_loss":0.0,"gold_gain":0.0,"event_name":"Upgrade Shrine","player_choice":"Upgraded","floor":4.0,"gold_loss":0.0,"damage_taken":0.0,"cards_upgraded":["Shrug It Off"]},{"cards_removed":["Strike_R"],"damage_healed":0.0,"max_hp_gain":0.0,"max_hp_loss":0.0,"gold_gain":0.0,"event_name":"Purifier","player_choice":"Purged","floor":21.0,"gold_loss":0.0,"damage_taken":0.0},{"damage_healed":0.0,"max_hp_gain":0.0,"max_hp_loss":0.0,"gold_gain":0.0,"event_name":"The Library","player_choice":"Read","floor":29.0,"gold_loss":0.0,"damage_taken":0.0,"cards_obtained":["Dropkick"]},{"damage_healed":0.0,"max_hp_gain":0.0,"max_hp_loss":0.0,"gold_gain":100.0,"event_name":"Golden Shrine","player_choice":"Pray","floor":31.0,"gold_loss":0.0,"damage_taken":0.0},{"damage_healed":0.0,"max_hp_gain":0.0,"max_hp_loss":0.0,"gold_gain":0.0,"event_name":"Tomb of Lord Red Mask","player_choice":"Paid","floor":38.0,"gold_loss":57.0,"damage_taken":0.0,"relics_obtained":["Red Mask"]},{"damage_healed":0.0,"max_hp_gain":0.0,"max_hp_loss":0.0,"gold_gain":0.0,"event_name":"Mysterious Sphere","player_choice":"Ignored","floor":41.0,"gold_loss":0.0,"damage_taken":0.0}],"is_beta":false,"boss_relics":[{"not_picked":["Runic Cube","Philosopher\u0027s Stone"],"picked":"Coffee Dripper"},{"not_picked":["Empty Cage","Cursed Key"],"picked":"Sozu"}],"items_purged_floors":[10,20,37,53],"is_endless":false,"potions_floor_spawned":[3,7,12,14,18,28,33,35,42],"ascension_level":0}