{"gold_per_floor":[116,31,41,57,76,105,24,24,24,24,24,24],"floor_reached":12,"playtime":443,"items_purged":[],"score":129,"play_id":"820ca643-bb45-429c-8caa-4e2f20ce7cec","local_time":"20190305113607","is_ascension_mode":true,"campfire_choices":[{"data":"Armaments","floor":8,"key":"SMITH"},{"data":"Limit Break","floor":10,"key":"SMITH"}],"neow_cost":"NONE","seed_source_timestamp":2338901754951000,"circlet_count":0,"master_deck":["AscendersBane","Strike_R","Strike_R","Strike_R","Strike_R","Strike_R","Defend_R","Defend_R","Defend_R","Defend_R","Bash","Clothesline","Wild Strike","Evolve","Clothesline","Limit Break+1","Armaments+1","Havoc","Inflame+1"],"relics":["Burning Blood","Omamori","The Courier"],"potions_floor_usage":[12],"damage_taken":[{"damage":6,"enemies":"Cultist","floor":1,"turns":4},{"damage":10,"enemies":"Small Slimes","floor":3,"turns":4},{"damage":10,"enemies":"2 Louse","floor":4,"turns":4},{"damage":32,"enemies":"Large Slime","floor":5,"turns":8},{"damage":35,"enemies":"Lagavulin","floor":6,"turns":9},{"damage":24,"enemies":"Gremlin Nob","floor":12,"turns":3}],"seed_played":"5471917405748027969","potions_obtained":[{"floor":1,"key":"FearPotion"},{"floor":5,"key":"Weak Potion"}],"is_trial":false,"path_per_floor":["M","$","M","M","M","E","$","R","T","R","?","E"],"character_chosen":"IRONCLAD","items_purchased":["Wild Strike","Evolve","Inflame"],"campfire_rested":0,"item_purchase_floors":[2,2,7],"current_hp_per_floor":[80,80,76,72,46,17,17,17,17,17,17,0],"gold":24,"neow_bonus":"TEN_PERCENT_HP_BONUS","is_prod":false,"is_daily":false,"chose_seed":false,"campfire_upgraded":2,"win_rate":0,"timestamp":1551814567,"path_taken":["M","?","M","M","M","E","?","R","T","R","?","E"],"build_version":"2019-01-23","purchased_purges":0,"victory":false,"max_hp_per_floor":[88,88,88,88,88,88,88,88,88,88,88,88],"card_choices":[{"not_picked":["Dropkick","Armaments"],"picked":"Clothesline","floor":1},{"not_picked":["Thunderclap","Flex"],"picked":"Clothesline","floor":3},{"not_picked":["Wild Strike","Armaments"],"picked":"Limit Break","floor":4},{"not_picked":["Rage","Infernal Blade"],"picked":"Armaments","floor":5},{"not_picked":["Clash","Pummel"],"picked":"Havoc","floor":6}],"player_experience":790053,"relics_obtained":[{"floor":6,"key":"Omamori"},{"floor":9,"key":"The Courier"}],"event_choices":[{"damage_healed":0,"gold_gain":0,"player_choice":"Upgraded","damage_taken":0,"max_hp_gain":0,"max_hp_loss":0,"event_name":"Upgrade Shrine","floor":11,"gold_loss":0,"cards_upgraded":["Inflame"]}],"is_beta":false,"boss_relics":[],"items_purged_floors":[],"is_endless":false,"potions_floor_spawned":[1,5],"killed_by":"Gremlin Nob","ascension_level":13}