{"gold_per_floor":[111,111,126,126,201,201,57,77,77,77,112,128,128,162,162,162],"floor_reached":16,"playtime":976,"items_purged":["Strike_G"],"score":119,"play_id":"d7885f60-55a2-449b-92a5-a3ed2e84a87e","local_time":"20190308133816","is_ascension_mode":true,"campfire_choices":[{"floor":6,"key":"REST"},{"floor":10,"key":"RECALL"},{"floor":13,"key":"REST"},{"data":"Noxious Fumes","floor":15,"key":"SMITH"}],"neow_cost":"NONE","seed_source_timestamp":600020000679537,"circlet_count":0,"master_deck":["Defend_G","Defend_G","Defend_G+1","Defend_G","Strike_G","Strike_G","Strike_G","Survivor+1","Neutralize","Cloak And Dagger","Noxious Fumes+1","Blade Dance"],"relics":["Ring of the Snake","Pantograph","Blood Vial","Bag of Marbles"],"potions_floor_usage":[11,16,16],"damage_taken":[{"damage":0,"enemies":"2 Louse","floor":1,"turns":3},{"damage":7,"enemies":"Jaw Worm","floor":3,"turns":6},{"damage":0,"enemies":"Cultist","floor":8,"turns":4},{"damage":11,"enemies":"3 Sentries","floor":11,"turns":9},{"damage":0,"enemies":"2 Fungi Beasts","floor":12,"turns":4},{"damage":17,"enemies":"Lagavulin","floor":14,"turns":13},{"damage":73,"enemies":"Slime Boss","floor":16,"turns":11}],"seed_played":"4005584920512187800","potions_obtained":[{"floor":8,"key":"Fire Potion"},{"floor":11,"key":"EssenceOfSteel"},{"floor":14,"key":"Poison Potion"}],"is_trial":false,"path_per_floor":["M","?","M","?","?","R","$","M","T","R","E","M","R","E","R","B"],"character_chosen":"THE_SILENT","items_purchased":["Noxious Fumes"],"campfire_rested":2,"item_purchase_floors":[7],"current_hp_per_floor":[70,56,49,42,31,52,52,52,52,52,41,43,64,49,49,0],"gold":162,"neow_bonus":"REMOVE_CARD","is_prod":false,"is_daily":false,"chose_seed":false,"campfire_upgraded":1,"win_rate":0,"timestamp":1552063096,"path_taken":["M","?","M","?","?","R","?","M","T","R","E","?","R","E","R","BOSS"],"build_version":"2019-01-23","purchased_purges":1,"victory":false,"max_hp_per_floor":[70,70,70,70,70,70,70,70,70,70,70,70,70,70,70,70],"card_choices":[{"not_picked":["Backflip","Prepared"],"picked":"Cloak And Dagger","floor":1},{"not_picked":["Prepared","PiercingWail","Bane"],"picked":"SKIP","floor":3},{"not_picked":["Leg Sweep","Distraction","Riddle With Holes"],"picked":"SKIP","floor":8},{"not_picked":["Quick Slash","Escape Plan","Outmaneuver"],"picked":"SKIP","floor":11},{"not_picked":["Catalyst","Masterful Stab","PiercingWail"],"picked":"SKIP","floor":12},{"not_picked":["Reflex","Dash"],"picked":"Blade Dance","floor":14}],"player_experience":169546,"relics_obtained":[{"floor":9,"key":"Pantograph"},{"floor":11,"key":"Blood Vial"},{"floor":14,"key":"Bag of Marbles"}],"event_choices":[{"damage_healed":0,"gold_gain":0,"player_choice":"Entered Light","damage_taken":14,"max_hp_gain":0,"max_hp_loss":0,"event_name":"Shining Light","floor":2,"gold_loss":0,"cards_upgraded":["Survivor","Defend_G"]},{"cards_removed":["Defend_G"],"damage_healed":0,"gold_gain":0,"player_choice":"Card Removal","damage_taken":7,"max_hp_gain":0,"max_hp_loss":0,"event_name":"Golden Wing","floor":4,"gold_loss":0},{"damage_healed":0,"gold_gain":75,"player_choice":"Gather Gold","damage_taken":11,"max_hp_gain":0,"max_hp_loss":0,"event_name":"World of Goop","floor":5,"gold_loss":0}],"is_beta":false,"boss_relics":[],"items_purged_floors":[7],"is_endless":false,"potions_floor_spawned":[8,11,14],"killed_by":"Slime Boss","ascension_level":2}