{"gold_per_floor":[119,72,72,34,50,50,67,67,113,139,155,155],"floor_reached":12,"playtime":365,"items_purged":[],"score":101,"play_id":"82521b2a-9199-4399-90de-aa40b83a82a2","local_time":"20181015123646","is_ascension_mode":true,"campfire_choices":[{"data":"Hyperbeam","floor":6,"key":"SMITH"},{"data":"Double Energy","floor":8,"key":"SMITH"}],"neow_cost":"","seed_source_timestamp":8385016334431768,"circlet_count":0,"master_deck":["Strike_B","Strike_B","Strike_B","Strike_B","Defend_B","Defend_B","Defend_B","Defend_B","Zap","Dualcast","Ball Lightning","Conserve Battery","Double Energy+1","Hyperbeam+1","Self Repair","Storm","Coolheaded","Buffer","Glacier"],"relics":["Cracked Core","Bronze Scales","Molten Egg 2"],"potions_floor_usage":[],"damage_taken":[{"damage":4,"enemies":"2 Louse","floor":1,"turns":3},{"damage":0,"enemies":"Cultist","floor":5,"turns":3},{"damage":12,"enemies":"Small Slimes","floor":7,"turns":3},{"damage":18,"enemies":"3 Sentries","floor":10,"turns":4},{"damage":17,"enemies":"Exordium Thugs","floor":11,"turns":3},{"damage":73,"enemies":"Gremlin Nob","floor":12,"turns":5}],"seed_played":"-5121827399777819164","potions_obtained":[{"floor":7,"key":"FocusPotion"},{"floor":10,"key":"Poison Potion"}],"is_trial":false,"path_per_floor":["M","$","?","$","M","R","M","R","T","E","M"],"character_chosen":"DEFECT","items_purchased":["Conserve Battery","Self Repair"],"campfire_rested":0,"item_purchase_floors":[2,4],"current_hp_per_floor":[64,64,64,64,64,64,59,59,59,48,38,0],"gold":155,"neow_bonus":"","is_prod":false,"is_daily":false,"chose_seed":false,"campfire_upgraded":2,"win_rate":0,"timestamp":1539632206,"path_taken":["M","$","?","?","?","R","M","R","T","E","M","E"],"build_version":"2018-10-11","purchased_purges":0,"victory":false,"max_hp_per_floor":[75,75,75,75,75,75,75,75,75,75,75,75],"card_choices":[{"not_picked":["Streamline","Blizzard"],"picked":"Ball Lightning","floor":1},{"not_picked":["Go for the Eyes","Doom and Gloom"],"picked":"Storm","floor":5},{"not_picked":["Blizzard","Rip and Tear"],"picked":"Coolheaded","floor":7},{"not_picked":["Auto Shields","Reinforced Body"],"picked":"Buffer","floor":10},{"not_picked":["Beam Cell+1","Gash+1"],"picked":"Glacier","floor":11}],"player_experience":268822,"relics_obtained":[{"floor":9,"key":"Bronze Scales"},{"floor":10,"key":"Molten Egg 2"}],"event_choices":[{"event_name":"Match and Keep!","player_choice":"2 cards matched","floor":3,"damage_taken":0}],"is_beta":false,"boss_relics":[],"items_purged_floors":[],"is_endless":false,"potions_floor_spawned":[7,10],"killed_by":"Gremlin Nob","ascension_level":6}