{"gold_per_floor":[118,133,20,20,43,81,105,128,128,128,128,163,184,200,200,200],"floor_reached":16,"playtime":1201,"items_purged":["Strike_G"],"score":114,"play_id":"f436e4b7-2f44-4fd5-b27f-97b4c3df58da","local_time":"20180818133128","is_ascension_mode":false,"campfire_choices":[{"floor":11.0,"key":"REST"},{"data":"Survivor","floor":15,"key":"SMITH"}],"neow_cost":"","seed_source_timestamp":0,"circlet_count":0,"master_deck":["Defend_G","Defend_G","Defend_G","Defend_G","Defend_G","Strike_G","Strike_G","Strike_G","Strike_G","Survivor+1","Neutralize","Tactician","Footwork","Backstab","Doppelganger","Prepared+1","Underhanded Strike","Calculated Gamble"],"special_seed":0,"relics":["Ring of the Snake","Golden Idol","Tingsha","Frozen Egg 2","Question Card"],"potions_floor_usage":[16,16],"damage_taken":[{"damage":5.0,"enemies":"Jaw Worm","floor":1.0,"turns":5.0},{"damage":0.0,"enemies":"Small Slimes","floor":2.0,"turns":3.0},{"damage":5.0,"enemies":"2 Louse","floor":5.0,"turns":6.0},{"damage":32.0,"enemies":"Gremlin Nob","floor":6.0,"turns":5.0},{"damage":0.0,"enemies":"Large Slime","floor":7.0,"turns":8.0},{"damage":2.0,"enemies":"Gremlin Gang","floor":8.0,"turns":7.0},{"damage":10.0,"enemies":"3 Sentries","floor":12.0,"turns":11.0},{"damage":0.0,"enemies":"Looter","floor":13.0,"turns":4.0},{"damage":0.0,"enemies":"Exordium Wildlife","floor":14.0,"turns":4.0},{"damage":20,"enemies":"Hexaghost","floor":16,"turns":14}],"seed_played":"-5593684905861242681","potions_obtained":[{"floor":1.0,"key":"SkillPotion"},{"floor":5.0,"key":"AttackPotion"},{"floor":8.0,"key":"SpeedPotion"},{"floor":14.0,"key":"EssenceOfSteel"}],"is_trial":false,"path_per_floor":["M","M","$","?","M","E","M","M","T","?","R","E","M","M","R"],"character_chosen":"THE_SILENT","items_purchased":["Footwork"],"campfire_rested":1,"item_purchase_floors":[3],"current_hp_per_floor":[65,65,65,48,43,11,11,9,9,9,30,20,20,20,20,0],"gold":200,"neow_bonus":"","is_prod":false,"is_daily":false,"chose_seed":false,"campfire_upgraded":1,"win_rate":0,"timestamp":1534613488,"path_taken":["M","M","$","?","M","E","M","M","T","?","R","E","?","M","R","BOSS"],"build_version":"2018-08-16","purchased_purges":1,"victory":false,"max_hp_per_floor":[70,70,70,70,70,70,70,70,70,70,70,70,70,70,70,70],"card_choices":[{"not_picked":["Prepared","Terror"],"picked":"Tactician","floor":1.0},{"not_picked":["Sucker Punch","Deflect","Skewer"],"picked":"SKIP","floor":2.0},{"not_picked":["Dagger Spray","PiercingWail"],"picked":"Backstab","floor":5.0},{"not_picked":["Riddle With Holes","Quick Slash"],"picked":"Doppelganger","floor":6.0},{"not_picked":["Blade Dance","Dagger Spray","Riddle With Holes"],"picked":"SKIP","floor":7.0},{"not_picked":["Noxious Fumes","Underhanded Strike"],"picked":"Prepared","floor":8.0},{"not_picked":["Blur","Dagger Spray"],"picked":"Underhanded Strike","floor":12.0},{"not_picked":["Cloak And Dagger","Flying Knee","Noxious Fumes+1","Bane"],"picked":"SKIP","floor":13.0},{"not_picked":["Deflect","Outmaneuver","Deadly Poison"],"picked":"Calculated Gamble","floor":14.0}],"player_experience":87341,"relics_obtained":[{"floor":6.0,"key":"Tingsha"},{"floor":9.0,"key":"Frozen Egg 2"},{"floor":12.0,"key":"Question Card"}],"event_choices":[{"event_name":"Golden Idol","player_choice":"Take Damage","floor":4.0,"damage_taken":0.0},{"event_name":"Living Wall","player_choice":"Grow","floor":10.0,"damage_taken":0.0}],"is_beta":false,"boss_relics":[],"items_purged_floors":[3],"is_endless":false,"potions_floor_spawned":[1,5,8,14],"killed_by":"Hexaghost","ascension_level":0}