{"gold_per_floor":[122,134,154,44,44,44,85,85,149,184,210,234,3,16,16,195,195,217,234,234,256,273,307,325,362,428,428,428,470,470,482,482,662,662,678,678,695,711,728,763,779,813,813,738,112,136,136,176,176,176,176,176,26,56,56],"floor_reached":56,"playtime":2282,"items_purged":["Perfected Strike+1","Strike_R+1","Strike_R+1","Strike_R+1"],"score":425,"play_id":"4763a06f-29b3-4049-a549-cbc4d5be8e50","local_time":"20190306114551","is_ascension_mode":true,"campfire_choices":[{"data":"Barricade","floor":6.0,"key":"SMITH"},{"data":"Dual Wield","floor":8.0,"key":"SMITH"},{"data":"True Grit","floor":15.0,"key":"SMITH"},{"data":"Impervious","floor":28.0,"key":"SMITH"},{"data":"Shrug It Off","floor":30.0,"key":"SMITH"},{"data":"Feel No Pain","floor":32.0,"key":"SMITH"},{"data":"Second Wind","floor":47.0,"key":"SMITH"},{"floor":49.0,"key":"RECALL"},{"data":"Battle Trance","floor":52,"key":"SMITH"}],"neow_cost":"NONE","seed_source_timestamp":0,"circlet_count":0,"master_deck":["Defend_R+1","Defend_R+1","Defend_R+1","Defend_R+1","Bash+1","Clothesline+1","Body Slam+1","Barricade+1","Dual Wield+1","True Grit+1","Iron Wave+1","Impervious+1","Feel No Pain+1","Burning Pact+1","Impervious+1","Impervious+1","Power Through+1","Shrug It Off+1","Second Wind+1","Battle Trance+1"],"special_seed":0,"relics":["Burning Blood","Bronze Scales","Bag of Marbles","Centennial Puzzle","Singing Bowl","Odd Mushroom","Ice Cream","Philosopher\u0027s Stone","Turnip","Nunchaku","Red Mask","Kunai","Anchor","StoneCalendar","Bottled Tornado","War Paint","Ancient Tea Set","WingedGreaves","Coffee Dripper","Self Forming Clay","Girya","Letter Opener","Potion Belt","Molten Egg 2","Pantograph","HandDrill","Question Card","Toxic Egg 2","Whetstone"],"potions_floor_usage":[55,55,55,55],"damage_taken":[{"damage":0.0,"enemies":"Cultist","floor":1.0,"turns":2.0},{"damage":0.0,"enemies":"Small Slimes","floor":2.0,"turns":2.0},{"damage":0.0,"enemies":"2 Louse","floor":3.0,"turns":1.0},{"damage":0.0,"enemies":"Gremlin Nob","floor":7.0,"turns":2.0},{"damage":0.0,"enemies":"3 Sentries","floor":10.0,"turns":3.0},{"damage":0.0,"enemies":"The Mushroom Lair","floor":11.0,"turns":2.0},{"damage":0.0,"enemies":"Blue Slaver","floor":12.0,"turns":1.0},{"damage":0.0,"enemies":"Exordium Thugs","floor":14.0,"turns":3.0},{"damage":0.0,"enemies":"Hexaghost","floor":16.0,"turns":6.0},{"damage":0.0,"enemies":"2 Thieves","floor":18.0,"turns":2.0},{"damage":0.0,"enemies":"Chosen","floor":19.0,"turns":2.0},{"damage":0.0,"enemies":"Sentry and Sphere","floor":21.0,"turns":4.0},{"damage":0.0,"enemies":"Snake Plant","floor":22.0,"turns":2.0},{"damage":0.0,"enemies":"Slavers","floor":23.0,"turns":5.0},{"damage":0.0,"enemies":"Centurion and Healer","floor":24.0,"turns":6.0},{"damage":0.0,"enemies":"Masked Bandits","floor":25.0,"turns":3.0},{"damage":0.0,"enemies":"Book of Stabbing","floor":29.0,"turns":3.0},{"damage":0.0,"enemies":"Chosen and Byrds","floor":31.0,"turns":4.0},{"damage":0.0,"enemies":"Automaton","floor":33.0,"turns":4.0},{"damage":0.0,"enemies":"Orb Walker","floor":35.0,"turns":1.0},{"damage":0.0,"enemies":"3 Darklings","floor":37.0,"turns":2.0},{"damage":0.0,"enemies":"4 Shapes","floor":38.0,"turns":4.0},{"damage":0.0,"enemies":"Maw","floor":39.0,"turns":4.0},{"damage":0.0,"enemies":"Reptomancer","floor":40.0,"turns":4.0},{"damage":0.0,"enemies":"Spire Growth","floor":41.0,"turns":4.0},{"damage":0.0,"enemies":"Nemesis","floor":42.0,"turns":3.0},{"damage":0.0,"enemies":"Sphere and 2 Shapes","floor":46.0,"turns":5.0},{"damage":0.0,"enemies":"Giant Head","floor":48.0,"turns":3.0},{"damage":0.0,"enemies":"Awakened One","floor":50.0,"turns":5.0},{"damage":0,"enemies":"Shield and Spear","floor":54,"turns":5},{"damage":0,"enemies":"The Heart","floor":55,"turns":6}],"seed_played":"-7637605699381769691","potions_obtained":[{"floor":1.0,"key":"Explosive Potion"},{"floor":2.0,"key":"PowerPotion"},{"floor":3.0,"key":"BloodPotion"},{"floor":11.0,"key":"Explosive Potion"},{"floor":14.0,"key":"Dexterity Potion"},{"floor":14.0,"key":"SpeedPotion"},{"floor":16.0,"key":"SkillPotion"},{"floor":16.0,"key":"GamblersBrew"},{"floor":18.0,"key":"SpeedPotion"},{"floor":19.0,"key":"Dexterity Potion"},{"floor":21.0,"key":"Fruit Juice"},{"floor":21.0,"key":"Energy Potion"},{"floor":23.0,"key":"Poison Potion"},{"floor":25.0,"key":"BloodPotion"},{"floor":33.0,"key":"Block Potion"},{"floor":42.0,"key":"FearPotion"},{"floor":46.0,"key":"BloodPotion"}],"is_trial":false,"path_per_floor":["M","M","M","$","?","R","E","R","T","E","?","M","$","M","R","B",null,"M","M","?","M","M","E","M","?","T","T","R","E","R","M","R","B",null,"M","?","M","M","M","E","M","E","T","$","$","M","R","E","R","B",null,"R","$","E","B",null],"character_chosen":"IRONCLAD","items_purchased":["Barricade","Impervious","Feel No Pain","Pantograph","HandDrill","Question Card"],"campfire_rested":0,"item_purchase_floors":[4,13,13,45,45,45],"current_hp_per_floor":[85,85,85,85,78,78,85,85,85,89,89,89,89,89,89,94,94,96,98,98,105,107,109,111,113,113,113,113,115,115,117,117,124,124,126,126,128,128,130,134,134,138,138,138,138,140,140,144,144,149,149,149,149,151,151],"gold":56,"neow_bonus":"REMOVE_CARD","is_prod":false,"is_daily":false,"chose_seed":false,"campfire_upgraded":8,"win_rate":0,"timestamp":1551840351,"path_taken":["M","M","?","?","?","R","E","R","T","E","?","M","$","M","R","BOSS","M","M","?","M","M","E","?","?","T","?","R","E","R","M","R","BOSS","M","?","M","M","M","E","M","E","T","$","$","M","R","E","R","BOSS","R","$","E","BOSS"],"build_version":"2019-01-23","purchased_purges":4,"victory":true,"max_hp_per_floor":[85,85,85,85,85,85,85,85,85,89,89,89,89,89,89,94,94,96,98,98,105,107,109,111,113,113,113,113,115,115,117,117,124,124,126,126,128,128,130,134,134,138,138,138,138,140,140,144,144,149,149,149,149,151,151],"card_choices":[{"not_picked":["Sever Soul","Heavy Blade"],"picked":"Clothesline","floor":1.0},{"not_picked":["Anger","Evolve+1"],"picked":"Perfected Strike+1","floor":2.0},{"not_picked":["Havoc","Entrench"],"picked":"Body Slam+1","floor":3.0},{"not_picked":["Thunderclap+1","Sever Soul"],"picked":"Dual Wield","floor":7.0},{"not_picked":["Reckless Charge","Anger","Armaments"],"picked":"SKIP","floor":7.0},{"not_picked":["Havoc","Cleave","Heavy Blade"],"picked":"Singing Bowl","floor":10.0},{"not_picked":["Dark Embrace","Bloodletting","Feed"],"picked":"Singing Bowl","floor":10.0},{"not_picked":["Whirlwind","Pommel Strike"],"picked":"True Grit","floor":11.0},{"not_picked":["Wild Strike+1","Clash"],"picked":"Iron Wave+1","floor":12.0},{"not_picked":["Anger","Perfected Strike"],"picked":"Burning Pact+1","floor":14.0},{"not_picked":["Double Tap","Bludgeon"],"picked":"Impervious","floor":16.0},{"not_picked":["Wild Strike","Twin Strike","Bloodletting"],"picked":"Singing Bowl","floor":18.0},{"not_picked":["Clothesline+1","Thunderclap+1","Sever Soul+1"],"picked":"Singing Bowl","floor":19.0},{"not_picked":["Inflame","Cleave","Sentinel"],"picked":"Singing Bowl","floor":21.0},{"not_picked":["Barricade","True Grit+1","Rampage"],"picked":"Singing Bowl","floor":22.0},{"not_picked":["Fire Breathing","Heavy Blade","Dark Embrace"],"picked":"Singing Bowl","floor":23.0},{"not_picked":["Twin Strike+1","Seeing Red+1"],"picked":"Power Through+1","floor":23.0},{"not_picked":["Thunderclap+1","Rupture+1","Warcry"],"picked":"Singing Bowl","floor":24.0},{"not_picked":["Headbutt+1","Cleave+1","Pommel Strike+1"],"picked":"Singing Bowl","floor":25.0},{"not_picked":["Clothesline+1","Headbutt+1"],"picked":"Shrug It Off","floor":29.0},{"not_picked":["Anger+1","Havoc","Body Slam+1"],"picked":"Singing Bowl","floor":29.0},{"not_picked":["Juggernaut","Infernal Blade","Armaments"],"picked":"Singing Bowl","floor":31.0},{"not_picked":["Reaper","Double Tap","Immolate"],"picked":"Singing Bowl","floor":33.0},{"not_picked":["Armaments+1","Cleave+1","Flex+1"],"picked":"Singing Bowl","floor":35.0},{"not_picked":["Bloodletting+1","Thunderclap","Flex+1"],"picked":"Singing Bowl","floor":37.0},{"not_picked":["Iron Wave+1","Warcry"],"picked":"Second Wind","floor":38.0},{"not_picked":["Flex+1","Fire Breathing","Seeing Red+1"],"picked":"Singing Bowl","floor":39.0},{"not_picked":["Clothesline+1","Inflame+1","Wild Strike+1"],"picked":"Singing Bowl","floor":40.0},{"not_picked":["Intimidate+1","True Grit+1","Reaper"],"picked":"Singing Bowl","floor":40.0},{"not_picked":["Twin Strike+1","Anger+1"],"picked":"Battle Trance","floor":41.0},{"not_picked":["Shrug It Off+1","Blood for Blood","Whirlwind+1"],"picked":"Singing Bowl","floor":42.0},{"not_picked":["Demon Form","Cleave","Reckless Charge+1"],"picked":"Singing Bowl","floor":42.0},{"not_picked":["True Grit","Ghostly Armor+1","Armaments+1","Twin Strike+1"],"picked":"Singing Bowl","floor":46.0},{"not_picked":["Flex","Inflame+1","Clash+1","Havoc+1"],"picked":"Singing Bowl","floor":48.0},{"not_picked":["Anger+1","Ghostly Armor+1","Rampage+1","Combust+1"],"picked":"Singing Bowl","floor":48.0},{"not_picked":["Ghostly Armor+1","Rage+1","Sword Boomerang+1","Clash+1"],"picked":"Singing Bowl","floor":54}],"player_experience":818794,"relics_obtained":[{"floor":7.0,"key":"Bronze Scales"},{"floor":9.0,"key":"Bag of Marbles"},{"floor":9.0,"key":"Centennial Puzzle"},{"floor":10.0,"key":"Singing Bowl"},{"floor":11.0,"key":"Odd Mushroom"},{"floor":16.0,"key":"Ice Cream"},{"floor":18.0,"key":"Turnip"},{"floor":23.0,"key":"Nunchaku"},{"floor":25.0,"key":"Red Mask"},{"floor":26.0,"key":"Kunai"},{"floor":26.0,"key":"Anchor"},{"floor":27.0,"key":"StoneCalendar"},{"floor":27.0,"key":"Bottled Tornado"},{"floor":29.0,"key":"War Paint"},{"floor":31.0,"key":"Ancient Tea Set"},{"floor":33.0,"key":"WingedGreaves"},{"floor":35.0,"key":"Self Forming Clay"},{"floor":40.0,"key":"Girya"},{"floor":41.0,"key":"Letter Opener"},{"floor":42.0,"key":"Potion Belt"},{"floor":43.0,"key":"Molten Egg 2"},{"floor":48.0,"key":"Toxic Egg 2"},{"floor":54,"key":"Whetstone"}],"event_choices":[{"cards_removed":["Strike_R"],"damage_healed":0.0,"max_hp_gain":0.0,"max_hp_loss":0.0,"gold_gain":0.0,"event_name":"Golden Wing","player_choice":"Card Removal","floor":5.0,"gold_loss":0.0,"damage_taken":7.0},{"damage_healed":0.0,"max_hp_gain":0.0,"max_hp_loss":0.0,"gold_gain":0.0,"event_name":"Mushrooms","player_choice":"Fought Mushrooms","floor":11.0,"gold_loss":0.0,"damage_taken":0.0},{"damage_healed":0.0,"max_hp_gain":0.0,"max_hp_loss":0.0,"gold_gain":0.0,"event_name":"Duplicator","player_choice":"Copied","floor":20.0,"gold_loss":0.0,"damage_taken":0.0,"cards_obtained":["Impervious"]},{"damage_healed":0.0,"max_hp_gain":0.0,"max_hp_loss":0.0,"gold_gain":0.0,"event_name":"Masked Bandits","player_choice":"Fought Bandits","floor":25.0,"gold_loss":0.0,"damage_taken":0.0},{"damage_healed":0.0,"max_hp_gain":0.0,"max_hp_loss":0.0,"gold_gain":0.0,"event_name":"Upgrade Shrine","player_choice":"Upgraded","floor":36.0,"gold_loss":0.0,"damage_taken":0.0,"cards_upgraded":["Clothesline"]}],"is_beta":false,"boss_relics":[{"not_picked":["Ectoplasm","Black Blood"],"picked":"Philosopher\u0027s Stone"},{"not_picked":["Runic Cube","Runic Dome"],"picked":"Coffee Dripper"}],"items_purged_floors":[13,44,45,53],"is_endless":false,"potions_floor_spawned":[3,14,16,21,22,24,31,37,39,41,46],"ascension_level":-20}