{"path_per_floor":["M","M","?","M","M","R","E","R","T","M","$","R","E","?","R","B",null,"M","?","?","M","?","R","M","M","T","M","M","R","M","E","R","B",null,"M","M","$","?","?","E","R","M","T","R","M","M","M","M","R","B"],"character_chosen":"THE_SILENT","items_purchased":["Noxious Fumes","Block Potion","Pen Nib","Noxious Fumes"],"gold_per_floor":[113,132,132,145,160,160,185,185,212,222,15,15,44,100,100,204,204,222,222,222,234,149,149,165,180,205,222,238,238,250,281,281,382,382,392,403,77,77,77,106,106,122,197,197,207,220,240,259,259,259],"floor_reached":51,"campfire_rested":2,"playtime":5119,"current_hp_per_floor":[67,57,57,54,50,50,38,38,38,38,38,70,62,55,55,48,70,68,68,68,59,59,59,59,58,58,58,54,54,53,41,41,54,77,73,73,73,73,63,21,59,46,46,46,46,46,44,44,44,6],"items_purged":["Strike_G","Strike_G"],"gold":259,"play_id":"cdffddc6-f5f9-4a3b-a01b-d1e4d5dccaf8","is_prod":false,"is_daily":false,"is_ascension_mode":true,"campfire_upgraded":8,"path_taken":["M","?","?","M","M","R","E","R","T","M","$","R","E","?","R","BOSS","M","?","?","M","?","R","?","M","T","M","M","R","M","E","R","BOSS","M","M","$","?","?","E","R","M","T","R","M","M","M","M","R","BOSS"],"build_version":"2018-02-01-PROD3","purchased_purges":2,"victory":true,"master_deck":["Defend_G","Defend_G+1","Defend_G+1","Defend_G","Defend_G","Strike_G+1","Survivor","Neutralize+1","Dagger Throw+1","Dagger Spray+1","Heel Hook","Acrobatics","Footwork+1","Escape Plan","Noxious Fumes+1","PiercingWail","Adrenaline+1","Storm of Steel+1","Cloak And Dagger+1","Acrobatics+1","Adrenaline","Noxious Fumes+1","Madness","Madness","Blade Dance+1","Adrenaline","Cloak And Dagger+1"],"max_hp_per_floor":[70,70,70,70,70,70,70,70,70,70,70,70,70,70,70,70,70,70,70,70,70,70,70,70,70,70,70,70,70,70,77,77,77,77,77,77,77,77,77,77,77,77,77,77,77,77,77,77,77,77],"relics":["Black Star","Vajra","Regal Pillow","Ninja Scroll","Pantograph","Oddly Smooth Stone","Sozu","Nloth\u0027s Gift","Bag of Preparation","War Paint","Strawberry","Juzu Bracelet","Question Card","Pen Nib","Snake Skull","Lantern","Smiling Mask"],"card_choices":[{"not_picked":["Slice","Finisher"],"picked":"Dagger Throw"},{"not_picked":["Escape Plan","Caltrops"],"picked":"Dagger Spray"},{"not_picked":["Poisoned Stab","Slice"],"picked":"Heel Hook"},{"not_picked":["Skewer","PiercingWail"],"picked":"Acrobatics"},{"not_picked":["Dagger Throw","Backstab"],"picked":"Footwork"},{"not_picked":["Dagger Spray","Prepared"],"picked":"Escape Plan"},{"not_picked":["Sucker Punch","Crippling Poison"],"picked":"PiercingWail"},{"not_picked":["Quick Slash","Outmaneuver"],"picked":"Adrenaline"},{"not_picked":["Flying Knee","PiercingWail"],"picked":"Storm of Steel"},{"not_picked":["Predator","Skewer"],"picked":"Cloak And Dagger"},{"not_picked":["Masterful Stab","Heel Hook"],"picked":"Acrobatics"},{"not_picked":["Unload","Bullet Time"],"picked":"Adrenaline"},{"not_picked":["Flying Knee","Eviscerate","Dagger Throw"],"picked":"Blade Dance"},{"not_picked":["Blade Dance","Underhanded Strike","Backflip"],"picked":"Adrenaline"},{"not_picked":["Dodge and Roll","Backstab","Wraith Form"],"picked":"Cloak And Dagger"}],"player_experience":95063,"potions_floor_usage":[5,7,7,14],"damage_taken":[{"damage":3,"enemies":"Blue Slaver","floor":1,"turns":5},{"damage":10,"enemies":"Jaw Worm","floor":2,"turns":5},{"damage":3,"enemies":"Small Slimes","floor":4,"turns":3},{"damage":4,"enemies":"3 Louse","floor":5,"turns":3},{"damage":12,"enemies":"3 Sentries","floor":7,"turns":8},{"damage":0,"enemies":"2 Fungi Beasts","floor":10,"turns":3},{"damage":8,"enemies":"Lagavulin","floor":13,"turns":6},{"damage":7,"enemies":"3 Sentries","floor":14,"turns":5},{"damage":22,"enemies":"Slime Boss","floor":16,"turns":7},{"damage":2,"enemies":"Spheric Guardian","floor":18,"turns":3},{"damage":9,"enemies":"2 Thieves","floor":21,"turns":4},{"damage":0,"enemies":"Snecko","floor":24,"turns":4},{"damage":1,"enemies":"Cultist and Chosen","floor":25,"turns":6},{"damage":0,"enemies":"3 Cultists","floor":27,"turns":5},{"damage":4,"enemies":"Centurion and Healer","floor":28,"turns":4},{"damage":1,"enemies":"Snake Plant","floor":30,"turns":5},{"damage":19,"enemies":"Slavers","floor":31,"turns":5},{"damage":12,"enemies":"Automaton","floor":33,"turns":10},{"damage":4,"enemies":"3 Darklings","floor":35,"turns":3},{"damage":0,"enemies":"Orb Walker","floor":36,"turns":2},{"damage":42,"enemies":"2 Orb Walkers","floor":40,"turns":6},{"damage":13,"enemies":"4 Shapes","floor":42,"turns":5},{"damage":0,"enemies":"3 Darklings","floor":45,"turns":3},{"damage":0,"enemies":"Maw","floor":46,"turns":7},{"damage":2,"enemies":"4 Shapes","floor":47,"turns":5},{"damage":0,"enemies":"Sphere and 2 Shapes","floor":48,"turns":4},{"damage":63,"enemies":"Awakened One","floor":50,"turns":15}],"event_choices":[{"event_name":"Living Wall","player_choice":"Forget","floor":3,"damage_taken":0},{"event_name":"Dead Adventurer","player_choice":"Searched \u00272\u0027 times","floor":14,"damage_taken":0},{"event_name":"Back to Basics","player_choice":"Elegance","floor":19,"damage_taken":0},{"event_name":"N\u0027loth","player_choice":"Traded a Whetstone","floor":20,"damage_taken":0},{"event_name":"Addict","player_choice":"Obtained Relic","floor":22,"damage_taken":0},{"event_name":"Mysterious Sphere","player_choice":"Ignore","floor":38,"damage_taken":0},{"event_name":"Winding Halls","player_choice":"Embrace Madness","floor":39,"damage_taken":0}],"boss_relics":[{"not_picked":["Runic Dome","Astrolabe"],"picked":"Sozu"},{"not_picked":["Eternal Feather","Snecko Eye"],"picked":"Question Card"}],"potions_floor_spawned":[2,4,5,14,16,21,24,27,31,36,45,46,48],"seed_played":"-4899019296537162008","ascension_level":1,"is_trial":false}