{"path_per_floor":["M","?","M","M","M","E","R","?","T","E","?","M","R","M","R","B",null,"M","?","$","?","M"],"character_chosen":"IRONCLAD","items_purchased":["Shuriken","Fire Breathing"],"gold_per_floor":[119,119,136,154,171,197,197,147,173,203,278,290,290,310,310,407,407,427,427,94,94,113,113],"floor_reached":23,"campfire_rested":0,"playtime":2240,"item_purchase_floors":[20,20],"current_hp_per_floor":[79,76,80,75,63,41,41,41,41,39,28,23,23,23,23,9,80,58,58,58,58,43,0],"items_purged":[],"gold":113,"score":201,"play_id":"aef9bd5a-61c2-4e84-adbc-594920df697f","local_time":"20180606001209","is_prod":false,"is_daily":false,"chose_seed":false,"is_ascension_mode":false,"campfire_upgraded":3,"win_rate":0,"timestamp":1528269129,"campfire_choices":[{"data":"Rampage","floor":7,"key":"SMITH"},{"data":"Anger","floor":13,"key":"SMITH"},{"data":"Perfected Strike","floor":15,"key":"SMITH"}],"path_taken":["M","?","?","M","M","E","R","?","T","E","?","M","R","M","R","BOSS","M","?","?","?","M","E"],"build_version":"2018-05-31","seed_source_timestamp":252744424562936,"purchased_purges":0,"victory":false,"master_deck":["Strike_R","Strike_R","Strike_R","Strike_R","Strike_R","Bash","Warcry","Perfected Strike","Anger+1","Cleave","Rampage+1","Thunderclap","Perfected Strike+1","Heavy Blade","Demon Form","Carnage+1","Combust+1","Flame Barrier+1","Cleave","Perfected Strike","Fire Breathing","Twin Strike+1"],"max_hp_per_floor":[80,80,80,80,80,80,80,80,80,80,80,80,80,80,80,80,80,80,80,80,80,80,80],"relics":["Burning Blood","Bag of Preparation","Orichalcum","Juzu Bracelet","Ornamental Fan","Astrolabe","Shuriken"],"card_choices":[{"not_picked":["Uppercut","Iron Wave"],"picked":"Warcry","floor":1},{"not_picked":["Body Slam","Sword Boomerang"],"picked":"Perfected Strike","floor":3},{"not_picked":["Body Slam","Clash"],"picked":"Anger","floor":4},{"not_picked":["Pummel","Entrench"],"picked":"Cleave","floor":5},{"not_picked":["Iron Wave","Offering"],"picked":"Rampage","floor":6},{"not_picked":["Headbutt","Combust"],"picked":"Thunderclap","floor":10},{"not_picked":["Reckless Charge","Shrug It Off"],"picked":"Perfected Strike","floor":12},{"not_picked":["Clothesline","Ghostly Armor"],"picked":"Heavy Blade","floor":14},{"not_picked":["Impervious","Bludgeon"],"picked":"Demon Form","floor":16},{"not_picked":["Searing Blow","Second Wind"],"picked":"Cleave","floor":18},{"not_picked":["Sword Boomerang+1","True Grit"],"picked":"Twin Strike+1","floor":22}],"player_experience":22601,"potions_floor_usage":[10,16,16,16,23],"damage_taken":[{"damage":7,"enemies":"Small Slimes","floor":1,"turns":4},{"damage":0,"enemies":"2 Louse","floor":3,"turns":3},{"damage":11,"enemies":"Jaw Worm","floor":4,"turns":4},{"damage":18,"enemies":"Gremlin Gang","floor":5,"turns":5},{"damage":28,"enemies":"Gremlin Nob","floor":6,"turns":4},{"damage":8,"enemies":"3 Sentries","floor":10,"turns":6},{"damage":11,"enemies":"Blue Slaver","floor":12,"turns":3},{"damage":6,"enemies":"Exordium Wildlife","floor":14,"turns":3},{"damage":35,"enemies":"The Guardian","floor":16,"turns":10},{"damage":28,"enemies":"2 Thieves","floor":18,"turns":4},{"damage":21,"enemies":"Chosen","floor":22,"turns":4},{"damage":43,"enemies":"Book of Stabbing","floor":23,"turns":4}],"relics_obtained":[{"floor":6,"key":"Orichalcum"},{"floor":9,"key":"Juzu Bracelet"},{"floor":10,"key":"Ornamental Fan"}],"event_choices":[{"event_name":"Scrap Ooze","player_choice":"success","floor":2,"damage_taken":3},{"event_name":"The Cleric","player_choice":"Card Removal","floor":8,"damage_taken":0},{"event_name":"World of Goop","player_choice":"Gather Gold","floor":11,"damage_taken":0},{"event_name":"The Library","player_choice":"Read","floor":19,"damage_taken":0},{"event_name":"Vampires","player_choice":"Ignored","floor":21,"damage_taken":0}],"boss_relics":[{"not_picked":["Sozu","Runic Pyramid"],"picked":"Astrolabe"}],"items_purged_floors":[],"potions_floor_spawned":[3,5,6,12,18,22],"seed_played":"-7901268477845814510","killed_by":"Book of Stabbing","ascension_level":0,"potions_obtained":[{"floor":3,"key":"PowerPotion"},{"floor":5,"key":"Block Potion"},{"floor":6,"key":"GamblersBrew"},{"floor":12,"key":"Regen Potion"},{"floor":18,"key":"PowerPotion"},{"floor":22,"key":"Explosive Potion"}],"is_trial":false}