{"gold_per_floor":[118,118,118,118,293,328,340,340,340,30,30,58,84,94,94,191,191,211,136,136,136,136,136,167,167,167,167,167,67,79,95,95,95],"floor_reached":33,"playtime":1051,"items_purged":["Doubt","Normality"],"score":294,"play_id":"df1a480d-4424-4b12-840a-a962caae446e","local_time":"20190101155840","is_ascension_mode":false,"campfire_choices":[{"data":"Defend_R","floor":8.0,"key":"SMITH"},{"data":"Anger","floor":11.0,"key":"SMITH"},{"data":"Anger","floor":15.0,"key":"SMITH"},{"data":"Rage","floor":23.0,"key":"SMITH"},{"floor":25.0,"key":"REST"},{"data":"Clash","floor":28.0,"key":"SMITH"},{"floor":32,"key":"REST"}],"neow_cost":"NONE","seed_source_timestamp":622283962382924,"circlet_count":0,"master_deck":["Strike_R","Strike_R","Strike_R","Defend_R","Defend_R","Defend_R","Defend_R+1","Anger+1","Anger+1","Power Through","Clash+1","Rage+1","Shame","Flex"],"special_seed":0,"relics":["Burning Blood","NeowsBlessing","Dodecahedron","Self Forming Clay","FossilizedHelix","DollysMirror","Regal Pillow","Odd Mushroom","Cursed Key","Sundial","Anchor","Shuriken"],"potions_floor_usage":[33],"damage_taken":[{"damage":0.0,"enemies":"Small Slimes","floor":1.0,"turns":1.0},{"damage":0.0,"enemies":"Lagavulin","floor":6.0,"turns":1.0},{"damage":0.0,"enemies":"2 Louse","floor":7.0,"turns":1.0},{"damage":17.0,"enemies":"3 Sentries","floor":12.0,"turns":8.0},{"damage":5.0,"enemies":"The Mushroom Lair","floor":13.0,"turns":5.0},{"damage":0.0,"enemies":"Jaw Worm","floor":14.0,"turns":3.0},{"damage":37.0,"enemies":"Slime Boss","floor":16.0,"turns":14.0},{"damage":10.0,"enemies":"Spheric Guardian","floor":18.0,"turns":5.0},{"damage":0.0,"enemies":"Shell Parasite","floor":21.0,"turns":1.0},{"damage":83.0,"enemies":"Book of Stabbing","floor":24.0,"turns":9.0},{"damage":32.0,"enemies":"Sentry and Sphere","floor":30.0,"turns":9.0},{"damage":5,"enemies":"Shelled Parasite and Fungi","floor":31,"turns":5},{"damage":75,"enemies":"Collector","floor":33,"turns":9}],"seed_played":"-4937769117031795910","potions_obtained":[{"floor":13.0,"key":"Block Potion"},{"floor":14.0,"key":"Regen Potion"},{"floor":16.0,"key":"SmokeBomb"},{"floor":31,"key":"Swift Potion"}],"is_trial":false,"path_per_floor":["M","?","?","?","?","E","M","R","T","$","R","E","?","M","R","B",null,"M","?","T","M","?","R","E","R","T","?","R","$","M","M","R","B"],"character_chosen":"IRONCLAD","items_purchased":["Anger","DollysMirror"],"campfire_rested":2,"item_purchase_floors":[10,10],"current_hp_per_floor":[80,80,73,66,66,72,78,78,78,78,78,67,68,74,74,43,80,76,76,76,80,80,80,17,56,56,56,56,56,30,31,70,0],"gold":95,"neow_bonus":"THREE_ENEMY_KILL","is_prod":false,"is_daily":false,"chose_seed":false,"campfire_upgraded":5,"win_rate":0,"timestamp":1546376320,"path_taken":["M","?","?","?","?","E","?","R","T","?","R","E","?","M","R","BOSS","M","?","?","M","?","R","E","R","T","?","R","$","?","M","R","BOSS"],"build_version":"2018-12-20","purchased_purges":2,"victory":false,"max_hp_per_floor":[80,80,80,80,80,80,80,80,80,80,80,80,80,80,80,80,80,80,80,80,80,80,80,80,80,80,80,80,80,80,80,80,80],"card_choices":[{"not_picked":["Perfected Strike","Warcry","Twin Strike"],"picked":"SKIP","floor":1.0},{"not_picked":["Carnage","Inflame","Cleave"],"picked":"SKIP","floor":6.0},{"not_picked":["Burning Pact","Shrug It Off","Cleave"],"picked":"SKIP","floor":7.0},{"not_picked":["Warcry","Heavy Blade","Pommel Strike"],"picked":"SKIP","floor":12.0},{"not_picked":["Infernal Blade","Dual Wield"],"picked":"Power Through","floor":13.0},{"not_picked":["Metallicize","Perfected Strike"],"picked":"Clash","floor":14.0},{"not_picked":["Blood for Blood","Headbutt"],"picked":"Rage","floor":18.0},{"not_picked":["Heavy Blade+1","Warcry","Corruption"],"picked":"SKIP","floor":24.0},{"not_picked":["Clothesline","Headbutt+1"],"picked":"Flex","floor":30.0},{"not_picked":["Sword Boomerang","Searing Blow","Corruption+1"],"picked":"SKIP","floor":31}],"player_experience":380591,"relics_obtained":[{"floor":6.0,"key":"Self Forming Clay"},{"floor":9.0,"key":"FossilizedHelix"},{"floor":12.0,"key":"Regal Pillow"},{"floor":13.0,"key":"Odd Mushroom"},{"floor":20.0,"key":"Sundial"},{"floor":24.0,"key":"Anchor"},{"floor":26.0,"key":"Shuriken"}],"event_choices":[{"cards_removed":["Bash"],"damage_healed":0.0,"max_hp_gain":0.0,"max_hp_loss":0.0,"gold_gain":0.0,"event_name":"Living Wall","player_choice":"Forget","floor":2.0,"gold_loss":0.0,"damage_taken":0.0},{"damage_healed":0.0,"max_hp_gain":0.0,"max_hp_loss":0.0,"gold_gain":0.0,"event_name":"Scrap Ooze","player_choice":"Success","floor":3.0,"gold_loss":0.0,"damage_taken":7.0,"relics_obtained":["Dodecahedron"]},{"cards_removed":["Strike_R"],"damage_healed":0.0,"max_hp_gain":0.0,"max_hp_loss":0.0,"gold_gain":0.0,"event_name":"Golden Wing","player_choice":"Card Removal","floor":4.0,"gold_loss":0.0,"damage_taken":7.0},{"damage_healed":0.0,"max_hp_gain":0.0,"max_hp_loss":0.0,"gold_gain":175.0,"event_name":"Liars Game","player_choice":"AGREE","floor":5.0,"gold_loss":0.0,"damage_taken":0.0,"cards_obtained":["Doubt"]},{"damage_healed":0.0,"max_hp_gain":0.0,"max_hp_loss":0.0,"gold_gain":0.0,"event_name":"Mushrooms","player_choice":"Fought Mushrooms","floor":13.0,"gold_loss":0.0,"damage_taken":0.0},{"cards_removed":["Strike_R"],"damage_healed":0.0,"max_hp_gain":0.0,"max_hp_loss":0.0,"gold_gain":0.0,"event_name":"Beggar","player_choice":"Gave Gold","floor":19.0,"gold_loss":75.0,"damage_taken":0.0},{"damage_healed":0.0,"max_hp_gain":0.0,"max_hp_loss":0.0,"gold_gain":0.0,"event_name":"Ghosts","player_choice":"Ignored","floor":22.0,"gold_loss":0.0,"damage_taken":0.0},{"damage_healed":0.0,"max_hp_gain":0.0,"max_hp_loss":0.0,"gold_gain":0.0,"event_name":"Vampires","player_choice":"Ignored","floor":27.0,"gold_loss":0.0,"damage_taken":0.0}],"is_beta":false,"boss_relics":[{"not_picked":["Sozu","White Beast Statue"],"picked":"Cursed Key"}],"items_purged_floors":[10,29],"is_endless":false,"potions_floor_spawned":[13,14,16,31],"killed_by":"Collector","ascension_level":0}