{"gold_per_floor":[360,376,339,514,514,843,813,813,813,828,847,858,871,888,888,993,993,1011,550,568,587,287,287,287,212,212,212],"floor_reached":27,"playtime":2779,"items_purged":[],"score":240,"play_id":"86970dce-7795-442b-ba88-d86b2ffd1469","local_time":"20190106204951","is_ascension_mode":false,"campfire_choices":[{"floor":8,"key":"REST"},{"floor":15,"key":"REST"},{"floor":23,"key":"REST"}],"neow_cost":"TEN_PERCENT_HP_LOSS","seed_source_timestamp":1453631399095546,"circlet_count":0,"master_deck":["Strike_B","Strike_B","Strike_B","Strike_B","Defend_B","Defend_B","Defend_B","Defend_B","Zap","Dualcast","Coolheaded","Redo","Cold Snap","Self Repair","Rebound","Go for the Eyes","White Noise","Fission","Rainbow","Double Energy","Ball Lightning","Beam Cell","Sweeping Beam"],"relics":["Cracked Core","Old Coin","Shuriken","Black Star","Anchor","Ornamental Fan","Ginger","Letter Opener"],"potions_floor_usage":[6,16,16,16,16,16,16,16],"damage_taken":[{"damage":2,"enemies":"2 Louse","floor":1,"turns":3},{"damage":8,"enemies":"Small Slimes","floor":2,"turns":4},{"damage":55,"enemies":"Gremlin Nob","floor":6,"turns":5},{"damage":0,"enemies":"Cultist","floor":10,"turns":4},{"damage":2,"enemies":"Blue Slaver","floor":11,"turns":6},{"damage":6,"enemies":"3 Louse","floor":12,"turns":4},{"damage":6,"enemies":"Exordium Wildlife","floor":13,"turns":4},{"damage":12,"enemies":"Blue Slaver","floor":14,"turns":2},{"damage":31,"enemies":"The Guardian","floor":16,"turns":15},{"damage":16,"enemies":"3 Byrds","floor":18,"turns":6},{"damage":12,"enemies":"Chosen","floor":20,"turns":7},{"damage":42,"enemies":"Centurion and Healer","floor":21,"turns":11},{"damage":18,"enemies":"Colosseum Slavers","floor":24,"turns":7},{"damage":0,"enemies":"3 Cultists","floor":27,"turns":1}],"seed_played":"1992833591060163483","potions_obtained":[{"floor":1,"key":"Weak Potion"},{"floor":6,"key":"Energy Potion"},{"floor":7,"key":"Explosive Potion"},{"floor":7,"key":"EntropicBrew"},{"floor":14,"key":"EssenceOfSteel"},{"floor":16,"key":"Poison Potion"},{"floor":21,"key":"Block Potion"}],"is_trial":false,"path_per_floor":["M","M","?","?","?","E","?","R","T","M","M","M","M","M","R","B",null,"M","$","M","M","$","R","?","?","T","M"],"character_chosen":"DEFECT","items_purchased":["Anchor","Ornamental Fan","Ball Lightning","Ginger"],"campfire_rested":3,"item_purchase_floors":[19,19,19,22],"current_hp_per_floor":[66,58,58,58,58,3,3,23,23,23,28,29,30,18,38,14,68,59,59,54,19,19,39,28,28,28,28],"gold":212,"neow_bonus":"TWO_FIFTY_GOLD","is_prod":false,"is_daily":false,"chose_seed":false,"campfire_upgraded":0,"win_rate":0.0,"timestamp":1546825791,"path_taken":["M","M","?","?","?","E","?","R","T","M","M","M","?","M","R","BOSS","M","$","M","M","$","R","?","?","T","?"],"build_version":"2019-01-03v4","purchased_purges":0,"victory":false,"max_hp_per_floor":[68,68,68,68,68,68,68,68,68,68,68,68,68,68,68,68,68,68,68,68,68,68,68,68,68,68,68],"card_choices":[{"not_picked":["Stack","Streamline"],"picked":"Coolheaded","floor":1},{"not_picked":["Darkness","Barrage"],"picked":"Redo","floor":2},{"not_picked":["Undo","Redo"],"picked":"Cold Snap","floor":6},{"not_picked":["Ball Lightning","Reprogram"],"picked":"Self Repair","floor":10},{"not_picked":["Steam","Reprogram"],"picked":"Rebound","floor":11},{"not_picked":["Consume","Chill"],"picked":"Go for the Eyes","floor":12},{"not_picked":["Chill","Conserve Battery"],"picked":"White Noise","floor":13},{"not_picked":["Steam","Heatsinks"],"picked":"Fission","floor":14},{"not_picked":["Echo Form","Amplify"],"picked":"Rainbow","floor":16},{"not_picked":["Steam","Hologram"],"picked":"Double Energy","floor":18},{"not_picked":["Aggregate","Gash"],"picked":"Beam Cell","floor":20},{"not_picked":["Streamline","Echo Form"],"picked":"Sweeping Beam","floor":21}],"player_experience":32318,"relics_obtained":[{"floor":6,"key":"Old Coin"},{"floor":9,"key":"Shuriken"},{"floor":26,"key":"Letter Opener"}],"event_choices":[{"damage_healed":0,"gold_gain":0,"player_choice":"Left Gold","damage_taken":0,"max_hp_gain":0,"max_hp_loss":0,"event_name":"World of Goop","floor":3,"gold_loss":37},{"damage_healed":0,"gold_gain":175,"player_choice":"AGREE","damage_taken":0,"max_hp_gain":0,"max_hp_loss":0,"event_name":"Liars Game","floor":4,"gold_loss":0,"cards_obtained":["Doubt"]},{"damage_healed":0,"gold_gain":0,"player_choice":"Ignored","damage_taken":0,"max_hp_gain":0,"max_hp_loss":0,"event_name":"Golden Wing","floor":5,"gold_loss":0},{"damage_healed":0,"gold_gain":0,"player_choice":"Bought 2 Potions","damage_taken":0,"max_hp_gain":0,"max_hp_loss":0,"event_name":"The Woman in Blue","floor":7,"gold_loss":0},{"damage_healed":0,"gold_gain":0,"player_choice":"Fight","damage_taken":0,"max_hp_gain":0,"max_hp_loss":0,"event_name":"Colosseum","floor":24,"gold_loss":0},{"damage_healed":0,"gold_gain":0,"player_choice":"Fled From Nobs","damage_taken":0,"max_hp_gain":0,"max_hp_loss":0,"event_name":"Colosseum","floor":24,"gold_loss":0},{"cards_removed":["Doubt"],"damage_healed":0,"gold_gain":0,"player_choice":"Gave Gold","damage_taken":0,"max_hp_gain":0,"max_hp_loss":0,"event_name":"Beggar","floor":25,"gold_loss":75}],"is_beta":false,"boss_relics":[{"not_picked":["Calling Bell","Coffee Dripper"],"picked":"Black Star"}],"items_purged_floors":[],"is_endless":false,"potions_floor_spawned":[1,6,14,16,21,24],"killed_by":"3 Cultists","ascension_level":0}