{"gold_per_floor":[115,40,40,108,126,126,139,151,151,257,307,30,30,97,97,176,176,192,242,217,338,248],"floor_reached":22,"playtime":1079,"items_purged":["Strike_B","Strike_B"],"score":287,"play_id":"46f36731-b589-4b4c-a633-a1390908a425","local_time":"20181116183021","is_ascension_mode":true,"campfire_choices":[{"data":"Zap","floor":6,"key":"SMITH"},{"data":"Defragment","floor":13,"key":"SMITH"},{"data":"Loop","floor":15,"key":"SMITH"}],"neow_cost":"NONE","seed_source_timestamp":16038544456646,"circlet_count":0,"master_deck":["AscendersBane","Strike_B","Defend_B","Defend_B","Defend_B","Defend_B","Zap+1","Dualcast","Gash","Glacier","Loop","Rebound","Defragment+1","Loop+1","Hologram","Coolheaded","Creative AI","Skim+1","Necronomicurse"],"relics":["Cracked Core","SsserpentHead","Dodecahedron","PreservedInsect","Tiny Chest","Inserter","Necronomicon","Ornamental Fan"],"potions_floor_usage":[16,22,22,22,22],"damage_taken":[{"damage":0,"enemies":"2 Louse","floor":1,"turns":2},{"damage":0,"enemies":"Cultist","floor":4,"turns":3},{"damage":7,"enemies":"Jaw Worm","floor":5,"turns":3},{"damage":11,"enemies":"3 Louse","floor":7,"turns":5},{"damage":4,"enemies":"Red Slaver","floor":8,"turns":4},{"damage":4,"enemies":"3 Sentries","floor":10,"turns":11},{"damage":0,"enemies":"Blue Slaver","floor":14,"turns":4},{"damage":33,"enemies":"Slime Boss","floor":16,"turns":16},{"damage":9,"enemies":"Shell Parasite","floor":18,"turns":8},{"damage":45,"enemies":"2 Thieves","floor":22,"turns":3}],"seed_played":"494662332409962811","potions_obtained":[{"floor":1,"key":"SteroidPotion"},{"floor":4,"key":"SteroidPotion"},{"floor":10,"key":"EssenceOfSteel"},{"floor":16,"key":"EntropicBrew"}],"is_trial":false,"path_per_floor":["M","$","?","M","M","R","M","M","T","?","?","$","R","M","R","B",null,"M","?","?","T","M"],"character_chosen":"DEFECT","items_purchased":["Tiny Chest","Hologram"],"campfire_rested":0,"item_purchase_floors":[12,12],"current_hp_per_floor":[68,68,68,68,61,61,50,46,46,42,42,42,42,42,42,9,59,50,34,34,34,0],"gold":248,"neow_bonus":"THREE_CARDS","is_prod":false,"is_daily":false,"chose_seed":false,"campfire_upgraded":3,"win_rate":0,"timestamp":1542421821,"path_taken":["M","$","?","?","M","R","M","M","T","?","?","$","R","?","R","BOSS","M","?","?","?","M"],"build_version":"2018-11-15","purchased_purges":2,"victory":false,"max_hp_per_floor":[75,75,75,75,75,75,75,75,75,75,75,75,75,75,75,75,75,75,75,75,75,75],"card_choices":[{"not_picked":["Barrage","Rebound"],"picked":"Gash","floor":0},{"not_picked":["Aggregate","Cold Snap","Barrage"],"picked":"SKIP","floor":1},{"not_picked":["Steam","Turbo"],"picked":"Glacier","floor":4},{"not_picked":["Chaos","Doom and Gloom"],"picked":"Loop","floor":5},{"not_picked":["Storm","Double Energy"],"picked":"Rebound","floor":7},{"not_picked":["Hologram","Multi-Cast"],"picked":"Defragment","floor":8},{"not_picked":["FTL","Undo"],"picked":"Loop","floor":10},{"not_picked":["Steam","Stack"],"picked":"Coolheaded","floor":14},{"not_picked":["Multi-Cast","Thunder Strike"],"picked":"Creative AI","floor":16},{"not_picked":["Cold Snap","Genetic Algorithm"],"picked":"Skim+1","floor":18}],"player_experience":413818,"relics_obtained":[{"floor":9,"key":"Dodecahedron"},{"floor":10,"key":"PreservedInsect"},{"floor":19,"key":"Necronomicon"},{"floor":21,"key":"Ornamental Fan"}],"event_choices":[{"damage_healed":0,"gold_gain":0,"player_choice":"Trade","damage_taken":0,"relics_obtained":["SsserpentHead"],"max_hp_gain":0,"max_hp_loss":0,"event_name":"FaceTrader","floor":3,"gold_loss":0},{"damage_healed":0,"gold_gain":0,"player_choice":"Searched \u00271\u0027 times","damage_taken":0,"max_hp_gain":0,"max_hp_loss":0,"event_name":"Dead Adventurer","floor":10,"gold_loss":0},{"damage_healed":0,"gold_gain":0,"player_choice":"Bought 0 Potions","damage_taken":0,"max_hp_gain":0,"max_hp_loss":0,"event_name":"The Woman in Blue","floor":11,"gold_loss":0},{"damage_healed":0,"gold_gain":0,"player_choice":"Obtained Book","damage_taken":16,"max_hp_gain":0,"max_hp_loss":0,"event_name":"Cursed Tome","floor":19,"gold_loss":0},{"cards_removed":["Strike_B"],"damage_healed":0,"gold_gain":0,"player_choice":"Gave Gold","damage_taken":0,"max_hp_gain":0,"max_hp_loss":0,"event_name":"Beggar","floor":20,"gold_loss":75}],"is_beta":false,"boss_relics":[{"not_picked":["Tiny House","Coffee Dripper"],"picked":"Inserter"}],"items_purged_floors":[2,12],"is_endless":false,"potions_floor_spawned":[1,4,7,10,16],"killed_by":"2 Thieves","ascension_level":13}