{"path_per_floor":["M","$","?","?","?","E","R","E","T","R","E","$","M","M","R","B",null,"M","$","M","M","?"],"character_chosen":"IRONCLAD","items_purchased":["Searing Blow","Perfected Strike","Armaments","Shuriken"],"gold_per_floor":[113,0,75,75,75,109,109,142,142,142,176,105,122,142,142,240,270,280,21,35,46,46,46],"floor_reached":23,"campfire_rested":3,"playtime":2079,"current_hp_per_floor":[73,73,62,47,47,9,36,12,12,39,31,31,37,38,65,25,95,83,83,62,48,39,13],"items_purged":["Decay"],"gold":46,"score":242,"play_id":"7b3b239c-c9b0-4567-a37b-478a408e65d1","local_time":"20180324185330","is_prod":false,"is_daily":false,"is_ascension_mode":true,"campfire_upgraded":0,"timestamp":1521939210,"path_taken":["M","$","?","?","?","E","R","E","T","R","E","?","M","?","R","BOSS","M","$","M","M","?","E"],"build_version":"2018-03-22v2","purchased_purges":2,"victory":false,"master_deck":["Strike_R","Strike_R","Strike_R","Strike_R","Strike_R","Defend_R","Defend_R","Defend_R","Defend_R","Bash","Perfected Strike","Searing Blow","Bash+1","Madness","Inflame","Heavy Blade","Inflame","Perfected Strike","Armaments","Seeing Red","Demon Form","Battle Trance","Inflame","Metallicize","Pommel Strike"],"max_hp_per_floor":[80,80,80,90,90,90,90,90,90,90,90,90,90,90,90,90,95,95,95,95,95,95,95],"relics":["Burning Blood","Peace Pipe","Pear","Bag of Preparation","Bag of Marbles","Self Forming Clay","Bottled Tornado","Tiny House","Shuriken"],"card_choices":[{"not_picked":["Headbutt","Rupture"],"picked":"Perfected Strike","floor":1},{"not_picked":["Thunderclap","Hemokinesis"],"picked":"Inflame","floor":6},{"not_picked":["Bloodletting","Infernal Blade"],"picked":"Heavy Blade","floor":8},{"not_picked":["Shockwave","Burning Pact"],"picked":"Inflame","floor":11},{"not_picked":["Havoc","Warcry"],"picked":"Seeing Red","floor":14},{"not_picked":["Fiend Fire","Offering"],"picked":"Demon Form","floor":16},{"not_picked":["Seeing Red","Blood for Blood"],"picked":"Battle Trance","floor":17},{"not_picked":["Twin Strike","Sword Boomerang"],"picked":"Inflame","floor":18},{"not_picked":["Shrug It Off","Corruption"],"picked":"Metallicize","floor":20},{"not_picked":["Cleave","Sentinel"],"picked":"Pommel Strike","floor":21}],"player_experience":209611,"potions_floor_usage":[8,11,21],"damage_taken":[{"damage":13,"enemies":"Jaw Worm","floor":1,"turns":2},{"damage":44,"enemies":"Lagavulin","floor":6,"turns":6},{"damage":30,"enemies":"3 Sentries","floor":8,"turns":8},{"damage":23,"enemies":"Lagavulin","floor":11,"turns":5},{"damage":0,"enemies":"2 Louse","floor":13,"turns":2},{"damage":5,"enemies":"Small Slimes","floor":14,"turns":2},{"damage":46,"enemies":"Slime Boss","floor":16,"turns":11},{"damage":18,"enemies":"Chosen","floor":18,"turns":4},{"damage":27,"enemies":"Spheric Guardian","floor":20,"turns":5},{"damage":20,"enemies":"Chosen and Byrds","floor":21,"turns":6},{"damage":26,"enemies":"Slavers","floor":23,"turns":3}],"event_choices":[{"event_name":"World of Goop","player_choice":"Gather Gold","floor":3,"damage_taken":0},{"event_name":"Scrap Ooze","player_choice":"success","floor":4,"damage_taken":25},{"event_name":"Match and Keep!","player_choice":"2 cards matched","floor":5,"damage_taken":0},{"event_name":"Wheel of Change","player_choice":"Damage","floor":22,"damage_taken":0}],"boss_relics":[{"not_picked":["Ectoplasm","Runic Dome"],"picked":"Tiny House"}],"potions_floor_spawned":[6,8],"seed_played":"4220697395394615227","killed_by":"Slavers","ascension_level":1,"is_trial":false}