{"gold_per_floor":[113,127,141,141,141,141,167,195,218,56,116,169,243,274,274,370,370,406,406,425,440,477,504,604,629,655,707,707,321,246,272,272,367,367,380,380,398,178,192,226,266,292,292,292,103,137,137,149,149,169,169,169,21,54,54],"floor_reached":56,"playtime":4012,"items_purged":["Strike_G","Strike_G","Defend_G","HandOfGreed"],"score":2079,"play_id":"e2887745-93e8-4b8b-bcea-61a398030a41","local_time":"20190213001617","is_ascension_mode":true,"campfire_choices":[{"data":"Crippling Poison","floor":6.0,"key":"SMITH"},{"floor":15.0,"key":"REST"},{"data":"Catalyst","floor":28.0,"key":"SMITH"},{"floor":32.0,"key":"RECALL"},{"data":"Defend_G","floor":44.0,"key":"PURGE"},{"data":"Defend_G","floor":49.0,"key":"PURGE"},{"data":"Defend_G","floor":52.0,"key":"PURGE"}],"neow_cost":"PERCENT_DAMAGE","seed_source_timestamp":0,"circlet_count":0,"master_deck":["Survivor+1","Neutralize","Crippling Poison+1","Backflip","Deadly Poison","Noxious Fumes","Catalyst+1","PiercingWail","Die Die Die","Dodge and Roll+1","PiercingWail","Blur+1","Blur+1","Leg Sweep","Heel Hook+1","Escape Plan+1","Backflip","Prepared","Deadly Poison+1","Escape Plan","Escape Plan","Well Laid Plans","Deadly Poison+1"],"special_seed":0,"relics":["Ring of the Snake","Incense Burner","Art of War","Odd Mushroom","Oddly Smooth Stone","Pen Nib","Black Star","Orichalcum","Meat on the Bone","Du-Vu Doll","Shuriken","Molten Egg 2","Snake Skull","Unceasing Top","Centennial Puzzle","Membership Card","War Paint","Tiny Chest","Omamori","Philosopher\u0027s Stone","Ornamental Fan","TwistedFunnel","Lantern","Peace Pipe","Mummified Hand","Bag of Marbles","Pear","Gremlin Horn","Bottled Tornado","Boot","Bag of Preparation","Bronze Scales","Paper Crane"],"potions_floor_usage":[],"damage_taken":[{"damage":5.0,"enemies":"Jaw Worm","floor":1.0,"turns":6.0},{"damage":6.0,"enemies":"Small Slimes","floor":2.0,"turns":4.0},{"damage":0.0,"enemies":"2 Louse","floor":3.0,"turns":3.0},{"damage":22.0,"enemies":"Gremlin Nob","floor":7.0,"turns":5.0},{"damage":3.0,"enemies":"The Mushroom Lair","floor":8.0,"turns":4.0},{"damage":0.0,"enemies":"Exordium Thugs","floor":11.0,"turns":4.0},{"damage":0.0,"enemies":"Gremlin Gang","floor":12.0,"turns":3.0},{"damage":8.0,"enemies":"3 Sentries","floor":13.0,"turns":7.0},{"damage":4.0,"enemies":"Large Slime","floor":14.0,"turns":7.0},{"damage":3.0,"enemies":"Hexaghost","floor":16.0,"turns":8.0},{"damage":11.0,"enemies":"Shell Parasite","floor":18.0,"turns":6.0},{"damage":0.0,"enemies":"Chosen","floor":20.0,"turns":4.0},{"damage":21.0,"enemies":"Snake Plant","floor":21.0,"turns":6.0},{"damage":6.0,"enemies":"Centurion and Healer","floor":22.0,"turns":7.0},{"damage":3.0,"enemies":"Gremlin Leader","floor":23.0,"turns":8.0},{"damage":13.0,"enemies":"Colosseum Slavers","floor":24.0,"turns":6.0},{"damage":4.0,"enemies":"Colosseum Nobs","floor":24.0,"turns":5.0},{"damage":8.0,"enemies":"Book of Stabbing","floor":25.0,"turns":8.0},{"damage":3.0,"enemies":"Gremlin Leader","floor":27.0,"turns":5.0},{"damage":10.0,"enemies":"Champ","floor":33.0,"turns":9.0},{"damage":0.0,"enemies":"Orb Walker","floor":35.0,"turns":5.0},{"damage":0.0,"enemies":"3 Darklings","floor":37.0,"turns":5.0},{"damage":12.0,"enemies":"Spire Growth","floor":39.0,"turns":4.0},{"damage":14.0,"enemies":"Giant Head","floor":40.0,"turns":9.0},{"damage":0.0,"enemies":"Jaw Worm Horde","floor":41.0,"turns":4.0},{"damage":0.0,"enemies":"Nemesis","floor":42.0,"turns":7.0},{"damage":0.0,"enemies":"Giant Head","floor":46.0,"turns":7.0},{"damage":0.0,"enemies":"Writhing Mass","floor":48.0,"turns":3.0},{"damage":7.0,"enemies":"Awakened One","floor":50.0,"turns":16.0},{"damage":0,"enemies":"Shield and Spear","floor":54,"turns":5},{"damage":38,"enemies":"The Heart","floor":55,"turns":9}],"seed_played":"906696028724293848","potions_obtained":[{"floor":1.0,"key":"Regen Potion"},{"floor":2.0,"key":"Energy Potion"},{"floor":11.0,"key":"SteroidPotion"},{"floor":14.0,"key":"Swift Potion"},{"floor":16.0,"key":"SneckoOil"},{"floor":21.0,"key":"GhostInAJar"},{"floor":23.0,"key":"SneckoOil"},{"floor":24.0,"key":"Regen Potion"},{"floor":25.0,"key":"SpeedPotion"},{"floor":37.0,"key":"Fire Potion"},{"floor":39.0,"key":"PowerPotion"},{"floor":48.0,"key":"SteroidPotion"},{"floor":54,"key":"Fire Potion"}],"is_trial":false,"path_per_floor":["M","M","M","?","?","R","E","?","T","$","M","M","E","M","R","B",null,"M","?","M","M","M","E","?","E","T","E","R","$","?","T","R","B",null,"M","T","M","$","M","E","M","E","T","R","$","E","?","M","R","B",null,"R","$","E","B",null],"character_chosen":"THE_SILENT","items_purchased":["HandOfGreed","Membership Card","War Paint","Tiny Chest","Prepared","TwistedFunnel","Lantern","Bottled Tornado","Escape Plan","Well Laid Plans"],"campfire_rested":1,"item_purchase_floors":[10,29,29,29,29,38,38,45,53,53],"current_hp_per_floor":[40,34,34,34,39,39,17,26,26,26,26,26,18,14,36,33,65,54,54,54,33,27,24,31,38,38,47,47,47,47,47,47,49,69,69,69,69,69,57,43,43,53,53,53,53,53,53,53,53,46,75,75,75,75,49],"gold":54,"neow_bonus":"ONE_RARE_RELIC","is_prod":false,"is_daily":false,"chose_seed":false,"campfire_upgraded":2,"win_rate":0,"timestamp":1550006177,"path_taken":["M","M","M","?","?","R","E","?","T","?","?","M","E","M","R","BOSS","M","?","M","M","?","E","?","E","T","E","R","$","?","?","R","BOSS","M","?","M","$","M","E","?","E","T","R","$","E","?","M","R","BOSS","R","$","E","BOSS"],"build_version":"2019-01-23","purchased_purges":4,"victory":true,"max_hp_per_floor":[70,70,70,70,75,75,75,75,75,75,75,75,75,75,75,75,75,75,75,75,75,75,75,75,75,75,75,75,75,75,75,75,75,75,75,75,75,75,75,75,75,85,85,85,85,85,85,85,85,85,85,85,85,85,85],"card_choices":[{"not_picked":["Expertise","Poisoned Stab"],"picked":"Crippling Poison","floor":1.0},{"not_picked":["Deflect","Quick Slash"],"picked":"Backflip","floor":2.0},{"not_picked":["Wraith Form v2","Eviscerate"],"picked":"Deadly Poison","floor":3.0},{"not_picked":["Dagger Spray","All Out Attack","Backstab"],"picked":"SKIP","floor":7.0},{"not_picked":["Predator","Terror","Tactician"],"picked":"SKIP","floor":11.0},{"not_picked":["Deflect","Poisoned Stab"],"picked":"Noxious Fumes","floor":12.0},{"not_picked":["Sucker Punch","Prepared"],"picked":"Catalyst","floor":13.0},{"not_picked":["Sucker Punch","Dagger Spray"],"picked":"PiercingWail","floor":14.0},{"not_picked":["Night Terror","Envenom"],"picked":"Die Die Die","floor":16.0},{"not_picked":["Prepared","Choke"],"picked":"Dodge and Roll+1","floor":18.0},{"not_picked":["PiercingWail","Flying Knee","Choke"],"picked":"SKIP","floor":20.0},{"not_picked":["Flying Knee","Choke"],"picked":"PiercingWail","floor":20.0},{"not_picked":["PiercingWail","Calculated Gamble"],"picked":"Blur+1","floor":21.0},{"not_picked":["Concentrate","Dash"],"picked":"Blur+1","floor":22.0},{"not_picked":["Blade Dance","Phantasmal Killer"],"picked":"Leg Sweep","floor":23.0},{"not_picked":["Dagger Spray","Bane"],"picked":"Heel Hook+1","floor":24.0},{"not_picked":["Outmaneuver","Bane"],"picked":"Escape Plan","floor":25.0},{"not_picked":["Acrobatics","Flying Knee+1"],"picked":"Backflip","floor":27.0},{"not_picked":["Infinite Blades","Tactician+1","Outmaneuver"],"picked":"SKIP","floor":35.0},{"not_picked":["Backstab+1","Slice+1","Bouncing Flask+1"],"picked":"SKIP","floor":37.0},{"not_picked":["PiercingWail","Underhanded Strike+1"],"picked":"Deadly Poison+1","floor":39.0},{"not_picked":["Flying Knee+1","Acrobatics","Sucker Punch+1"],"picked":"SKIP","floor":40.0},{"not_picked":["Bullet Time","Acrobatics+1"],"picked":"Escape Plan","floor":41.0},{"not_picked":["Acrobatics","Slice+1","Dagger Spray+1"],"picked":"SKIP","floor":42.0},{"not_picked":["Dodge and Roll","Terror+1","Underhanded Strike+1"],"picked":"SKIP","floor":46.0},{"not_picked":["Distraction+1","Predator+1","Riddle With Holes+1"],"picked":"SKIP","floor":48.0},{"not_picked":["Outmaneuver","Dagger Throw+1"],"picked":"Deadly Poison+1","floor":54}],"player_experience":278676,"relics_obtained":[{"floor":7.0,"key":"Art of War"},{"floor":8.0,"key":"Odd Mushroom"},{"floor":9.0,"key":"Oddly Smooth Stone"},{"floor":13.0,"key":"Pen Nib"},{"floor":23.0,"key":"Orichalcum"},{"floor":23.0,"key":"Meat on the Bone"},{"floor":24.0,"key":"Du-Vu Doll"},{"floor":24.0,"key":"Shuriken"},{"floor":25.0,"key":"Molten Egg 2"},{"floor":25.0,"key":"Snake Skull"},{"floor":27.0,"key":"Unceasing Top"},{"floor":27.0,"key":"Centennial Puzzle"},{"floor":31.0,"key":"Omamori"},{"floor":36.0,"key":"Ornamental Fan"},{"floor":40.0,"key":"Peace Pipe"},{"floor":40.0,"key":"Mummified Hand"},{"floor":42.0,"key":"Bag of Marbles"},{"floor":42.0,"key":"Pear"},{"floor":43.0,"key":"Gremlin Horn"},{"floor":46.0,"key":"Boot"},{"floor":46.0,"key":"Bag of Preparation"},{"floor":54,"key":"Bronze Scales"},{"floor":54,"key":"Paper Crane"}],"event_choices":[{"cards_removed":["Strike_G"],"damage_healed":0.0,"max_hp_gain":0.0,"max_hp_loss":0.0,"gold_gain":0.0,"event_name":"Living Wall","player_choice":"Forget","floor":4.0,"gold_loss":0.0,"damage_taken":0.0},{"damage_healed":0.0,"max_hp_gain":5.0,"max_hp_loss":0.0,"gold_gain":0.0,"event_name":"Big Fish","player_choice":"Donut","floor":5.0,"gold_loss":0.0,"damage_taken":0.0},{"damage_healed":0.0,"max_hp_gain":0.0,"max_hp_loss":0.0,"gold_gain":0.0,"event_name":"Mushrooms","player_choice":"Fought Mushrooms","floor":8.0,"gold_loss":0.0,"damage_taken":0.0},{"cards_removed":["Strike_G"],"damage_healed":0.0,"max_hp_gain":0.0,"max_hp_loss":0.0,"gold_gain":0.0,"event_name":"Purifier","player_choice":"Purged","floor":19.0,"gold_loss":0.0,"damage_taken":0.0},{"damage_healed":0.0,"max_hp_gain":0.0,"max_hp_loss":0.0,"gold_gain":0.0,"event_name":"Colosseum","player_choice":"Fight","floor":24.0,"gold_loss":0.0,"damage_taken":0.0},{"damage_healed":0.0,"max_hp_gain":0.0,"max_hp_loss":0.0,"gold_gain":0.0,"event_name":"Colosseum","player_choice":"Fought Nobs","floor":24.0,"gold_loss":0.0,"damage_taken":0.0},{"cards_removed":["Strike_G"],"damage_healed":0.0,"max_hp_gain":0.0,"max_hp_loss":0.0,"gold_gain":0.0,"event_name":"Beggar","player_choice":"Gave Gold","floor":30.0,"gold_loss":75.0,"damage_taken":0.0},{"cards_removed":["Defend_G"],"damage_healed":0.0,"max_hp_gain":0.0,"max_hp_loss":0.0,"gold_gain":0.0,"event_name":"Purifier","player_choice":"Purged","floor":47.0,"gold_loss":0.0,"damage_taken":0.0}],"is_beta":false,"boss_relics":[{"not_picked":["Ring of the Serpent","HoveringKite"],"picked":"Black Star"},{"not_picked":["White Beast Statue","Calling Bell"],"picked":"Philosopher\u0027s Stone"}],"items_purged_floors":[29,38,45,53],"is_endless":false,"potions_floor_spawned":[1,2,11,14,16,21,23,24,24,25,37,39,48,54],"ascension_level":6}