{"gold_per_floor":[118,136,136,61,79,79,105,127,179,179],"floor_reached":10,"playtime":729,"items_purged":["Pain"],"score":89,"play_id":"45e65e02-7e82-4d85-a536-c50d167ef9a5","local_time":"20190213102650","is_ascension_mode":true,"campfire_choices":[{"data":"Neutralize","floor":6,"key":"SMITH"}],"neow_cost":"NONE","seed_source_timestamp":294761351054236,"circlet_count":0,"master_deck":["Defend_G","Defend_G","Defend_G","Defend_G","Defend_G","Strike_G","Strike_G","Strike_G","Survivor","Neutralize+1","PiercingWail","Cloak And Dagger","Prepared"],"relics":["Empty Cage","WarpedTongs","Orichalcum","Odd Mushroom","Lantern"],"potions_floor_usage":[7,7],"damage_taken":[{"damage":3,"enemies":"2 Louse","floor":1,"turns":3},{"damage":3,"enemies":"Cultist","floor":2,"turns":5},{"damage":1,"enemies":"Small Slimes","floor":5,"turns":5},{"damage":29,"enemies":"3 Sentries","floor":7,"turns":18},{"damage":7,"enemies":"The Mushroom Lair","floor":8,"turns":6},{"damage":0,"enemies":"Lagavulin","floor":10,"turns":1}],"seed_played":"5721928563145106777","potions_obtained":[{"floor":1,"key":"Weak Potion"},{"floor":5,"key":"EssenceOfSteel"}],"is_trial":false,"path_per_floor":["M","M","?","$","M","R","E","?","T","E"],"character_chosen":"THE_SILENT","items_purchased":[],"campfire_rested":0,"item_purchase_floors":[],"current_hp_per_floor":[60,57,57,57,56,56,27,20,20,20],"gold":179,"neow_bonus":"BOSS_RELIC","is_prod":false,"is_daily":false,"chose_seed":false,"campfire_upgraded":1,"win_rate":0,"timestamp":1550042810,"path_taken":["M","M","?","?","M","R","E","?","T","E"],"build_version":"2019-01-23","purchased_purges":1,"victory":false,"max_hp_per_floor":[70,70,70,70,70,70,70,70,70,70],"card_choices":[{"not_picked":["Distraction","Backstab","Outmaneuver"],"picked":"SKIP","floor":1},{"not_picked":["Expertise","All Out Attack"],"picked":"PiercingWail","floor":2},{"not_picked":["Dagger Spray","Backstab","Bane"],"picked":"SKIP","floor":5},{"not_picked":["Bane","Distraction"],"picked":"Cloak And Dagger","floor":7},{"not_picked":["Deadly Poison","Poisoned Stab"],"picked":"Prepared","floor":8}],"player_experience":286857,"relics_obtained":[{"floor":7,"key":"Orichalcum"},{"floor":8,"key":"Odd Mushroom"},{"floor":9,"key":"Lantern"}],"event_choices":[{"damage_healed":0,"gold_gain":0,"player_choice":"Rummage","damage_taken":0,"relics_obtained":["WarpedTongs"],"max_hp_gain":0,"max_hp_loss":0,"event_name":"Accursed Blacksmith","floor":3,"gold_loss":0,"cards_obtained":["Pain"]},{"damage_healed":0,"gold_gain":0,"player_choice":"Fought Mushrooms","damage_taken":0,"max_hp_gain":0,"max_hp_loss":0,"event_name":"Mushrooms","floor":8,"gold_loss":0}],"is_beta":false,"boss_relics":[],"items_purged_floors":[4],"is_endless":false,"potions_floor_spawned":[1,5],"killed_by":"Lagavulin","ascension_level":7}