{"path_per_floor":["M","M","M","?","T","R","M","M","T","E","R","E","M","E","R"],"character_chosen":"IRONCLAD","items_purchased":[],"gold_per_floor":[11,30,45,45,45,45,56,75,75,109,109,139,149,179,179,179],"floor_reached":16,"campfire_rested":0,"playtime":806,"current_hp_per_floor":[80,80,82,82,82,82,81,68,68,51,51,41,45,36,36,0],"items_purged":[],"gold":179,"score":226,"play_id":"0a19ad5b-2d03-4ccb-9376-ed747c65d5f5","local_time":"20180426191848","is_prod":false,"is_daily":false,"chose_seed":false,"is_ascension_mode":true,"campfire_upgraded":3,"timestamp":1524763128,"path_taken":["M","M","M","?","?","R","?","M","T","E","R","E","M","E","R","BOSS"],"build_version":"2018-04-19","seed_source_timestamp":299688326038906,"purchased_purges":0,"victory":false,"master_deck":["Strike_R","Strike_R","Strike_R","Strike_R+1","Strike_R","Defend_R","Defend_R","Defend_R","Defend_R","Bash+1","AscendersBane","Dropkick","True Grit","Pommel Strike","Headbutt","Whirlwind+1","Feed+1","Metallicize","Shockwave+1"],"max_hp_per_floor":[96,96,96,96,96,96,96,96,96,96,96,96,99,102,102,102],"relics":["Burning Blood","Toolbox","Dream Catcher","Dodecahedron","Kunai","Whetstone"],"card_choices":[{"not_picked":["Clothesline","Twin Strike"],"picked":"Dropkick","floor":1},{"not_picked":["Armaments","Clash"],"picked":"True Grit","floor":2},{"not_picked":["Blood for Blood","Perfected Strike"],"picked":"Pommel Strike","floor":3},{"not_picked":["Corruption","Clothesline"],"picked":"Headbutt","floor":7},{"not_picked":["Anger","Perfected Strike"],"picked":"Whirlwind","floor":8},{"not_picked":["Heavy Blade","Clash"],"picked":"Feed","floor":10},{"not_picked":["Pommel Strike","Sword Boomerang"],"picked":"Metallicize","floor":12},{"not_picked":["Iron Wave","Heavy Blade"],"picked":"Shockwave","floor":14}],"player_experience":452141,"potions_floor_usage":[10,16],"damage_taken":[{"damage":14,"enemies":"Jaw Worm","floor":1,"turns":4},{"damage":6,"enemies":"Cultist","floor":2,"turns":4},{"damage":4,"enemies":"Small Slimes","floor":3,"turns":4},{"damage":7,"enemies":"Red Slaver","floor":7,"turns":4},{"damage":19,"enemies":"Exordium Wildlife","floor":8,"turns":7},{"damage":23,"enemies":"Lagavulin","floor":10,"turns":5},{"damage":16,"enemies":"Gremlin Nob","floor":12,"turns":3},{"damage":5,"enemies":"Blue Slaver","floor":13,"turns":3},{"damage":18,"enemies":"3 Sentries","floor":14,"turns":6},{"damage":37,"enemies":"Hexaghost","floor":16,"turns":9}],"event_choices":[{"event_name":"Liars Game","player_choice":"disagreed","floor":4,"damage_taken":0}],"boss_relics":[],"potions_floor_spawned":[1,12,14],"seed_played":"-9133183896977440088","killed_by":"Hexaghost","ascension_level":13,"is_trial":false}