{"gold_per_floor":[219,219,219,236,57,57,57,90,90,422,72,72,90,108,108,209,209,222,222,182,41,51,70,70,70,93,109,109,127,127,27,27,129,129,141,141,141,152,166,166,197,197,267,283,283,283,4,22,22,22],"floor_reached":51,"playtime":2170,"items_purged":["Strike_B","Strike_B","Strike_B"],"score":1134,"play_id":"9d776622-6ced-4adb-9acf-dd5144f5ca7b","local_time":"20180922121042","is_ascension_mode":true,"campfire_choices":[{"data":"Sunder","floor":7,"key":"SMITH"},{"data":"Zap","floor":12,"key":"SMITH"},{"floor":15,"key":"REST"},{"data":"White Noise","floor":24,"key":"SMITH"},{"data":"White Noise","floor":28,"key":"SMITH"},{"data":"Coolheaded","floor":30,"key":"SMITH"},{"data":"Conserve Battery","floor":32,"key":"SMITH"},{"floor":40,"key":"REST"},{"floor":42,"key":"REST"},{"floor":49,"key":"REST"}],"neow_cost":"NONE","seed_source_timestamp":667898100893948,"circlet_count":0,"master_deck":["Strike_B","Defend_B","Defend_B","Defend_B","Zap+1","Dualcast","AscendersBane","Leap","White Noise+1","Sunder+1","Thunder Strike+1","Hologram+1","Melter+1","White Noise+1","Capacitor+1","Buffer+1","Glacier+1","Conserve Battery+1","Dark Shackles","Coolheaded+1","Echo Form+1","Auto Shields","Defragment+1","Creative AI+1","Loop+1","Defragment+1","Storm+1","Defragment+1","Self Repair+1","Buffer+1","Cold Snap+1","Stack+1"],"relics":["Cracked Core","Blood Vial","Molten Egg 2","Potion Belt","Question Card","Old Coin","Frozen Egg 2","Sozu","Boot","Fusion Hammer","Art of War","Symbiotic Virus","Incense Burner","DataDisk"],"potions_floor_usage":[16,50],"damage_taken":[{"damage":0,"enemies":"2 Louse","floor":1,"turns":2},{"damage":0,"enemies":"Small Slimes","floor":4,"turns":4},{"damage":34,"enemies":"Gremlin Nob","floor":8,"turns":5},{"damage":16,"enemies":"Lagavulin","floor":10,"turns":7},{"damage":0,"enemies":"Cultist","floor":13,"turns":3},{"damage":21,"enemies":"Exordium Wildlife","floor":14,"turns":4},{"damage":29,"enemies":"Hexaghost","floor":16,"turns":8},{"damage":1,"enemies":"3 Byrds","floor":18,"turns":2},{"damage":0,"enemies":"Spheric Guardian","floor":22,"turns":4},{"damage":0,"enemies":"Snecko","floor":23,"turns":6},{"damage":5,"enemies":"Centurion and Healer","floor":27,"turns":8},{"damage":0,"enemies":"Snake Plant","floor":29,"turns":7},{"damage":0,"enemies":"Champ","floor":33,"turns":8},{"damage":35,"enemies":"3 Darklings","floor":35,"turns":8},{"damage":0,"enemies":"3 Shapes","floor":38,"turns":7},{"damage":18,"enemies":"Spire Growth","floor":39,"turns":3},{"damage":25,"enemies":"2 Orb Walkers","floor":41,"turns":4},{"damage":32,"enemies":"3 Darklings","floor":44,"turns":3},{"damage":0,"enemies":"Mind Bloom Boss Battle","floor":46,"turns":4},{"damage":5,"enemies":"4 Shapes","floor":48,"turns":4},{"damage":66,"enemies":"Awakened One","floor":50,"turns":7}],"seed_played":"4999051456170881895","potions_obtained":[{"floor":14,"key":"Block Potion"},{"floor":16,"key":"Ancient Potion"}],"is_trial":false,"path_per_floor":["M","?","$","M","$","T","R","E","T","E","$","R","M","M","R","B",null,"M","?","?","$","M","M","R","?","T","M","R","M","R","$","R","B",null,"M","?","?","M","M","R","E","R","T","M","?","?","$","M","R","B"],"character_chosen":"DEFECT","items_purchased":["Blood Vial","Sunder","Melter+1","Frozen Egg 2","Conserve Battery","Dark Shackles","DataDisk"],"campfire_rested":4,"item_purchase_floors":[5,5,11,11,21,21,47],"current_hp_per_floor":[68,73,73,73,73,73,73,41,41,27,27,27,29,10,34,7,62,63,63,63,63,65,74,74,74,74,71,71,80,80,80,80,80,80,52,52,52,54,38,62,39,63,63,33,70,70,70,70,70,21],"gold":22,"neow_bonus":"HUNDRED_GOLD","is_prod":false,"is_daily":false,"chose_seed":false,"campfire_upgraded":6,"win_rate":0,"timestamp":1537632642,"path_taken":["M","?","?","M","$","?","R","E","T","E","$","R","M","M","R","BOSS","M","?","?","$","M","M","R","?","T","?","R","?","R","$","R","BOSS","M","?","?","M","M","R","E","R","T","?","?","?","$","M","R","BOSS"],"build_version":"2018-09-20","purchased_purges":3,"victory":true,"max_hp_per_floor":[75,80,80,80,80,80,80,80,80,80,80,80,80,80,80,80,80,80,80,80,80,80,80,80,80,80,80,80,80,80,80,80,80,80,80,80,80,80,80,80,80,80,80,80,70,70,70,70,70,70],"card_choices":[{"not_picked":["Sweeping Beam","Compile Driver"],"picked":"Leap","floor":1},{"not_picked":["Cold Snap","Leap"],"picked":"White Noise","floor":4},{"not_picked":["Streamline+1","Multi-Cast"],"picked":"Thunder Strike+1","floor":8},{"not_picked":["Barrage+1","Hyperbeam+1","Compile Driver+1"],"picked":"Hologram","floor":10},{"not_picked":["Gash+1","Hologram","Turbo"],"picked":"White Noise","floor":13},{"not_picked":["Beam Cell+1","Gash+1","Turbo"],"picked":"Capacitor+1","floor":14},{"not_picked":["Seek","Core Surge+1","Reboot"],"picked":"Buffer+1","floor":16},{"not_picked":["Stack","Consume+1","BootSequence+1"],"picked":"Glacier+1","floor":18},{"not_picked":["Steam","Leap","Barrage+1"],"picked":"Coolheaded","floor":22},{"not_picked":["Beam Cell+1","Darkness","Hologram+1"],"picked":"Echo Form+1","floor":23},{"not_picked":["Go for the Eyes+1","Steam","Beam Cell+1"],"picked":"Auto Shields","floor":27},{"not_picked":["Rebound+1","Steam","Scrape+1"],"picked":"Defragment+1","floor":29},{"not_picked":["Multi-Cast","Rainbow","All For One+1"],"picked":"Creative AI+1","floor":33},{"not_picked":["Static Discharge+1","Rebound+1","Streamline+1"],"picked":"Loop+1","floor":35},{"not_picked":["Gash+1","Steam","Compile Driver+1"],"picked":"Storm+1","floor":38},{"not_picked":["Gash+1","Coolheaded+1","Go for the Eyes+1"],"picked":"Defragment+1","floor":39},{"not_picked":["Consume+1","White Noise","Storm+1"],"picked":"Self Repair+1","floor":41},{"not_picked":["Coolheaded+1","Go for the Eyes+1","Hologram+1"],"picked":"Buffer+1","floor":44},{"not_picked":["Streamline+1","Blizzard+1","Beam Cell+1"],"picked":"Cold Snap+1","floor":46},{"not_picked":["Tempest","Compile Driver+1","Sweeping Beam+1"],"picked":"Stack+1","floor":48}],"player_experience":235977,"relics_obtained":[{"floor":6,"key":"Molten Egg 2"},{"floor":8,"key":"Potion Belt"},{"floor":9,"key":"Question Card"},{"floor":10,"key":"Old Coin"},{"floor":26,"key":"Boot"},{"floor":41,"key":"Art of War"},{"floor":43,"key":"Symbiotic Virus"},{"floor":46,"key":"Incense Burner"}],"event_choices":[{"event_name":"Big Fish","player_choice":"Donut","floor":2,"damage_taken":0},{"event_name":"The Woman in Blue","player_choice":"Bought 0 Potions","floor":19,"damage_taken":0},{"event_name":"Designer","player_choice":"Upgrade Card","floor":20,"damage_taken":0},{"event_name":"Beggar","player_choice":"Ignored","floor":25,"damage_taken":0},{"event_name":"Duplicator","player_choice":"One dupe","floor":36,"damage_taken":0},{"event_name":"Falling","player_choice":"Removed Skill","floor":37,"damage_taken":0},{"event_name":"The Moai Head","player_choice":"Heal","floor":45,"damage_taken":0},{"event_name":"MindBloom","player_choice":"Fight","floor":46,"damage_taken":0}],"is_beta":false,"boss_relics":[{"not_picked":["Black Star","Coffee Dripper"],"picked":"Sozu"},{"not_picked":["Velvet Choker","Philosopher\u0027s Stone"],"picked":"Fusion Hammer"}],"items_purged_floors":[11,31,47],"is_endless":false,"potions_floor_spawned":[14,16,18,29,33,39,48],"ascension_level":11}