{"gold_per_floor":[216,234,234,234,92,92,118,118,118,130,163,183,218,232,232,306,306,316,328,328,345,345],"floor_reached":22,"playtime":893,"items_purged":[],"score":381,"play_id":"d3d38791-3d28-46df-8f8e-b9d732a44904","local_time":"20181227215402","is_ascension_mode":true,"campfire_choices":[{"data":"Feel No Pain","floor":6.0,"key":"SMITH"},{"data":"Demon Form","floor":8.0,"key":"SMITH"},{"floor":15,"key":"REST"}],"neow_cost":"NONE","seed_source_timestamp":92000164326091,"circlet_count":0,"master_deck":["AscendersBane","Strike_R","Strike_R","Strike_R","Strike_R","Defend_R","Defend_R","Defend_R","Defend_R","Bash+1","Wild Strike","Feel No Pain+1","Pommel Strike","Demon Form+1","True Grit","Offering","Heavy Blade","Armaments","Immolate","Injury","Decay","Decay","Sentinel","Uppercut"],"special_seed":0,"relics":["Burning Blood","Kunai","Du-Vu Doll","Champion Belt","Dream Catcher","Calling Bell","Smiling Mask","Mummified Hand","Ice Cream","Nilry\u0027s Codex"],"potions_floor_usage":[19,19,19,21],"damage_taken":[{"damage":2.0,"enemies":"2 Louse","floor":1.0,"turns":3.0},{"damage":11.0,"enemies":"Jaw Worm","floor":2.0,"turns":4.0},{"damage":22.0,"enemies":"Gremlin Nob","floor":7.0,"turns":4.0},{"damage":0.0,"enemies":"Cultist","floor":10.0,"turns":2.0},{"damage":22.0,"enemies":"Lagavulin","floor":11.0,"turns":6.0},{"damage":23.0,"enemies":"Gremlin Gang","floor":12.0,"turns":8.0},{"damage":15.0,"enemies":"3 Sentries","floor":13.0,"turns":9.0},{"damage":3,"enemies":"3 Louse","floor":14,"turns":5},{"damage":12,"enemies":"The Guardian","floor":16,"turns":11},{"damage":12,"enemies":"Chosen","floor":18,"turns":5},{"damage":18,"enemies":"2 Thieves","floor":19,"turns":3},{"damage":21,"enemies":"Shelled Parasite and Fungi","floor":21,"turns":5},{"damage":13,"enemies":"Sentry and Sphere","floor":22,"turns":2}],"seed_played":"-4135526692817625607","potions_obtained":[{"floor":1.0,"key":"SkillPotion"},{"floor":10.0,"key":"GamblersBrew"},{"floor":11.0,"key":"Weak Potion"},{"floor":12.0,"key":"SteroidPotion"},{"floor":14,"key":"EntropicBrew"},{"floor":16,"key":"Swift Potion"},{"floor":19,"key":"GamblersBrew"},{"floor":21,"key":"Weak Potion"}],"is_trial":false,"path_per_floor":["M","M","?","?","$","R","E","R","T","M","E","M","E","M","R","B",null,"M","M","?","M","M"],"character_chosen":"IRONCLAD","items_purchased":["Feel No Pain","Pommel Strike"],"campfire_rested":1,"item_purchase_floors":[5,5],"current_hp_per_floor":[72,67,60,60,60,60,44,44,44,50,34,17,8,11,33,27,63,57,45,24,9,0],"gold":345,"neow_bonus":"HUNDRED_GOLD","is_prod":false,"is_daily":false,"chose_seed":false,"campfire_upgraded":2,"win_rate":0,"timestamp":1545915242,"path_taken":["M","M","?","?","$","R","E","R","T","M","E","?","E","M","R","BOSS","M","?","?","M","M"],"build_version":"2018-12-20","purchased_purges":0,"victory":false,"max_hp_per_floor":[75,75,75,75,75,75,75,75,75,75,75,75,75,75,75,75,75,75,75,75,75,75],"card_choices":[{"not_picked":["Seeing Red","Clash"],"picked":"Wild Strike","floor":1.0},{"not_picked":["Sentinel","Twin Strike","Pommel Strike"],"picked":"SKIP","floor":2.0},{"not_picked":["Seeing Red","Dropkick"],"picked":"Demon Form","floor":7.0},{"not_picked":["Perfected Strike","Corruption"],"picked":"True Grit","floor":10.0},{"not_picked":["Body Slam","Dual Wield"],"picked":"Offering","floor":11.0},{"not_picked":["Infernal Blade","Anger"],"picked":"Heavy Blade","floor":12.0},{"not_picked":["Exhume","Headbutt"],"picked":"Armaments","floor":13.0},{"not_picked":["Infernal Blade","Cleave","Flex"],"picked":"SKIP","floor":14},{"not_picked":["Bludgeon","Double Tap"],"picked":"Immolate","floor":16},{"not_picked":["Flex","Iron Wave","Havoc"],"picked":"SKIP","floor":18},{"not_picked":["Rampage","Pommel Strike"],"picked":"Sentinel","floor":19},{"not_picked":["Warcry","Thunderclap"],"picked":"Uppercut","floor":21}],"player_experience":760896,"relics_obtained":[{"floor":7.0,"key":"Kunai"},{"floor":9.0,"key":"Du-Vu Doll"},{"floor":11.0,"key":"Champion Belt"},{"floor":13.0,"key":"Dream Catcher"},{"floor":17,"key":"Smiling Mask"},{"floor":17,"key":"Mummified Hand"},{"floor":17,"key":"Ice Cream"},{"floor":20,"key":"Nilry\u0027s Codex"}],"event_choices":[{"cards_removed":["Strike_R"],"damage_healed":0.0,"max_hp_gain":0.0,"max_hp_loss":0.0,"gold_gain":0.0,"event_name":"Golden Wing","player_choice":"Card Removal","floor":3.0,"gold_loss":0.0,"damage_taken":7.0},{"damage_healed":0.0,"max_hp_gain":0.0,"max_hp_loss":0.0,"gold_gain":0.0,"event_name":"Upgrade Shrine","player_choice":"Upgraded","floor":4.0,"gold_loss":0.0,"damage_taken":0.0,"cards_upgraded":["Bash"]},{"damage_healed":0,"gold_gain":0,"player_choice":"Obtained Book","damage_taken":21,"max_hp_gain":0,"max_hp_loss":0,"event_name":"Cursed Tome","floor":20,"gold_loss":0}],"is_beta":false,"boss_relics":[{"not_picked":["Black Star","Orrery"],"picked":"Calling Bell"}],"items_purged_floors":[],"is_endless":false,"potions_floor_spawned":[1,10,11,12,14,16,19,21],"killed_by":"Sentry and Sphere","ascension_level":17}