{"gold_per_floor":[117,128,128,128,145,173,173,173,219,19,19,32,32,57,57,178,178,202,223,247,211,310,310,330,330,404,425,425,425],"floor_reached":29,"playtime":969,"items_purged":[],"score":250,"play_id":"89a480b9-350f-48c3-9615-9248c9b71053","local_time":"20190101212049","is_ascension_mode":false,"campfire_choices":[{"floor":7.0,"key":"REST"},{"floor":11.0,"key":"REST"},{"data":"Whirlwind","floor":13.0,"key":"SMITH"},{"data":"Armaments","floor":15.0,"key":"SMITH"},{"floor":23.0,"key":"REST"},{"floor":28.0,"key":"REST"}],"neow_cost":"NONE","seed_source_timestamp":641732194473351,"circlet_count":0,"master_deck":["Strike_R","Strike_R","Strike_R","Strike_R","Strike_R","Defend_R","Defend_R","Defend_R","Defend_R","Bash","Whirlwind+1","Armaments+1","True Grit","Demon Form","Corruption","Feel No Pain"],"special_seed":0,"relics":["Burning Blood","NeowsBlessing","Singing Bowl","Orichalcum","Golden Idol","Oddly Smooth Stone","Membership Card","Black Star","MutagenicStrength","Sundial"],"potions_floor_usage":[],"damage_taken":[{"damage":0.0,"enemies":"Cultist","floor":1.0,"turns":1.0},{"damage":0.0,"enemies":"Small Slimes","floor":2.0,"turns":1.0},{"damage":0.0,"enemies":"2 Louse","floor":5.0,"turns":1.0},{"damage":63.0,"enemies":"Lagavulin","floor":6.0,"turns":10.0},{"damage":10.0,"enemies":"Looter","floor":12.0,"turns":4.0},{"damage":0.0,"enemies":"2 Fungi Beasts","floor":14.0,"turns":2.0},{"damage":54.0,"enemies":"The Guardian","floor":16.0,"turns":15.0},{"damage":24.0,"enemies":"Shell Parasite","floor":18.0,"turns":7.0},{"damage":0.0,"enemies":"3 Byrds","floor":19.0,"turns":5.0},{"damage":43.0,"enemies":"Centurion and Healer","floor":20.0,"turns":8.0},{"damage":35.0,"enemies":"Cultist and Chosen","floor":24.0,"turns":7.0},{"damage":34.0,"enemies":"Snake Plant","floor":27.0,"turns":7.0},{"damage":53,"enemies":"Masked Bandits","floor":29,"turns":3}],"seed_played":"-2522555110385401728","potions_obtained":[{"floor":1.0,"key":"GamblersBrew"},{"floor":12.0,"key":"AttackPotion"},{"floor":16.0,"key":"Fruit Juice"},{"floor":20.0,"key":"EssenceOfSteel"},{"floor":27.0,"key":"Ancient Potion"}],"is_trial":false,"path_per_floor":["M","M","T","?","M","E","R","?","T","$","R","M","R","M","R","B",null,"M","M","M","$","?","R","M","?","T","M","R","?"],"character_chosen":"IRONCLAD","items_purchased":["Membership Card","Feel No Pain"],"campfire_rested":4,"item_purchase_floors":[10,21],"current_hp_per_floor":[80,80,80,80,82,27,52,31,31,31,56,52,52,60,60,12,86,68,81,46,46,46,74,47,47,47,21,50,0],"gold":425,"neow_bonus":"THREE_ENEMY_KILL","is_prod":false,"is_daily":false,"chose_seed":false,"campfire_upgraded":2,"win_rate":0,"timestamp":1546395649,"path_taken":["M","M","?","?","?","E","R","?","T","$","R","M","R","M","R","BOSS","M","M","M","$","?","R","M","?","T","M","R","?"],"build_version":"2018-12-20","purchased_purges":0,"victory":false,"max_hp_per_floor":[80,80,80,80,82,84,84,84,84,84,84,84,84,86,86,86,86,86,93,95,95,95,95,97,97,97,99,99,99],"card_choices":[{"not_picked":["Clothesline","Armaments"],"picked":"Whirlwind","floor":1.0},{"not_picked":["Heavy Blade","Havoc"],"picked":"Armaments","floor":2.0},{"not_picked":["Metallicize","Spot Weakness","Thunderclap"],"picked":"Singing Bowl","floor":5.0},{"not_picked":["Exhume","Sever Soul","Combust"],"picked":"Singing Bowl","floor":6.0},{"not_picked":["Heavy Blade","Sentinel"],"picked":"True Grit","floor":12.0},{"not_picked":["Flex","Combust","Heavy Blade"],"picked":"Singing Bowl","floor":14.0},{"not_picked":["Impervious","Exhume"],"picked":"Demon Form","floor":16.0},{"not_picked":["Carnage","Shockwave"],"picked":"Corruption","floor":18.0},{"not_picked":["Uppercut+1","Bloodletting","Infernal Blade+1"],"picked":"Singing Bowl","floor":19.0},{"not_picked":["Heavy Blade","Power Through","Pommel Strike"],"picked":"Singing Bowl","floor":20.0},{"not_picked":["Reckless Charge","Dual Wield","Twin Strike"],"picked":"Singing Bowl","floor":24.0},{"not_picked":["Headbutt","Twin Strike","Warcry"],"picked":"Singing Bowl","floor":27.0}],"player_experience":388486,"relics_obtained":[{"floor":3.0,"key":"Singing Bowl"},{"floor":6.0,"key":"Orichalcum"},{"floor":9.0,"key":"Oddly Smooth Stone"},{"floor":26.0,"key":"Sundial"}],"event_choices":[{"damage_healed":0.0,"max_hp_gain":0.0,"max_hp_loss":0.0,"gold_gain":0.0,"event_name":"The Woman in Blue","player_choice":"Bought 0 Potions","floor":4.0,"gold_loss":0.0,"damage_taken":0.0},{"damage_healed":0.0,"max_hp_gain":0.0,"max_hp_loss":0.0,"gold_gain":0.0,"event_name":"Golden Idol","player_choice":"Take Damage","floor":8.0,"gold_loss":0.0,"damage_taken":21.0,"relics_obtained":["Golden Idol"]},{"damage_healed":0.0,"max_hp_gain":0.0,"max_hp_loss":0.0,"gold_gain":99.0,"event_name":"Nest","player_choice":"Stole From Cult","floor":22.0,"gold_loss":0.0,"damage_taken":0.0},{"damage_healed":0.0,"max_hp_gain":0.0,"max_hp_loss":0.0,"gold_gain":0.0,"event_name":"Drug Dealer","player_choice":"Inject Mutagens","floor":25.0,"gold_loss":0.0,"damage_taken":0.0,"relics_obtained":["MutagenicStrength"]},{"damage_healed":0,"gold_gain":0,"player_choice":"Fought Bandits","damage_taken":0,"max_hp_gain":0,"max_hp_loss":0,"event_name":"Masked Bandits","floor":29,"gold_loss":0}],"is_beta":false,"boss_relics":[{"not_picked":["Pandora\u0027s Box","Velvet Choker"],"picked":"Black Star"}],"items_purged_floors":[],"is_endless":false,"potions_floor_spawned":[1,12,16,20,27],"killed_by":"Masked Bandits","ascension_level":0}