{"gold_per_floor":[116,126,201,218,39,39,50,50,74,74,105,120,150,182,182,261,261,278,278,193,193,147,147,159,178,178,193,204,204,89,101,101,180,180,192,206,144,144],"floor_reached":38,"playtime":2214,"items_purged":[],"score":714,"play_id":"2b1ffde7-83c6-4d25-a080-9bcd442ec085","local_time":"20180925220718","is_ascension_mode":true,"campfire_choices":[{"data":"Defragment","floor":6,"key":"SMITH"},{"data":"Chaos","floor":8,"key":"SMITH"},{"floor":10,"key":"REST"},{"data":"Chaos","floor":15,"key":"SMITH"},{"data":"Loop","floor":23,"key":"SMITH"},{"floor":29,"key":"REST"},{"floor":32,"key":"REST"}],"neow_cost":"NONE","seed_source_timestamp":962872912770871,"circlet_count":0,"master_deck":["Strike_B+1","Strike_B+1","Strike_B+1","Strike_B+1","Defend_B+1","Defend_B+1","Defend_B+1","Defend_B+1","Zap","Dualcast","AscendersBane","Genetic Algorithm","Rip and Tear","Rebound","Hyperbeam","Defragment+1","Chaos+1","Chaos+1","Auto Shields","Multi-Cast","Buffer","Amplify","Conserve Battery+1","Loop+1","Cold Snap","Panacea","Echo Form","Compile Driver"],"relics":["Cracked Core","Lantern","Regal Pillow","Omamori","Odd Mushroom","Bronze Scales","Inserter","NlothsMask","Singing Bowl","Velvet Choker"],"potions_floor_usage":[12,28,33],"damage_taken":[{"damage":2,"enemies":"Jaw Worm","floor":1,"turns":3},{"damage":4,"enemies":"Small Slimes","floor":2,"turns":3},{"damage":3,"enemies":"Cultist","floor":4,"turns":3},{"damage":12,"enemies":"Exordium Wildlife","floor":7,"turns":3},{"damage":12,"enemies":"Lagavulin","floor":11,"turns":6},{"damage":2,"enemies":"2 Fungi Beasts","floor":12,"turns":3},{"damage":0,"enemies":"The Mushroom Lair","floor":13,"turns":2},{"damage":6,"enemies":"3 Sentries","floor":14,"turns":4},{"damage":28,"enemies":"Hexaghost","floor":16,"turns":8},{"damage":13,"enemies":"3 Byrds","floor":18,"turns":4},{"damage":0,"enemies":"Spheric Guardian","floor":24,"turns":5},{"damage":14,"enemies":"Centurion and Healer","floor":25,"turns":11},{"damage":12,"enemies":"Snecko","floor":27,"turns":7},{"damage":23,"enemies":"Shelled Parasite and Fungi","floor":28,"turns":6},{"damage":24,"enemies":"Snake Plant","floor":31,"turns":2},{"damage":60,"enemies":"Automaton","floor":33,"turns":10},{"damage":6,"enemies":"3 Shapes","floor":35,"turns":7},{"damage":44,"enemies":"3 Darklings","floor":36,"turns":4},{"damage":23,"enemies":"Transient","floor":38,"turns":3}],"seed_played":"4072733461948300836","potions_obtained":[{"floor":2,"key":"Fire Potion"},{"floor":7,"key":"Ancient Potion"},{"floor":11,"key":"Fruit Juice"},{"floor":13,"key":"Swift Potion"},{"floor":28,"key":"Strength Potion"},{"floor":35,"key":"SpeedPotion"}],"is_trial":false,"path_per_floor":["M","M","?","M","$","R","M","R","T","R","E","M","?","E","R","B",null,"M","?","?","?","$","R","M","M","T","M","M","R","$","M","R","B",null,"M","M","$"],"character_chosen":"DEFECT","items_purchased":["Hyperbeam","Defragment","Loop","Panacea","Compile Driver"],"campfire_rested":3,"item_purchase_floors":[5,5,22,30,37],"current_hp_per_floor":[62,58,47,44,44,44,32,32,32,68,56,59,59,53,53,25,63,50,50,50,50,50,50,52,38,38,28,7,46,46,24,64,4,64,60,18,18,0],"gold":144,"neow_bonus":"RANDOM_COMMON_RELIC","is_prod":false,"is_daily":false,"chose_seed":false,"campfire_upgraded":4,"win_rate":0,"timestamp":1537927638,"path_taken":["M","M","?","M","$","R","M","R","T","R","E","M","?","E","R","BOSS","M","?","?","?","$","R","?","M","T","M","M","R","?","M","R","BOSS","M","M","$","M"],"build_version":"2018-09-20","purchased_purges":0,"victory":false,"max_hp_per_floor":[71,71,71,71,71,71,71,71,71,71,71,76,76,76,76,76,76,76,76,76,76,76,76,78,78,78,80,82,82,82,84,84,84,84,86,88,88,88],"card_choices":[{"not_picked":["Conserve Battery","Hologram"],"picked":"Genetic Algorithm","floor":1},{"not_picked":["Compile Driver","Force Field"],"picked":"Rip and Tear","floor":2},{"not_picked":["Stack","Steam"],"picked":"Rebound","floor":4},{"not_picked":["Go for the Eyes","Barrage"],"picked":"Chaos","floor":7},{"not_picked":["White Noise","Rebound"],"picked":"Chaos","floor":11},{"not_picked":["Stack","Beam Cell"],"picked":"Auto Shields","floor":12},{"not_picked":["Leap","Sunder"],"picked":"Multi-Cast","floor":13},{"not_picked":["Beam Cell","Skim"],"picked":"Buffer","floor":14},{"not_picked":["Thunder Strike","Buffer"],"picked":"Amplify","floor":16},{"not_picked":["Beam Cell","Skim"],"picked":"Conserve Battery+1","floor":18},{"not_picked":["Gash","Genetic Algorithm","Double Energy"],"picked":"Singing Bowl","floor":24},{"not_picked":["Genetic Algorithm","Go for the Eyes"],"picked":"Cold Snap","floor":25},{"not_picked":["Sweeping Beam","Hello World","Stack"],"picked":"Singing Bowl","floor":27},{"not_picked":["Turbo+1","Beam Cell","Sweeping Beam"],"picked":"Singing Bowl","floor":28},{"not_picked":["Barrage","Hologram","Recycle"],"picked":"Singing Bowl","floor":31},{"not_picked":["Core Surge","Seek"],"picked":"Echo Form","floor":33},{"not_picked":["Static Discharge","Turbo+1","BootSequence"],"picked":"Singing Bowl","floor":35},{"not_picked":["Reprogram","Darkness","Barrage"],"picked":"Singing Bowl","floor":36}],"player_experience":262156,"relics_obtained":[{"floor":9,"key":"Regal Pillow"},{"floor":11,"key":"Omamori"},{"floor":13,"key":"Odd Mushroom"},{"floor":14,"key":"Bronze Scales"}],"event_choices":[{"event_name":"World of Goop","player_choice":"Gather Gold","floor":3,"damage_taken":0},{"event_name":"Mushrooms","player_choice":"Fought Mushrooms","floor":13,"damage_taken":0},{"event_name":"FaceTrader","player_choice":"Trade","floor":19,"damage_taken":0},{"event_name":"Addict","player_choice":"Obtained Relic","floor":20,"damage_taken":0},{"event_name":"Back to Basics","player_choice":"Simplicity","floor":21,"damage_taken":0}],"is_beta":false,"boss_relics":[{"not_picked":["White Beast Statue","Sozu"],"picked":"Inserter"},{"not_picked":["Empty Cage","Cursed Key"],"picked":"Velvet Choker"}],"items_purged_floors":[],"is_endless":false,"potions_floor_spawned":[2,7,11,13,14,16,24,28,31,35],"killed_by":"Transient","ascension_level":17}