{"gold_per_floor":[13,13,88,13,32,32,32,61,113,145,163,173,173,201,201,296,296,307,53,71,91,91,91,110,120,120,120,131,131,6,22,22,127,127,142,142,161,0,11,11,25,25,25,51,51,66,66,116,116,116],"floor_reached":51,"playtime":844,"items_purged":["Defend_R","Defend_R","Defend_R"],"score":737,"play_id":"b9983ff4-7f69-4080-902b-b9dd44fde6de","local_time":"20180904154812","is_ascension_mode":false,"campfire_choices":[{"data":"Rampage","floor":6,"key":"SMITH"},{"data":"1","floor":13,"key":"LIFT"},{"data":"2","floor":15,"key":"LIFT"},{"data":"3","floor":23,"key":"LIFT"},{"data":"Whirlwind","floor":27,"key":"SMITH"},{"data":"Demon Form","floor":29,"key":"SMITH"},{"data":"Clash","floor":32,"key":"SMITH"},{"data":"Sword Boomerang","floor":40,"key":"SMITH"},{"data":"Limit Break","floor":45,"key":"SMITH"},{"floor":49,"key":"REST"}],"neow_cost":"NO_GOLD","seed_source_timestamp":208497711565653,"circlet_count":0,"master_deck":["Strike_R","Strike_R","Strike_R","Bash","Clash","Rampage+1","Clash+1","Thunderclap","Sword Boomerang+1","Whirlwind+1","Demon Form+1","Pummel+1","Decay","Limit Break+1"],"relics":["Burning Blood","Girya","Bronze Scales","Magic Flower","Odd Mushroom","Cursed Key","Pen Nib","Runic Cube","Dead Branch","Red Mask","Pantograph","Centennial Puzzle","Shovel"],"potions_floor_usage":[33,50,50],"damage_taken":[{"damage":11,"enemies":"Jaw Worm","floor":1,"turns":2},{"damage":0,"enemies":"2 Louse","floor":5,"turns":1},{"damage":0,"enemies":"Gremlin Nob","floor":8,"turns":2},{"damage":18,"enemies":"Lagavulin","floor":10,"turns":3},{"damage":0,"enemies":"Small Slimes","floor":11,"turns":1},{"damage":0,"enemies":"3 Louse","floor":12,"turns":1},{"damage":0,"enemies":"The Mushroom Lair","floor":14,"turns":2},{"damage":7,"enemies":"Slime Boss","floor":16,"turns":7},{"damage":10,"enemies":"Chosen","floor":18,"turns":3},{"damage":5,"enemies":"3 Byrds","floor":20,"turns":2},{"damage":38,"enemies":"Shelled Parasite and Fungi","floor":21,"turns":3},{"damage":16,"enemies":"Cultist and Chosen","floor":24,"turns":3},{"damage":21,"enemies":"Snake Plant","floor":25,"turns":2},{"damage":0,"enemies":"3 Cultists","floor":28,"turns":2},{"damage":0,"enemies":"Centurion and Healer","floor":31,"turns":2},{"damage":48,"enemies":"Champ","floor":33,"turns":4},{"damage":18,"enemies":"3 Darklings","floor":35,"turns":2},{"damage":30,"enemies":"Mind Bloom Boss Battle","floor":36,"turns":3},{"damage":29,"enemies":"3 Shapes","floor":37,"turns":2},{"damage":5,"enemies":"Transient","floor":39,"turns":5},{"damage":0,"enemies":"Reptomancer","floor":41,"turns":2},{"damage":33,"enemies":"2 Orb Walkers","floor":44,"turns":3},{"damage":0,"enemies":"3 Darklings","floor":46,"turns":1},{"damage":37,"enemies":"Mysterious Sphere","floor":48,"turns":3},{"damage":54,"enemies":"Time Eater","floor":50,"turns":4}],"seed_played":"-5249708215872594323","potions_obtained":[{"floor":5,"key":"GamblersBrew"},{"floor":10,"key":"Regen Potion"},{"floor":11,"key":"Explosive Potion"},{"floor":36,"key":"Explosive Potion"}],"is_trial":false,"path_per_floor":["M","?","?","$","M","R","$","E","T","E","M","M","R","?","R","B",null,"M","$","M","M","$","R","M","M","T","R","M","R","$","M","R","B",null,"M","?","M","?","M","R","M","$","T","E","R","M","T","?","R","B"],"character_chosen":"IRONCLAD","items_purchased":["Pen Nib"],"campfire_rested":1,"item_purchase_floors":[19],"current_hp_per_floor":[75,75,64,64,70,70,70,76,76,64,73,80,80,80,80,80,80,79,79,80,51,51,51,44,32,32,32,41,41,41,50,50,19,80,71,50,30,30,49,49,58,58,58,34,34,43,43,15,39,32],"gold":116,"neow_bonus":"TRANSFORM_TWO_CARDS","is_prod":false,"is_daily":false,"chose_seed":false,"campfire_upgraded":6,"win_rate":0,"timestamp":1536043692,"path_taken":["M","?","?","$","M","R","?","E","T","E","M","M","R","?","R","BOSS","M","$","?","M","$","R","M","M","T","R","M","R","?","M","R","BOSS","M","?","M","?","M","R","M","?","T","E","R","?","?","?","R","BOSS"],"build_version":"2018-08-30","purchased_purges":3,"victory":true,"max_hp_per_floor":[80,80,80,80,80,80,80,80,80,80,80,80,80,80,80,80,80,80,80,80,80,80,80,80,80,80,80,80,80,80,80,80,80,80,80,80,80,80,80,80,80,80,80,80,80,80,80,80,80,80],"card_choices":[{"not_picked":["Shrug It Off","Rupture"],"picked":"Clash","floor":1},{"not_picked":["Rupture","Shockwave"],"picked":"Thunderclap","floor":5},{"not_picked":["Thunderclap","Shrug It Off"],"picked":"Sword Boomerang","floor":8},{"not_picked":["Second Wind","Sentinel"],"picked":"Whirlwind","floor":10},{"not_picked":["Dropkick","Whirlwind","Armaments"],"picked":"SKIP","floor":11},{"not_picked":["Rampage","Whirlwind","Dropkick"],"picked":"SKIP","floor":12},{"not_picked":["Feed","Bludgeon"],"picked":"Demon Form","floor":16},{"not_picked":["Headbutt","True Grit+1","Twin Strike"],"picked":"SKIP","floor":18},{"not_picked":["Cleave+1","Havoc","Body Slam"],"picked":"SKIP","floor":20},{"not_picked":["Twin Strike","Headbutt","Clash"],"picked":"SKIP","floor":21},{"not_picked":["Feel No Pain","Corruption","Ghostly Armor"],"picked":"SKIP","floor":24},{"not_picked":["Wild Strike+1","Intimidate+1","Pummel+1"],"picked":"SKIP","floor":25},{"not_picked":["Wild Strike+1","Intimidate+1"],"picked":"Pummel+1","floor":25},{"not_picked":["Rampage","Anger","Offering"],"picked":"SKIP","floor":28},{"not_picked":["Thunderclap","Perfected Strike","Sword Boomerang"],"picked":"SKIP","floor":31},{"not_picked":["Spot Weakness","Heavy Blade","True Grit"],"picked":"SKIP","floor":35},{"not_picked":["Infernal Blade+1","Twin Strike","Flex+1"],"picked":"SKIP","floor":37},{"not_picked":["Inflame","True Grit","Rupture+1"],"picked":"SKIP","floor":39},{"not_picked":["Battle Trance","Searing Blow+1","Cleave"],"picked":"SKIP","floor":41},{"not_picked":["Sword Boomerang","Clash"],"picked":"Limit Break","floor":44},{"not_picked":["Pommel Strike","Cleave+1","Rampage+1"],"picked":"SKIP","floor":46}],"player_experience":630582,"relics_obtained":[{"floor":8,"key":"Girya"},{"floor":9,"key":"Bronze Scales"},{"floor":10,"key":"Magic Flower"},{"floor":14,"key":"Odd Mushroom"},{"floor":36,"key":"Dead Branch"},{"floor":43,"key":"Pantograph"},{"floor":44,"key":"Centennial Puzzle"},{"floor":48,"key":"Shovel"}],"event_choices":[{"event_name":"Living Wall","player_choice":"Forget","floor":2,"damage_taken":0},{"event_name":"World of Goop","player_choice":"Gather Gold","floor":3,"damage_taken":0},{"event_name":"Mushrooms","player_choice":"Fought Mushrooms","floor":14,"damage_taken":0},{"event_name":"MindBloom","player_choice":"Fight","floor":36,"damage_taken":0},{"event_name":"Tomb of Lord Red Mask","player_choice":"Paid","floor":38,"damage_taken":0},{"event_name":"Mysterious Sphere","player_choice":"Fight","floor":48,"damage_taken":0}],"is_beta":false,"boss_relics":[{"not_picked":["Mark of Pain","Black Blood"],"picked":"Cursed Key"},{"not_picked":["Calling Bell","Coffee Dripper"],"picked":"Runic Cube"}],"items_purged_floors":[4,19,30],"is_endless":false,"potions_floor_spawned":[5,10,11,18,20,31,36,46],"ascension_level":0}