{"path_per_floor":["M","M","M","M","M","E","R","E","T","?","$","M","?","E","R","B",null,"M","?","M","?","M","R","E","M","T","E","M","?","R","M","R","B",null,"M","?","?","M","$","R","M","R","T","R","M","M","M"],"character_chosen":"IRONCLAD","items_purchased":["Spot Weakness","Feel No Pain","Entrench"],"gold_per_floor":[118,135,147,165,176,203,203,233,233,298,142,161,111,142,142,246,246,266,266,276,276,286,286,313,333,414,449,463,388,388,408,408,505,505,521,568,568,579,376,376,394,394,476,476,488,504,522,522],"floor_reached":48,"campfire_rested":1,"playtime":3803,"current_hp_per_floor":[80,80,80,73,74,49,49,38,38,34,34,40,40,38,38,21,80,66,66,69,69,77,77,45,51,51,59,62,62,62,61,61,35,90,90,22,22,13,13,40,48,48,48,48,56,64,72,0],"items_purged":["Strike_R","Strike_R"],"gold":522,"score":655,"play_id":"d60e73db-866b-437b-8849-048b0e7f6cb4","local_time":"20180411190910","is_prod":false,"is_daily":false,"is_ascension_mode":true,"campfire_upgraded":7,"timestamp":1523466550,"path_taken":["M","M","M","M","M","E","R","E","T","?","$","M","?","E","R","BOSS","M","?","M","?","M","R","E","M","T","E","M","?","R","M","R","BOSS","M","?","?","M","$","R","?","R","T","R","M","M","M","E"],"build_version":"2018-04-05v2","purchased_purges":2,"victory":false,"master_deck":["Defend_R+1","Defend_R+1","Defend_R","Bash+1","Heavy Blade+1","Shrug It Off+1","Clothesline+1","Uppercut+1","Flame Barrier+1","Spot Weakness+1","Impervious+1","Barricade+1","Inflame+1","Disarm+1","Shrug It Off+1","Whirlwind+1","True Grit+1","Shrug It Off+1","Clothesline+1","Exhume+1","Burning Pact+1","Panacea+1","Flame Barrier+1","Feel No Pain+1","Entrench+1"],"max_hp_per_floor":[80,80,80,80,80,80,80,80,80,80,80,80,80,80,80,80,80,80,80,80,80,80,80,90,90,90,90,90,90,90,90,90,90,90,90,90,90,90,90,90,90,90,90,90,90,90,90,90],"relics":["Burning Blood","Blood Vial","Orichalcum","Frozen Egg 2","War Paint","Toxic Egg 2","Runic Dome","Pear","Self Forming Clay","Sundial","Black Star","Thread and Needle","Mummified Hand"],"card_choices":[{"not_picked":["Iron Wave","True Grit"],"picked":"Heavy Blade","floor":1},{"not_picked":["Wild Strike","Cleave"],"picked":"Shrug It Off","floor":2},{"not_picked":["Dual Wield","Impervious"],"picked":"Clothesline","floor":4},{"not_picked":["Shrug It Off","Intimidate"],"picked":"Uppercut","floor":6},{"not_picked":["Intimidate","Clash"],"picked":"Flame Barrier","floor":8},{"not_picked":["Flex","Power Through"],"picked":"Impervious","floor":14},{"not_picked":["Brutality","Bludgeon"],"picked":"Barricade","floor":16},{"not_picked":["Second Wind","Cleave"],"picked":"Inflame","floor":18},{"not_picked":["Shockwave","Dropkick"],"picked":"Disarm","floor":20},{"not_picked":["Anger","Flex"],"picked":"Shrug It Off","floor":22},{"not_picked":["Sword Boomerang","Fiend Fire"],"picked":"Whirlwind","floor":24},{"not_picked":["Clash","Heavy Blade"],"picked":"True Grit","floor":25},{"not_picked":["Rampage","Armaments"],"picked":"Shrug It Off","floor":27},{"not_picked":["Headbutt","Thunderclap"],"picked":"Clothesline","floor":31},{"not_picked":["Demon Form","Brutality"],"picked":"Exhume","floor":33},{"not_picked":["Heavy Blade","True Grit"],"picked":"Burning Pact","floor":35},{"not_picked":["Power Through","Headbutt"],"picked":"Flame Barrier","floor":38}],"player_experience":192475,"potions_floor_usage":[6,16,16,16,33,36,45],"damage_taken":[{"damage":4,"enemies":"Small Slimes","floor":1,"turns":4},{"damage":2,"enemies":"2 Louse","floor":2,"turns":3},{"damage":2,"enemies":"Jaw Worm","floor":3,"turns":3},{"damage":13,"enemies":"Exordium Wildlife","floor":4,"turns":5},{"damage":5,"enemies":"Blue Slaver","floor":5,"turns":5},{"damage":31,"enemies":"Lagavulin","floor":6,"turns":8},{"damage":19,"enemies":"Gremlin Nob","floor":8,"turns":5},{"damage":12,"enemies":"3 Sentries","floor":10,"turns":10},{"damage":2,"enemies":"Looter","floor":12,"turns":4},{"damage":10,"enemies":"3 Sentries","floor":14,"turns":7},{"damage":25,"enemies":"The Guardian","floor":16,"turns":11},{"damage":20,"enemies":"Chosen","floor":18,"turns":9},{"damage":5,"enemies":"Shell Parasite","floor":20,"turns":6},{"damage":0,"enemies":"Snecko","floor":22,"turns":5},{"damage":50,"enemies":"Gremlin Leader","floor":24,"turns":11},{"damage":2,"enemies":"Snake Plant","floor":25,"turns":5},{"damage":0,"enemies":"Book of Stabbing","floor":27,"turns":7},{"damage":5,"enemies":"Cultist and Chosen","floor":28,"turns":9},{"damage":9,"enemies":"Centurion and Healer","floor":31,"turns":7},{"damage":34,"enemies":"Collector","floor":33,"turns":10},{"damage":4,"enemies":"3 Shapes","floor":35,"turns":7},{"damage":74,"enemies":"Mysterious Sphere","floor":36,"turns":9},{"damage":17,"enemies":"Orb Walker","floor":38,"turns":6},{"damage":0,"enemies":"Sphere and 2 Shapes","floor":41,"turns":11},{"damage":0,"enemies":"4 Shapes","floor":45,"turns":9},{"damage":0,"enemies":"Maw","floor":46,"turns":10},{"damage":0,"enemies":"3 Darklings","floor":47,"turns":5},{"damage":89,"enemies":"2 Orb Walkers","floor":48,"turns":9}],"event_choices":[{"event_name":"Dead Adventurer","player_choice":"Searched \u00271\u0027 times","floor":10,"damage_taken":0},{"event_name":"The Cleric","player_choice":"Card Removal","floor":13,"damage_taken":0},{"event_name":"Vampires","player_choice":"Ignored","floor":19,"damage_taken":0},{"event_name":"Back to Basics","player_choice":"Elegance","floor":21,"damage_taken":0},{"event_name":"Beggar","player_choice":"Gave Gold","floor":29,"damage_taken":0},{"event_name":"Mysterious Sphere","player_choice":"Fight","floor":36,"damage_taken":0},{"event_name":"Match and Keep!","player_choice":"1 cards matched","floor":37,"damage_taken":0}],"boss_relics":[{"not_picked":["Velvet Choker","Astrolabe"],"picked":"Runic Dome"},{"not_picked":["Orrery","Philosopher\u0027s Stone"],"picked":"Black Star"}],"potions_floor_spawned":[2,3,6,10,12,20,27,28,38,46],"seed_played":"3146215108899998627","killed_by":"2 Orb Walkers","ascension_level":4,"is_trial":false}