{"gold_per_floor":[20,40,115,135,60,88,88,119,119,129,129,146,46,46,46,141,141,160,85,85,100,110,110,110,122,204,204,215,90,125,141,141,240,240,252,252,102,113,131,131,146,146,146,162,162,176,187,187,187,187],"floor_reached":51,"playtime":2455,"items_purged":["Strike_R","Defend_R","Defend_R","Defend_R"],"score":837,"play_id":"cb88cb7b-5420-4ad7-94de-238c576f27da","local_time":"20181108202610","is_ascension_mode":true,"campfire_choices":[{"data":"Rampage","floor":7,"key":"SMITH"},{"data":"True Grit","floor":15,"key":"SMITH"},{"data":"Metallicize","floor":23,"key":"SMITH"},{"data":"Bash","floor":32,"key":"SMITH"},{"data":"Apotheosis","floor":40,"key":"SMITH"},{"data":"Metallicize","floor":45,"key":"SMITH"},{"data":"Double Tap","floor":49,"key":"SMITH"}],"neow_cost":"NO_GOLD","seed_source_timestamp":380986744048105,"circlet_count":0,"master_deck":["Bash+1","Pommel Strike","Rampage+1","Headbutt","True Grit+1","Offering","Double Tap+1","Burning Pact+1","Metallicize+1","Shrug It Off+1","Metallicize+1","Apotheosis+1","Dropkick+1"],"relics":["Burning Blood","Bronze Scales","Bottled Flame","Orichalcum","Coffee Dripper","Sundial","Ginger","Lizard Tail","Paper Frog"],"potions_floor_usage":[10,30,30,50,50,50],"damage_taken":[{"damage":9,"enemies":"2 Louse","floor":1,"turns":3},{"damage":4,"enemies":"Small Slimes","floor":2,"turns":2},{"damage":2,"enemies":"Jaw Worm","floor":4,"turns":3},{"damage":32,"enemies":"Gremlin Nob","floor":6,"turns":4},{"damage":25,"enemies":"3 Sentries","floor":8,"turns":6},{"damage":7,"enemies":"Looter","floor":10,"turns":2},{"damage":6,"enemies":"2 Fungi Beasts","floor":12,"turns":2},{"damage":15,"enemies":"Slime Boss","floor":16,"turns":5},{"damage":9,"enemies":"3 Byrds","floor":18,"turns":3},{"damage":22,"enemies":"2 Thieves","floor":21,"turns":2},{"damage":6,"enemies":"Snake Plant","floor":22,"turns":2},{"damage":6,"enemies":"Cultist and Chosen","floor":25,"turns":4},{"damage":6,"enemies":"Sentry and Sphere","floor":28,"turns":2},{"damage":30,"enemies":"Slavers","floor":30,"turns":6},{"damage":6,"enemies":"Centurion and Healer","floor":31,"turns":3},{"damage":20,"enemies":"Automaton","floor":33,"turns":6},{"damage":0,"enemies":"3 Shapes","floor":35,"turns":5},{"damage":7,"enemies":"Orb Walker","floor":38,"turns":2},{"damage":6,"enemies":"Transient","floor":39,"turns":5},{"damage":7,"enemies":"Sphere and 2 Shapes","floor":41,"turns":4},{"damage":24,"enemies":"Writhing Mass","floor":44,"turns":3},{"damage":31,"enemies":"Spire Growth","floor":46,"turns":3},{"damage":0,"enemies":"Maw","floor":47,"turns":4},{"damage":36,"enemies":"Time Eater","floor":50,"turns":4}],"seed_played":"7119937726392437573","potions_obtained":[{"floor":1,"key":"Regen Potion"},{"floor":4,"key":"Strength Potion"},{"floor":8,"key":"Fruit Juice"},{"floor":12,"key":"BloodPotion"},{"floor":30,"key":"EssenceOfSteel"},{"floor":31,"key":"Swift Potion"}],"is_trial":false,"path_per_floor":["M","M","?","M","$","E","R","E","T","M","?","M","$","?","R","B",null,"M","?","?","M","M","R","?","M","T","?","M","$","E","M","R","B",null,"M","?","$","M","M","R","M","$","T","M","R","M","M","?","R","B",null],"character_chosen":"IRONCLAD","items_purchased":[],"campfire_rested":0,"item_purchase_floors":[],"current_hp_per_floor":[77,79,68,72,72,46,46,27,27,31,24,24,24,24,24,15,85,82,82,82,66,66,66,66,66,66,50,50,50,50,50,50,36,90,90,90,90,89,89,89,88,88,88,70,70,45,51,51,51,21],"gold":187,"neow_bonus":"TRANSFORM_TWO_CARDS","is_prod":false,"is_daily":false,"chose_seed":false,"campfire_upgraded":7,"win_rate":0,"timestamp":1541726770,"path_taken":["M","M","?","M","$","E","R","E","T","M","?","M","?","?","R","BOSS","M","?","?","?","M","R","?","M","T","?","M","?","E","M","R","BOSS","M","?","$","M","M","R","M","$","T","M","R","M","M","?","R","BOSS"],"build_version":"2018-11-07","purchased_purges":4,"victory":true,"max_hp_per_floor":[80,80,80,80,80,80,80,80,80,85,85,85,85,85,85,85,85,85,85,85,85,85,85,85,85,85,90,90,90,90,90,90,90,90,90,90,90,90,90,90,90,90,90,90,90,90,90,90,90,90],"card_choices":[{"not_picked":["Iron Wave","Pommel Strike"],"picked":"Rampage","floor":1},{"not_picked":["Carnage","Sword Boomerang"],"picked":"Headbutt","floor":2},{"not_picked":["Power Through","Twin Strike"],"picked":"True Grit","floor":4},{"not_picked":["Intimidate","Shockwave","Flex"],"picked":"SKIP","floor":6},{"not_picked":["Iron Wave","Havoc"],"picked":"Offering","floor":8},{"not_picked":["Flex","Whirlwind","Twin Strike"],"picked":"SKIP","floor":10},{"not_picked":["Combust","Armaments","Shrug It Off"],"picked":"SKIP","floor":12},{"not_picked":["Limit Break","Dark Embrace"],"picked":"Double Tap","floor":16},{"not_picked":["Dual Wield+1","Rupture"],"picked":"Burning Pact+1","floor":18},{"not_picked":["Evolve+1","Combust","Cleave"],"picked":"SKIP","floor":21},{"not_picked":["Warcry","Twin Strike"],"picked":"Metallicize","floor":22},{"not_picked":["Flex","Anger","Dual Wield+1"],"picked":"SKIP","floor":25},{"not_picked":["Thunderclap","Clash","Exhume"],"picked":"SKIP","floor":28},{"not_picked":["Evolve","Rage","Armaments"],"picked":"SKIP","floor":30},{"not_picked":["Infernal Blade","Havoc"],"picked":"Shrug It Off+1","floor":31},{"not_picked":["Warcry","Headbutt"],"picked":"Metallicize","floor":35},{"not_picked":["Magnetism","Finesse"],"picked":"Apotheosis","floor":36},{"not_picked":["Headbutt","Shrug It Off+1","Hemokinesis+1"],"picked":"SKIP","floor":38},{"not_picked":["Warcry+1","Iron Wave+1","Wild Strike"],"picked":"SKIP","floor":39},{"not_picked":["Flex+1","Searing Blow"],"picked":"Dropkick+1","floor":41},{"not_picked":["Armaments+1","Seeing Red+1","Wild Strike"],"picked":"SKIP","floor":44},{"not_picked":["Carnage","Shrug It Off","Power Through"],"picked":"SKIP","floor":46},{"not_picked":["Anger+1","Corruption","Feel No Pain+1"],"picked":"SKIP","floor":47}],"player_experience":336524,"relics_obtained":[{"floor":6,"key":"Bronze Scales"},{"floor":8,"key":"Bottled Flame"},{"floor":9,"key":"Orichalcum"},{"floor":26,"key":"Sundial"},{"floor":30,"key":"Ginger"},{"floor":43,"key":"Paper Frog"}],"event_choices":[{"damage_healed":0,"gold_gain":75,"player_choice":"Gather Gold","damage_taken":11,"max_hp_gain":0,"max_hp_loss":0,"event_name":"World of Goop","floor":3,"gold_loss":0},{"cards_removed":["Strike_R"],"damage_healed":0,"gold_gain":0,"player_choice":"Card Removal","damage_taken":7,"max_hp_gain":0,"max_hp_loss":0,"event_name":"Golden Wing","floor":11,"gold_loss":0},{"damage_healed":0,"gold_gain":0,"player_choice":"Ignored","damage_taken":0,"max_hp_gain":0,"max_hp_loss":0,"event_name":"Liars Game","floor":14,"gold_loss":0},{"cards_removed":["Strike_R"],"damage_healed":0,"gold_gain":0,"player_choice":"Gave Gold","damage_taken":0,"max_hp_gain":0,"max_hp_loss":0,"event_name":"Beggar","floor":19,"gold_loss":75},{"cards_removed":["Defend_R"],"damage_healed":0,"gold_gain":0,"player_choice":"Offered Basic","damage_taken":0,"max_hp_gain":0,"max_hp_loss":0,"event_name":"Bonfire Elementals","floor":20,"gold_loss":0},{"damage_healed":0,"gold_gain":0,"player_choice":"Ignored","damage_taken":0,"max_hp_gain":0,"max_hp_loss":0,"event_name":"The Mausoleum","floor":24,"gold_loss":0},{"damage_healed":0,"gold_gain":0,"player_choice":"Shed Blood","damage_taken":21,"max_hp_gain":5,"max_hp_loss":0,"event_name":"Forgotten Altar","floor":27,"gold_loss":0},{"damage_healed":0,"gold_gain":0,"player_choice":"Memory 1","damage_taken":0,"max_hp_gain":0,"max_hp_loss":0,"event_name":"SensoryStone","floor":36,"gold_loss":0},{"cards_removed":["Bludgeon"],"damage_healed":0,"gold_gain":0,"player_choice":"Removed Attack","damage_taken":0,"max_hp_gain":0,"max_hp_loss":0,"event_name":"Falling","floor":48,"gold_loss":0}],"is_beta":true,"boss_relics":[{"not_picked":["Runic Dome","Runic Cube"],"picked":"Coffee Dripper"},{"not_picked":["Mark of Pain","Tiny House"],"picked":"Lizard Tail"}],"items_purged_floors":[5,13,29,37],"is_endless":false,"potions_floor_spawned":[1,4,8,12,21,30,31,35,39,47],"ascension_level":4}