{"gold_per_floor":[116,136,136,136,147,147,182,195,195,160,185,196,51,86,86,159,159,174,174,36,36,29,58,72,72],"floor_reached":25,"playtime":2688,"items_purged":["Defend_B"],"score":582,"play_id":"bec0b06f-fdc5-4f92-93ac-5714579370f9","local_time":"20190203210640","is_ascension_mode":true,"campfire_choices":[{"floor":6,"key":"REST"},{"floor":15,"key":"REST"}],"neow_cost":"NONE","seed_source_timestamp":278605688792313,"circlet_count":0,"master_deck":["AscendersBane","Strike_B+1","Strike_B","Defend_B+1","Defend_B","Defend_B+1","Zap","Dualcast","Purity+1","Cold Snap","Glacier","Genetic Algorithm","Machine Learning","Ball Lightning","Chill","Recycle","Echo Form","Go for the Eyes","Blizzard","Doom and Gloom","Genetic Algorithm","Cold Snap"],"relics":["Cracked Core","Ornamental Fan","The Courier","War Paint","Smiling Mask","Sozu","CultistMask","Pear"],"potions_floor_usage":[7,11,11,14,16,16,16,25],"damage_taken":[{"damage":7,"enemies":"Jaw Worm","floor":1,"turns":3},{"damage":0,"enemies":"Cultist","floor":2,"turns":3},{"damage":0,"enemies":"2 Louse","floor":5,"turns":4},{"damage":21,"enemies":"Lagavulin","floor":7,"turns":10},{"damage":2,"enemies":"Red Slaver","floor":8,"turns":5},{"damage":6,"enemies":"Gremlin Nob","floor":11,"turns":3},{"damage":10,"enemies":"3 Louse","floor":12,"turns":4},{"damage":12,"enemies":"Lagavulin","floor":14,"turns":6},{"damage":0,"enemies":"Hexaghost","floor":16,"turns":11},{"damage":0,"enemies":"Spheric Guardian","floor":18,"turns":7},{"damage":6,"enemies":"2 Thieves","floor":22,"turns":5},{"damage":30,"enemies":"Book of Stabbing","floor":23,"turns":8},{"damage":17,"enemies":"Snecko","floor":24,"turns":6},{"damage":25,"enemies":"Slavers","floor":25,"turns":3}],"seed_played":"-2618243605796678777","potions_obtained":[{"floor":1,"key":"GamblersBrew"},{"floor":7,"key":"FearPotion"},{"floor":8,"key":"SteroidPotion"},{"floor":12,"key":"AttackPotion"},{"floor":14,"key":"PowerPotion"}],"is_trial":false,"path_per_floor":["M","M","?","?","M","R","E","M","T","?","E","M","$","E","R","B",null,"M","?","$","?","M","E","M","E"],"character_chosen":"DEFECT","items_purchased":["Chill","EntropicBrew","Go for the Eyes","Blizzard"],"campfire_rested":2,"item_purchase_floors":[13,13,20,20],"current_hp_per_floor":[57,57,36,36,36,57,36,34,34,51,45,35,35,23,44,44,64,64,64,64,64,58,38,21,0],"gold":72,"neow_bonus":"RANDOM_COLORLESS","is_prod":false,"is_daily":false,"chose_seed":false,"campfire_upgraded":0,"win_rate":0,"timestamp":1549224400,"path_taken":["M","M","?","?","M","R","E","?","T","?","E","M","?","E","R","BOSS","M","?","$","?","M","E","M","E"],"build_version":"2019-01-23","purchased_purges":1,"victory":false,"max_hp_per_floor":[71,71,71,71,71,71,71,71,71,71,71,71,71,71,71,71,71,71,71,71,71,71,81,81,81],"card_choices":[{"not_picked":["Gash","Reinforced Body"],"picked":"Cold Snap","floor":1},{"not_picked":["Aggregate","Streamline"],"picked":"Glacier","floor":2},{"not_picked":["Conserve Battery","Steam","Hologram"],"picked":"SKIP","floor":5},{"not_picked":["Streamline","Static Discharge"],"picked":"Genetic Algorithm","floor":7},{"not_picked":["Steam Power","Steam"],"picked":"Machine Learning","floor":8},{"not_picked":["Aggregate","Streamline"],"picked":"Ball Lightning","floor":11},{"not_picked":["Steam Power","Fusion","Blizzard"],"picked":"SKIP","floor":12},{"not_picked":["Static Discharge","Conserve Battery"],"picked":"Recycle","floor":14},{"not_picked":["Rainbow","Reboot"],"picked":"Echo Form","floor":16},{"not_picked":["Hologram","Lockon","Steam"],"picked":"SKIP","floor":18},{"not_picked":["Turbo","Compile Driver"],"picked":"Doom and Gloom","floor":22},{"not_picked":["Rebound","Beam Cell"],"picked":"Genetic Algorithm","floor":23},{"not_picked":["Doom and Gloom","Static Discharge"],"picked":"Cold Snap","floor":24}],"player_experience":1068064,"relics_obtained":[{"floor":7,"key":"Ornamental Fan"},{"floor":9,"key":"The Courier"},{"floor":11,"key":"War Paint"},{"floor":14,"key":"Smiling Mask"},{"floor":23,"key":"Pear"}],"event_choices":[{"damage_healed":0,"gold_gain":0,"player_choice":"Entered Light","damage_taken":21,"max_hp_gain":0,"max_hp_loss":0,"event_name":"Shining Light","floor":3,"gold_loss":0,"cards_upgraded":["Defend_B","Strike_B"]},{"cards_removed":["Strike_B"],"damage_healed":0,"gold_gain":0,"player_choice":"Purged","damage_taken":0,"max_hp_gain":0,"max_hp_loss":0,"event_name":"Purifier","floor":4,"gold_loss":0},{"damage_healed":17,"gold_gain":0,"player_choice":"Healed","damage_taken":0,"max_hp_gain":0,"max_hp_loss":0,"event_name":"The Cleric","floor":10,"gold_loss":35},{"cards_removed":["Strike_B"],"damage_healed":0,"gold_gain":0,"player_choice":"Elegance","damage_taken":0,"max_hp_gain":0,"max_hp_loss":0,"event_name":"Back to Basics","floor":19,"gold_loss":0},{"damage_healed":0,"gold_gain":0,"player_choice":"Trade","damage_taken":0,"relics_obtained":["CultistMask"],"max_hp_gain":0,"max_hp_loss":0,"event_name":"FaceTrader","floor":21,"gold_loss":0}],"is_beta":true,"boss_relics":[{"not_picked":["Philosopher\u0027s Stone","Orrery"],"picked":"Sozu"}],"items_purged_floors":[20],"is_endless":false,"potions_floor_spawned":[1,7,8,12,14,22,23],"killed_by":"Slavers","ascension_level":20}