{"gold_per_floor":[109,69,69,82,96,126,111,145,145,160,170,202,41,56,56,56],"floor_reached":16,"playtime":953,"items_purged":[],"score":171,"play_id":"bb174811-a3a5-4dda-a15a-14269372416d","local_time":"20181011013214","is_ascension_mode":true,"campfire_choices":[{"data":"Juggernaut","floor":15,"key":"SMITH"}],"neow_cost":"","seed_source_timestamp":14419284763138,"circlet_count":0,"master_deck":["Strike_R","Strike_R","Strike_R","Strike_R+1","Strike_R","Defend_R+1","Defend_R","Defend_R","Defend_R","Bash","Shrug It Off","Perfected Strike","True Grit","Heavy Blade","Cleave","Shockwave","Juggernaut+1","Perfected Strike","Armaments","Metallicize","Infernal Blade","Pommel Strike","Headbutt"],"relics":["Burning Blood","Bottled Lightning","PreservedInsect","Potion Belt","Meat on the Bone"],"potions_floor_usage":[6,6,8,12,16,16],"damage_taken":[{"damage":1,"enemies":"2 Louse","floor":1,"turns":3},{"damage":6,"enemies":"Cultist","floor":4,"turns":3},{"damage":4,"enemies":"Jaw Worm","floor":5,"turns":4},{"damage":32,"enemies":"Lagavulin","floor":6,"turns":7},{"damage":14,"enemies":"Exordium Thugs","floor":7,"turns":4},{"damage":20,"enemies":"3 Sentries","floor":8,"turns":7},{"damage":8,"enemies":"Blue Slaver","floor":10,"turns":5},{"damage":1,"enemies":"2 Fungi Beasts","floor":11,"turns":4},{"damage":0,"enemies":"Gremlin Nob","floor":12,"turns":2},{"damage":17,"enemies":"Red Slaver","floor":14,"turns":3},{"damage":32,"enemies":"The Guardian","floor":16,"turns":10}],"seed_played":"-182807883127240625","potions_obtained":[{"floor":2,"key":"Fire Potion"},{"floor":2,"key":"Energy Potion"},{"floor":2,"key":"Weak Potion"},{"floor":6,"key":"Block Potion"},{"floor":10,"key":"SteroidPotion"},{"floor":11,"key":"Ancient Potion"},{"floor":14,"key":"FearPotion"}],"is_trial":false,"path_per_floor":["M","?","?","M","M","E","M","E","T","M","M","E","$","M","R"],"character_chosen":"IRONCLAD","items_purchased":["Metallicize","Infernal Blade","Pommel Strike"],"campfire_rested":0,"item_purchase_floors":[13,13,13],"current_hp_per_floor":[80,80,64,64,66,40,32,18,18,16,21,27,27,28,28,0],"gold":56,"neow_bonus":"","is_prod":false,"is_daily":false,"chose_seed":false,"campfire_upgraded":1,"win_rate":0,"timestamp":1539246734,"path_taken":["M","?","?","?","M","E","M","E","T","M","M","E","?","M","R","BOSS"],"build_version":"2018-10-04v2","purchased_purges":0,"victory":false,"max_hp_per_floor":[80,80,80,80,80,80,80,80,80,80,80,80,80,80,80,80],"card_choices":[{"not_picked":["Ghostly Armor","Heavy Blade"],"picked":"Shrug It Off","floor":1},{"not_picked":["Bloodletting","Shrug It Off"],"picked":"Perfected Strike","floor":4},{"not_picked":["Twin Strike","Sword Boomerang"],"picked":"True Grit","floor":5},{"not_picked":["Fire Breathing","Blood for Blood"],"picked":"Heavy Blade","floor":6},{"not_picked":["Iron Wave","Anger"],"picked":"Cleave","floor":7},{"not_picked":["Second Wind","Sever Soul"],"picked":"Shockwave","floor":8},{"not_picked":["True Grit","Power Through"],"picked":"Juggernaut","floor":10},{"not_picked":["Disarm","Whirlwind"],"picked":"Perfected Strike","floor":11},{"not_picked":["Sentinel","Headbutt"],"picked":"Armaments","floor":12},{"not_picked":["Warcry","Clash"],"picked":"Headbutt","floor":14}],"player_experience":231075,"relics_obtained":[{"floor":6,"key":"Bottled Lightning"},{"floor":8,"key":"PreservedInsect"},{"floor":9,"key":"Potion Belt"},{"floor":12,"key":"Meat on the Bone"}],"event_choices":[{"event_name":"The Woman in Blue","player_choice":"Bought 3 Potions","floor":2,"damage_taken":0},{"event_name":"Shining Light","player_choice":"Entered Light","floor":3,"damage_taken":0}],"is_beta":false,"boss_relics":[],"items_purged_floors":[],"is_endless":false,"potions_floor_spawned":[6,10,11,14],"killed_by":"The Guardian","ascension_level":3}