{"gold_per_floor":[117,140,159,159,175,175,209,235,273,617,158,168,168,26,26,26],"floor_reached":16,"playtime":923,"items_purged":["Strike_B"],"score":116,"play_id":"30409141-606f-4260-b400-c3747146c106","local_time":"20180923025809","is_ascension_mode":true,"campfire_choices":[{"data":"Darkness","floor":6,"key":"SMITH"},{"data":"Double Energy","floor":13,"key":"SMITH"},{"data":"Echo Form","floor":15,"key":"SMITH"}],"neow_cost":"NONE","seed_source_timestamp":340422360805109,"circlet_count":0,"master_deck":["Strike_B","Defend_B","Defend_B","Defend_B","Defend_B","Zap","Dualcast","Redo","Cold Snap","Reboot","Darkness+1","FTL","Double Energy+1","Compile Driver","Storm","Beam Cell","Ghostly Armor","Echo Form+1"],"relics":["Cracked Core","Pen Nib","MawBank","DataDisk","Old Coin","Tiny Chest","PrismaticShard"],"potions_floor_usage":[],"damage_taken":[{"damage":0,"enemies":"Cultist","floor":1,"turns":4},{"damage":3,"enemies":"Small Slimes","floor":3,"turns":3},{"damage":0,"enemies":"Jaw Worm","floor":5,"turns":4},{"damage":12,"enemies":"Lagavulin","floor":7,"turns":5},{"damage":9,"enemies":"Large Slime","floor":8,"turns":3},{"damage":19,"enemies":"3 Sentries","floor":10,"turns":6},{"damage":6,"enemies":"3 Louse","floor":12,"turns":3},{"damage":33,"enemies":"The Guardian","floor":16,"turns":5}],"seed_played":"-7651369991020751955","potions_obtained":[{"floor":3,"key":"Fire Potion"},{"floor":5,"key":"LiquidBronze"}],"is_trial":false,"path_per_floor":["M","T","M","?","M","R","E","M","T","E","$","M","R","$","R"],"character_chosen":"DEFECT","items_purchased":["Tiny Chest","PrismaticShard","Storm","Beam Cell","Echo Form"],"campfire_rested":0,"item_purchase_floors":[11,11,11,11,14],"current_hp_per_floor":[75,75,72,72,72,72,60,51,51,32,32,26,26,26,26,0],"gold":26,"neow_bonus":"REMOVE_CARD","is_prod":false,"is_daily":false,"chose_seed":false,"campfire_upgraded":3,"win_rate":0,"timestamp":1537696689,"path_taken":["M","?","M","?","M","R","E","M","T","E","$","M","R","?","R","BOSS"],"build_version":"2018-09-20","purchased_purges":1,"victory":false,"max_hp_per_floor":[75,75,75,75,75,75,75,75,75,75,75,75,75,75,75,75],"card_choices":[{"not_picked":["Steam Power","Steam"],"picked":"Redo","floor":1},{"not_picked":["Leap","Reinforced Body"],"picked":"Cold Snap","floor":3},{"not_picked":["Rebound","Redo"],"picked":"Darkness","floor":5},{"not_picked":["Reinforced Body","Fusion"],"picked":"FTL","floor":7},{"not_picked":["Hologram","Streamline"],"picked":"Double Energy","floor":8},{"not_picked":["Consume","Steam Power"],"picked":"Compile Driver","floor":10},{"not_picked":["Turbo","Iron Wave"],"picked":"Ghostly Armor","floor":12}],"player_experience":153750,"relics_obtained":[{"floor":2,"key":"Pen Nib"},{"floor":7,"key":"MawBank"},{"floor":9,"key":"DataDisk"},{"floor":10,"key":"Old Coin"}],"event_choices":[{"event_name":"Transmorgrifier","player_choice":"Transform","floor":4,"damage_taken":0}],"is_beta":false,"boss_relics":[],"items_purged_floors":[11],"is_endless":false,"potions_floor_spawned":[3,5],"killed_by":"The Guardian","ascension_level":1}