{"gold_per_floor":[14,14,14,25,25,25,55,55,55,55,89,89,89],"floor_reached":13,"playtime":373,"items_purged":[],"score":102,"play_id":"b879b3e4-2ebd-48b3-aefa-befabffa2478","local_time":"20181107231748","is_ascension_mode":true,"campfire_choices":[{"data":"Clothesline","floor":6,"key":"SMITH"},{"data":"Pommel Strike","floor":8,"key":"SMITH"},{"data":"Reaper","floor":10,"key":"SMITH"}],"neow_cost":"NO_GOLD","seed_source_timestamp":275266689972113,"circlet_count":0,"master_deck":["Strike_R","Strike_R","Strike_R","Defend_R","Defend_R+1","Defend_R","Defend_R+1","Bash","Reaper+1","Headbutt","Clothesline+1","Pommel Strike+1"],"relics":["Burning Blood","Ginger","Singing Bowl","War Paint","Orichalcum"],"potions_floor_usage":[],"damage_taken":[{"damage":0,"enemies":"Small Slimes","floor":1,"turns":3},{"damage":6,"enemies":"Cultist","floor":4,"turns":3},{"damage":36,"enemies":"Gremlin Nob","floor":7,"turns":5},{"damage":51,"enemies":"Lagavulin","floor":11,"turns":7},{"damage":4,"enemies":"Jaw Worm","floor":13,"turns":1}],"seed_played":"6099718711191330456","potions_obtained":[],"is_trial":false,"path_per_floor":["M","?","$","M","?","R","E","R","T","R","E","?","M"],"character_chosen":"IRONCLAD","items_purchased":[],"campfire_rested":0,"item_purchase_floors":[],"current_hp_per_floor":[80,80,80,80,73,73,47,47,47,47,10,3,0],"gold":89,"neow_bonus":"THREE_RARE_CARDS","is_prod":false,"is_daily":false,"chose_seed":false,"campfire_upgraded":3,"win_rate":0,"timestamp":1541661468,"path_taken":["M","?","$","?","?","R","E","R","T","R","E","?","M"],"build_version":"2018-11-01","purchased_purges":0,"victory":false,"max_hp_per_floor":[80,80,80,80,80,80,80,80,80,80,82,82,82],"card_choices":[{"not_picked":["Offering","Double Tap"],"picked":"Reaper","floor":0},{"not_picked":["Warcry","Clash"],"picked":"Headbutt","floor":1},{"not_picked":["Sword Boomerang","Pummel"],"picked":"Clothesline","floor":4},{"not_picked":["Clothesline","Ghostly Armor"],"picked":"Pommel Strike","floor":7},{"not_picked":["Uppercut","Clash","Sever Soul"],"picked":"Singing Bowl","floor":11}],"player_experience":364752,"relics_obtained":[{"floor":7,"key":"Ginger"},{"floor":9,"key":"Singing Bowl"},{"floor":11,"key":"War Paint"}],"event_choices":[{"cards_removed":["Strike_R"],"damage_healed":0,"gold_gain":0,"player_choice":"Card Removal","damage_taken":0,"max_hp_gain":0,"max_hp_loss":0,"event_name":"Wheel of Change","floor":2,"gold_loss":0},{"cards_removed":["Strike_R"],"damage_healed":0,"gold_gain":0,"player_choice":"Card Removal","damage_taken":7,"max_hp_gain":0,"max_hp_loss":0,"event_name":"Golden Wing","floor":5,"gold_loss":0},{"damage_healed":0,"gold_gain":0,"player_choice":"Success","damage_taken":7,"relics_obtained":["Orichalcum"],"max_hp_gain":0,"max_hp_loss":0,"event_name":"Scrap Ooze","floor":12,"gold_loss":0}],"is_beta":false,"boss_relics":[],"items_purged_floors":[],"is_endless":false,"potions_floor_spawned":[],"killed_by":"Jaw Worm","ascension_level":3}