{"gold_per_floor":[119,119,133,133,133,133,147,147,147,147,45,63,83,83,83,83],"floor_reached":16,"playtime":289,"items_purged":["Strike_G"],"score":90,"play_id":"c9b411d2-140c-4738-ad4a-1494c9686011","local_time":"20180907140046","is_ascension_mode":false,"campfire_choices":[{"data":"Dagger Spray","floor":6,"key":"SMITH"},{"data":"Unload","floor":8,"key":"SMITH"},{"data":"Neutralize","floor":10,"key":"SMITH"},{"floor":15,"key":"REST"}],"neow_cost":"NONE","seed_source_timestamp":375806659610638,"circlet_count":0,"master_deck":["Defend_G","Defend_G","Defend_G","Defend_G","Defend_G","Strike_G","Strike_G","Strike_G","Strike_G","Survivor","Neutralize+1","Clumsy","Clumsy","Masterful Stab+1","Dagger Spray+1","Unload+1","Deadly Poison+1","Escape Plan+1","Calculated Gamble+1"],"relics":["Calling Bell","Smiling Mask","Toxic Egg 2","Thread and Needle","Art of War","Pantograph"],"potions_floor_usage":[],"damage_taken":[{"damage":9,"enemies":"Small Slimes","floor":1,"turns":4},{"damage":2,"enemies":"2 Louse","floor":3,"turns":3},{"damage":0,"enemies":"Jaw Worm","floor":7,"turns":3},{"damage":0,"enemies":"Exordium Thugs","floor":12,"turns":4},{"damage":0,"enemies":"3 Louse","floor":13,"turns":2},{"damage":0,"enemies":"Slime Boss","floor":16,"turns":1}],"seed_played":"2388179673901033968","potions_obtained":[{"floor":1,"key":"FearPotion"},{"floor":7,"key":"Explosive Potion"}],"is_trial":false,"path_per_floor":["M","?","M","?","?","R","M","R","T","R","$","M","M","?","R"],"character_chosen":"THE_SILENT","items_purchased":["Deadly Poison+1"],"campfire_rested":1,"item_purchase_floors":[11],"current_hp_per_floor":[61,61,59,17,10,10,10,10,10,10,10,10,10,10,31,56],"gold":83,"neow_bonus":"BOSS_RELIC","is_prod":false,"is_daily":false,"chose_seed":false,"campfire_upgraded":3,"win_rate":0,"timestamp":1536296446,"path_taken":["M","?","M","?","?","R","M","R","T","R","$","M","?","?","R","BOSS"],"build_version":"2018-09-06","purchased_purges":1,"victory":false,"max_hp_per_floor":[70,70,70,70,70,70,70,70,70,70,70,70,70,70,70,70],"card_choices":[{"not_picked":["Accuracy","PiercingWail+1"],"picked":"Masterful Stab","floor":1},{"not_picked":["Acrobatics+1","Outmaneuver+1"],"picked":"Dagger Spray","floor":3},{"not_picked":["Escape Plan+1","Sucker Punch"],"picked":"Unload","floor":7},{"not_picked":["Cloak And Dagger+1","Dagger Throw"],"picked":"Escape Plan+1","floor":12},{"not_picked":["PiercingWail+1","Slice"],"picked":"Calculated Gamble+1","floor":13}],"player_experience":635467,"relics_obtained":[{"floor":0,"key":"Smiling Mask"},{"floor":0,"key":"Toxic Egg 2"},{"floor":0,"key":"Thread and Needle"},{"floor":9,"key":"Pantograph"}],"event_choices":[{"event_name":"Living Wall","player_choice":"Grow","floor":2,"damage_taken":0},{"event_name":"Scrap Ooze","player_choice":"success","floor":4,"damage_taken":42},{"event_name":"Golden Wing","player_choice":"Card Removal","floor":5,"damage_taken":0},{"event_name":"Liars Game","player_choice":"disagreed","floor":14,"damage_taken":0}],"is_beta":false,"boss_relics":[],"items_purged_floors":[11],"is_endless":false,"potions_floor_spawned":[1,7],"killed_by":"Slime Boss","ascension_level":0}