{"gold_per_floor":[119,119,140,215,33,33,46,82,82,123,123],"floor_reached":11,"playtime":496,"items_purged":[],"score":97,"play_id":"b13d2b25-b807-4c33-972c-82c437c7b232","local_time":"20180928033550","is_ascension_mode":true,"campfire_choices":[{"data":"Storm","floor":6,"key":"SMITH"}],"neow_cost":"NONE","seed_source_timestamp":388131646978799,"circlet_count":0,"master_deck":["Strike_B","Strike_B","Strike_B","Defend_B","Defend_B","Defend_B","Defend_B","Zap","Dualcast","Scrape","Conserve Battery","Static Discharge","Storm+1","White Noise","Ball Lightning","Leap+1"],"relics":["Cracked Core","Golden Idol","Juzu Bracelet","Toxic Egg 2","Shuriken","Anchor"],"potions_floor_usage":[],"damage_taken":[{"damage":0,"enemies":"Cultist","floor":1,"turns":4},{"damage":0,"enemies":"Small Slimes","floor":3,"turns":3},{"damage":12,"enemies":"Jaw Worm","floor":7,"turns":2},{"damage":18,"enemies":"3 Sentries","floor":8,"turns":7},{"damage":23,"enemies":"Lagavulin","floor":10,"turns":5}],"seed_played":"6764955650319795378","potions_obtained":[{"floor":3,"key":"SkillPotion"},{"floor":7,"key":"FairyPotion"}],"is_trial":false,"path_per_floor":["M","?","M","?","$","R","M","E","T","E"],"character_chosen":"DEFECT","items_purchased":["Juzu Bracelet","Storm"],"campfire_rested":0,"item_purchase_floors":[5,5],"current_hp_per_floor":[75,57,57,46,46,46,34,16,16,7,0],"gold":123,"neow_bonus":"TRANSFORM_CARD","is_prod":false,"is_daily":false,"chose_seed":false,"campfire_upgraded":1,"win_rate":0,"timestamp":1538130950,"path_taken":["M","?","?","?","$","R","M","E","T","E","?"],"build_version":"2018-09-27","purchased_purges":0,"victory":false,"max_hp_per_floor":[75,75,75,75,75,75,75,75,75,75,75],"card_choices":[{"not_picked":["Blizzard","Melter"],"picked":"Conserve Battery","floor":1},{"not_picked":["Redo","Cold Snap"],"picked":"Static Discharge","floor":3},{"not_picked":["Tempest","Streamline"],"picked":"White Noise","floor":7},{"not_picked":["Glacier","Meteor Strike"],"picked":"Ball Lightning","floor":8},{"not_picked":["Ball Lightning","Rebound"],"picked":"Leap+1","floor":10}],"player_experience":180955,"relics_obtained":[{"floor":8,"key":"Toxic Egg 2"},{"floor":9,"key":"Shuriken"},{"floor":10,"key":"Anchor"}],"event_choices":[{"event_name":"Golden Idol","player_choice":"Take Damage","floor":2,"damage_taken":0},{"event_name":"World of Goop","player_choice":"Gather Gold","floor":4,"damage_taken":0}],"is_beta":false,"boss_relics":[],"items_purged_floors":[],"is_endless":false,"potions_floor_spawned":[3,7],"ascension_level":4}