{"gold_per_floor":[115,190,140,153,173,199,210,210],"floor_reached":8,"playtime":492,"items_purged":[],"score":78,"play_id":"5092dd6e-a075-4e5d-9d5d-a0352658f1b0","local_time":"20190131182211","is_ascension_mode":true,"campfire_choices":[],"neow_cost":"NONE","seed_source_timestamp":655684686061801,"circlet_count":0,"master_deck":["Defend_G","Defend_G","Defend_G","Defend_G","Strike_G","Strike_G","Strike_G","Strike_G","Strike_G","Survivor","Neutralize","PiercingWail","Dagger Spray","Cloak And Dagger","Footwork","Slice"],"special_seed":0,"relics":["Black Star","Strawberry","Happy Flower"],"potions_floor_usage":[7],"damage_taken":[{"damage":0.0,"enemies":"2 Louse","floor":1.0,"turns":4.0},{"damage":3.0,"enemies":"Small Slimes","floor":4.0,"turns":5.0},{"damage":9.0,"enemies":"Cultist","floor":5.0,"turns":6.0},{"damage":37.0,"enemies":"Lagavulin","floor":6.0,"turns":15.0},{"damage":6,"enemies":"Large Slime","floor":7,"turns":8},{"damage":5,"enemies":"3 Sentries","floor":8,"turns":2}],"seed_played":"-7529141544736040339","potions_obtained":[{"floor":4.0,"key":"Poison Potion"},{"floor":5.0,"key":"Dexterity Potion"},{"floor":6.0,"key":"SpeedPotion"}],"is_trial":false,"path_per_floor":["M","?","?","M","M","E","M","E"],"character_chosen":"THE_SILENT","items_purchased":[],"campfire_rested":0,"item_purchase_floors":[],"current_hp_per_floor":[63,52,52,49,40,10,4,0],"gold":210,"neow_bonus":"BOSS_RELIC","is_prod":false,"is_daily":false,"chose_seed":false,"campfire_upgraded":0,"win_rate":0,"timestamp":1548976931,"path_taken":["M","?","?","M","M","E","M","E"],"build_version":"2019-01-23","purchased_purges":0,"victory":false,"max_hp_per_floor":[70,70,70,70,70,77,77,77],"card_choices":[{"not_picked":["Outmaneuver","Blade Dance"],"picked":"PiercingWail","floor":1.0},{"not_picked":["Tools of the Trade","Distraction"],"picked":"Dagger Spray","floor":4.0},{"not_picked":["Dagger Throw","Deadly Poison"],"picked":"Cloak And Dagger","floor":5.0},{"not_picked":["Tactician","Prepared"],"picked":"Footwork","floor":6.0},{"not_picked":["Blade Dance","Expertise"],"picked":"Slice","floor":7}],"player_experience":281472,"relics_obtained":[{"floor":6.0,"key":"Strawberry"},{"floor":6.0,"key":"Happy Flower"}],"event_choices":[{"damage_healed":0.0,"max_hp_gain":0.0,"max_hp_loss":0.0,"gold_gain":75.0,"event_name":"World of Goop","player_choice":"Gather Gold","floor":2.0,"gold_loss":0.0,"damage_taken":11.0},{"cards_removed":["Defend_G"],"damage_healed":0.0,"max_hp_gain":0.0,"max_hp_loss":0.0,"gold_gain":0.0,"event_name":"The Cleric","player_choice":"Card Removal","floor":3.0,"gold_loss":50.0,"damage_taken":0.0}],"is_beta":false,"boss_relics":[],"items_purged_floors":[],"is_endless":false,"potions_floor_spawned":[4,5,6],"killed_by":"3 Sentries","ascension_level":7}