{"gold_per_floor":[118,118,135,145,157,183,183,211,289,302,302],"floor_reached":11,"playtime":371,"items_purged":[],"score":85,"play_id":"93cd4154-c8d9-4a37-b389-1219178f6c92","local_time":"20181221192247","daily_mods":["Diverse"],"is_ascension_mode":false,"campfire_choices":[{"floor":7,"key":"REST"},{"floor":11,"key":"REST"}],"neow_cost":"","seed_source_timestamp":0,"circlet_count":0,"master_deck":["Strike_R","Strike_R","Strike_R","Strike_R","Strike_R","Defend_R","Defend_R","Defend_R","Defend_R","Bash","Deflect","Ball Lightning","Defragment","Perfected Strike","Auto Shields"],"relics":["Burning Blood","Letter Opener","Champion Belt","Paper Frog"],"potions_floor_usage":[5],"damage_taken":[{"damage":2,"enemies":"2 Louse","floor":1,"turns":4},{"damage":11,"enemies":"Cultist","floor":3,"turns":4},{"damage":8,"enemies":"Small Slimes","floor":4,"turns":3},{"damage":16,"enemies":"Gremlin Gang","floor":5,"turns":5},{"damage":36,"enemies":"Lagavulin","floor":6,"turns":6},{"damage":20,"enemies":"Gremlin Nob","floor":8,"turns":4},{"damage":17,"enemies":"Lots of Slimes","floor":10,"turns":3}],"seed_played":"-4340325125724596657","potions_obtained":[{"floor":3,"key":"Poison Potion"},{"floor":8,"key":"LiquidBronze"}],"is_trial":true,"path_per_floor":["M","?","M","M","M","E","R","E","T","M","R"],"character_chosen":"IRONCLAD","items_purchased":[],"campfire_rested":2,"item_purchase_floors":[],"current_hp_per_floor":[80,80,75,73,63,33,57,43,43,32,56],"gold":302,"neow_bonus":"","is_prod":false,"is_daily":false,"chose_seed":false,"campfire_upgraded":0,"win_rate":0,"timestamp":1545438167,"path_taken":["M","?","M","M","?","E","R","E","T","M","R"],"build_version":"2018-12-20","purchased_purges":0,"victory":false,"max_hp_per_floor":[80,80,80,80,80,80,80,80,80,80,80],"card_choices":[{"not_picked":["Slice","Cleave"],"picked":"Deflect","floor":1},{"not_picked":["Armaments","Outmaneuver"],"picked":"Ball Lightning","floor":3},{"not_picked":["Dagger Spray","Barrage"],"picked":"Defragment","floor":4},{"not_picked":["Dagger Spray","Wild Strike","Dual Wield"],"picked":"SKIP","floor":5},{"not_picked":["Barrage","Coolheaded"],"picked":"Perfected Strike","floor":6},{"not_picked":["FTL","Dark Embrace","Riddle With Holes"],"picked":"SKIP","floor":8},{"not_picked":["Havoc","Streamline"],"picked":"Auto Shields","floor":10}],"player_experience":331177,"relics_obtained":[{"floor":6,"key":"Letter Opener"},{"floor":8,"key":"Champion Belt"},{"floor":9,"key":"Paper Frog"}],"event_choices":[{"damage_healed":0,"gold_gain":0,"player_choice":"Full Heal","damage_taken":0,"max_hp_gain":0,"max_hp_loss":0,"event_name":"Wheel of Change","floor":2,"gold_loss":0}],"is_beta":false,"boss_relics":[],"items_purged_floors":[],"is_endless":false,"potions_floor_spawned":[3,8],"ascension_level":0}