{"gold_per_floor":[114,114,289,55,55,85,85,115,115,145,145,160,175,190,190,290,290,275,290,305,305,305],"floor_reached":22,"playtime":1821,"items_purged":["Strike_G"],"score":204,"play_id":"8fbe1a2d-4664-4b37-b7fb-67a1d679a352","local_time":"20190307004420","daily_mods":["Heirloom","ControlledChaos","Elite Swarm"],"is_ascension_mode":false,"campfire_choices":[{"floor":7,"key":"REST"},{"floor":11,"key":"REST"},{"floor":15,"key":"REST"}],"neow_cost":"","seed_source_timestamp":18321622120732,"circlet_count":0,"master_deck":["Defend_G","Defend_G","Defend_G","Defend_G","Defend_G+1","Strike_G","Strike_G","Strike_G","Survivor","Neutralize","Well Laid Plans","Doubt","Reflex+1","Concentrate+1","Dagger Throw","Night Terror","Unload","Venomology","Caltrops","Bouncing Flask","Distraction","Venomology","All Out Attack+1","Concentrate","Prepared","Decay"],"special_seed":17961,"relics":["Ring of the Snake","Frozen Eye","Tingsha","War Paint","Letter Opener","Kunai","Question Card","Eternal Feather"],"potions_floor_usage":[10,10,14,16,16,18,18,19,20,22,22,22,22],"damage_taken":[{"damage":0,"enemies":"2 Louse","floor":1,"turns":2},{"damage":20,"enemies":"3 Sentries","floor":6,"turns":6},{"damage":57,"enemies":"Gremlin Nob","floor":8,"turns":5},{"damage":6,"enemies":"Lagavulin","floor":10,"turns":6},{"damage":0,"enemies":"Small Slimes","floor":12,"turns":2},{"damage":6,"enemies":"Cultist","floor":13,"turns":2},{"damage":14,"enemies":"Lots of Slimes","floor":14,"turns":1},{"damage":42,"enemies":"Hexaghost","floor":16,"turns":7},{"damage":21,"enemies":"2 Thieves","floor":18,"turns":4},{"damage":7,"enemies":"3 Byrds","floor":19,"turns":3},{"damage":43,"enemies":"Shelled Parasite and Fungi","floor":20,"turns":7},{"damage":30,"enemies":"Centurion and Healer","floor":22,"turns":4}],"seed_played":"-6581969108065281065","potions_obtained":[{"floor":1,"key":"Regen Potion"},{"floor":8,"key":"Dexterity Potion"},{"floor":12,"key":"Regen Potion"},{"floor":14,"key":"SkillPotion"},{"floor":18,"key":"Ancient Potion"}],"is_trial":false,"path_per_floor":["M","?","?","$","?","E","R","E","T","E","R","M","M","M","R","B",null,"M","M","M","?","M"],"character_chosen":"THE_SILENT","items_purchased":["Reflex","Concentrate","Dagger Throw"],"campfire_rested":3,"item_purchase_floors":[4,4,4],"current_hp_per_floor":[70,63,63,63,63,43,64,7,7,16,37,37,31,17,38,11,70,49,42,14,14,0],"gold":305,"neow_bonus":"","is_prod":false,"is_daily":true,"chose_seed":false,"campfire_upgraded":0,"win_rate":0,"timestamp":1551887060,"path_taken":["M","?","?","$","?","E","R","E","T","E","R","M","M","?","R","BOSS","M","?","M","?","M"],"build_version":"2019-01-23","purchased_purges":1,"victory":false,"max_hp_per_floor":[70,70,70,70,70,70,70,70,70,70,70,70,70,70,70,70,70,70,70,70,70,70],"card_choices":[{"not_picked":["Expertise","Acrobatics"],"picked":"Well Laid Plans","floor":1},{"not_picked":["Burst","Doppelganger"],"picked":"Night Terror","floor":6},{"not_picked":["After Image","Doppelganger"],"picked":"Unload","floor":8},{"not_picked":["Burst","Unload"],"picked":"Venomology","floor":10},{"not_picked":["Outmaneuver","Cloak And Dagger","Acrobatics"],"picked":"Caltrops","floor":12},{"not_picked":["Deflect","Dodge and Roll","Outmaneuver"],"picked":"Bouncing Flask","floor":13},{"not_picked":["Poisoned Stab","Slice","Prepared"],"picked":"Distraction","floor":14},{"not_picked":["Tools of the Trade","Storm of Steel","Doppelganger"],"picked":"Venomology","floor":16},{"not_picked":["Underhanded Strike","Quick Slash","Dodge and Roll+1"],"picked":"All Out Attack+1","floor":18},{"not_picked":["Deflect","Deadly Poison+1","Sucker Punch+1"],"picked":"Concentrate","floor":19},{"not_picked":["Underhanded Strike","Poisoned Stab+1","Blade Dance"],"picked":"Prepared","floor":20}],"player_experience":142507,"relics_obtained":[{"floor":6,"key":"War Paint"},{"floor":8,"key":"Letter Opener"},{"floor":9,"key":"Kunai"},{"floor":10,"key":"Question Card"}],"event_choices":[{"cards_removed":["Strike_G"],"damage_healed":0,"gold_gain":0,"player_choice":"Card Removal","damage_taken":7,"max_hp_gain":0,"max_hp_loss":0,"event_name":"Golden Wing","floor":2,"gold_loss":0},{"damage_healed":0,"gold_gain":175,"player_choice":"AGREE","damage_taken":0,"max_hp_gain":0,"max_hp_loss":0,"event_name":"Liars Game","floor":3,"gold_loss":0,"cards_obtained":["Doubt"]},{"damage_healed":0,"gold_gain":0,"player_choice":"Upgraded","damage_taken":0,"max_hp_gain":0,"max_hp_loss":0,"event_name":"Upgrade Shrine","floor":5,"gold_loss":0,"cards_upgraded":["Reflex"]},{"damage_healed":0,"gold_gain":0,"player_choice":"Smashed Altar","damage_taken":0,"max_hp_gain":0,"max_hp_loss":0,"event_name":"Forgotten Altar","floor":21,"gold_loss":0,"cards_obtained":["Decay"]}],"is_beta":false,"boss_relics":[{"not_picked":["Snecko Eye","Runic Dome"],"picked":"Eternal Feather"}],"items_purged_floors":[4],"is_endless":false,"potions_floor_spawned":[1,8,12,14,18],"killed_by":"Centurion and Healer","ascension_level":0}