{"gold_per_floor":[213,225,10,20,0,27,27,46,117,117,128,128,128,160,160,234,234,253,253,43,43,0],"floor_reached":22,"playtime":764,"items_purged":["Normality"],"score":384,"play_id":"392d3af3-d12f-4866-ba83-e191700a9d8e","local_time":"20181103095418","is_ascension_mode":true,"campfire_choices":[{"data":"Noxious Fumes","floor":7.0,"key":"SMITH"},{"floor":10.0,"key":"REST"},{"floor":12.0,"key":"REST"},{"floor":15.0,"key":"REST"}],"neow_cost":"NONE","seed_source_timestamp":134987372525997,"circlet_count":0,"master_deck":["AscendersBane","Defend_G","Defend_G","Defend_G","Defend_G","Defend_G","Strike_G","Strike_G","Strike_G","Strike_G","Strike_G","Survivor","Neutralize","Noxious Fumes+1","Dash","PiercingWail","Noxious Fumes","Bouncing Flask","Catalyst","Clumsy","Pain","Leg Sweep","Writhe","Malaise","Noxious Fumes+1"],"special_seed":0,"relics":["Ring of the Snake","ClockworkSouvenir","WingedGreaves","Letter Opener","Smiling Mask","Calling Bell","Art of War","Shuriken","Du-Vu Doll","Matryoshka"],"potions_floor_usage":[],"damage_taken":[{"damage":0.0,"enemies":"2 Louse","floor":1.0,"turns":3.0},{"damage":3.0,"enemies":"Cultist","floor":2.0,"turns":4.0},{"damage":0.0,"enemies":"Small Slimes","floor":4.0,"turns":4.0},{"damage":1.0,"enemies":"Looter","floor":5.0,"turns":4.0},{"damage":29.0,"enemies":"3 Sentries","floor":6.0,"turns":10.0},{"damage":20.0,"enemies":"Exordium Thugs","floor":8.0,"turns":5.0},{"damage":15.0,"enemies":"3 Louse","floor":11.0,"turns":4.0},{"damage":15.0,"enemies":"Lagavulin","floor":14.0,"turns":8.0},{"damage":23.0,"enemies":"Slime Boss","floor":16.0,"turns":10.0},{"damage":24,"enemies":"3 Byrds","floor":18,"turns":5},{"damage":38,"enemies":"2 Thieves","floor":22,"turns":3}],"seed_played":"6967242404141865079","potions_obtained":[{"floor":2.0,"key":"Ancient Potion"},{"floor":4.0,"key":"Regen Potion"},{"floor":11.0,"key":"Weak Potion"},{"floor":14.0,"key":"Block Potion"},{"floor":18,"key":"FearPotion"}],"is_trial":false,"path_per_floor":["M","M","$","M","M","E","R","M","T","R","M","R","?","E","R","B",null,"M","?","$","?","M"],"character_chosen":"THE_SILENT","items_purchased":["ClockworkSouvenir","Malaise"],"campfire_rested":3,"item_purchase_floors":[3,20],"current_hp_per_floor":[59,56,56,56,55,41,41,21,21,40,25,44,49,34,55,32,61,37,37,37,37,0],"gold":0,"neow_bonus":"HUNDRED_GOLD","is_prod":false,"is_daily":false,"chose_seed":false,"campfire_upgraded":1,"win_rate":0,"timestamp":1541264058,"path_taken":["M","M","$","M","M","E","R","M","T","R","M","R","?","E","R","BOSS","M","?","$","?","M"],"build_version":"2018-11-01","purchased_purges":1,"victory":false,"max_hp_per_floor":[66,66,66,66,66,66,66,66,66,66,66,66,71,71,71,71,71,71,71,71,71,71],"card_choices":[{"not_picked":["Outmaneuver","Dagger Spray","Distraction"],"picked":"SKIP","floor":1.0},{"not_picked":["Reflex","Riddle With Holes"],"picked":"Noxious Fumes","floor":2.0},{"not_picked":["Infinite Blades","Accuracy","Underhanded Strike"],"picked":"SKIP","floor":4.0},{"not_picked":["Dagger Throw","Acrobatics"],"picked":"Dash","floor":5.0},{"not_picked":["Terror","Deadly Poison"],"picked":"PiercingWail","floor":6.0},{"not_picked":["Dodge and Roll","Infinite Blades"],"picked":"Noxious Fumes","floor":8.0},{"not_picked":["Underhanded Strike","Prepared"],"picked":"Bouncing Flask","floor":11.0},{"not_picked":["All Out Attack","Setup"],"picked":"Catalyst","floor":14.0},{"not_picked":["Prepared","Outmaneuver"],"picked":"Leg Sweep","floor":18}],"player_experience":596994,"relics_obtained":[{"floor":6.0,"key":"WingedGreaves"},{"floor":9.0,"key":"Letter Opener"},{"floor":14.0,"key":"Smiling Mask"},{"floor":17,"key":"Art of War"},{"floor":17,"key":"Shuriken"},{"floor":17,"key":"Du-Vu Doll"}],"event_choices":[{"damage_healed":0.0,"max_hp_gain":5.0,"max_hp_loss":0.0,"gold_gain":0.0,"event_name":"Big Fish","player_choice":"Donut","floor":13.0,"gold_loss":0.0,"damage_taken":0.0},{"damage_healed":0,"gold_gain":0,"player_choice":"Opened","damage_taken":0,"relics_obtained":["Matryoshka"],"max_hp_gain":0,"max_hp_loss":0,"event_name":"The Mausoleum","floor":19,"gold_loss":0,"cards_obtained":["Writhe"]},{"damage_healed":0,"gold_gain":0,"player_choice":"Copied","damage_taken":0,"max_hp_gain":0,"max_hp_loss":0,"event_name":"Duplicator","floor":21,"gold_loss":0,"cards_obtained":["Noxious Fumes"]}],"is_beta":false,"boss_relics":[{"not_picked":["Coffee Dripper","Orrery"],"picked":"Calling Bell"}],"items_purged_floors":[20],"is_endless":false,"potions_floor_spawned":[2,4,11,14,18],"killed_by":"2 Thieves","ascension_level":20}