{"gold_per_floor":[19,33,33,33,50,75,75,109,133,158,158,158],"floor_reached":12,"playtime":479,"items_purged":[],"score":144,"play_id":"2924635f-bc93-4a18-a084-f7770cb8f52e","local_time":"20190212203920","is_ascension_mode":true,"campfire_choices":[{"data":"Quick Slash","floor":7,"key":"SMITH"}],"neow_cost":"NO_GOLD","seed_source_timestamp":780992247767537,"circlet_count":0,"master_deck":["AscendersBane","Defend_G","Defend_G","Defend_G","Defend_G","Defend_G","Strike_G+1","Strike_G","Strike_G","Strike_G","Strike_G+1","Survivor","Neutralize+1","Footwork","Quick Slash+1","Backstab","Bullet Time","Flying Knee"],"relics":["Ring of the Snake","Nunchaku","Smiling Mask","Juzu Bracelet","Whetstone","Regal Pillow"],"potions_floor_usage":[6,8,12],"damage_taken":[{"damage":1,"enemies":"2 Louse","floor":1,"turns":4},{"damage":2,"enemies":"Jaw Worm","floor":2,"turns":5},{"damage":0,"enemies":"Cultist","floor":5,"turns":5},{"damage":8,"enemies":"Lagavulin","floor":6,"turns":13},{"damage":18,"enemies":"Gremlin Nob","floor":8,"turns":4},{"damage":14,"enemies":"3 Sentries","floor":10,"turns":8},{"damage":5,"enemies":"Exordium Thugs","floor":12,"turns":5}],"seed_played":"8024325485861031064","potions_obtained":[{"floor":2,"key":"EssenceOfSteel"},{"floor":6,"key":"Fire Potion"},{"floor":10,"key":"GamblersBrew"}],"is_trial":false,"path_per_floor":["M","M","?","?","M","E","R","E","T","E","?","M"],"character_chosen":"THE_SILENT","items_purchased":[],"campfire_rested":0,"item_purchase_floors":[],"current_hp_per_floor":[62,60,60,60,60,52,52,34,34,20,2,0],"gold":158,"neow_bonus":"ONE_RARE_RELIC","is_prod":false,"is_daily":false,"chose_seed":false,"campfire_upgraded":1,"win_rate":0,"timestamp":1549964360,"path_taken":["M","M","?","?","?","E","R","E","T","E","?","M"],"build_version":"2019-01-23","purchased_purges":0,"victory":false,"max_hp_per_floor":[70,70,70,70,70,70,70,70,70,70,70,70],"card_choices":[{"not_picked":["Poisoned Stab","Dodge and Roll","Terror"],"picked":"SKIP","floor":1},{"not_picked":["Escape Plan","Prepared"],"picked":"Footwork","floor":2},{"not_picked":["Deadly Poison","Flechettes"],"picked":"Quick Slash","floor":5},{"not_picked":["Riddle With Holes","PiercingWail"],"picked":"Backstab","floor":6},{"not_picked":["PiercingWail","Doppelganger"],"picked":"Bullet Time","floor":8},{"not_picked":["Bane","Prepared"],"picked":"Flying Knee","floor":10}],"player_experience":711006,"relics_obtained":[{"floor":6,"key":"Smiling Mask"},{"floor":8,"key":"Juzu Bracelet"},{"floor":9,"key":"Whetstone"},{"floor":10,"key":"Regal Pillow"}],"event_choices":[{"damage_healed":0,"gold_gain":0,"player_choice":"Grow","damage_taken":0,"max_hp_gain":0,"max_hp_loss":0,"event_name":"Living Wall","floor":3,"gold_loss":0,"cards_upgraded":["Neutralize"]},{"damage_healed":0,"gold_gain":0,"player_choice":"Ignored","damage_taken":0,"max_hp_gain":0,"max_hp_loss":0,"event_name":"Liars Game","floor":4,"gold_loss":0},{"damage_healed":0,"gold_gain":0,"player_choice":"Fled","damage_taken":18,"max_hp_gain":0,"max_hp_loss":0,"event_name":"Scrap Ooze","floor":11,"gold_loss":0}],"is_beta":false,"boss_relics":[],"items_purged_floors":[],"is_endless":false,"potions_floor_spawned":[2,6,10],"killed_by":"Exordium Thugs","ascension_level":10}