{"path_per_floor":["M","M","?","M","M","E","M","R","T","?","$","E","M","M","R","B",null,"M","?","M","M","$","R","M","M","T","M","$"],"character_chosen":"IRONCLAD","items_purchased":["Feel No Pain","Regal Pillow","Art of War"],"gold_per_floor":[111,124,124,143,160,193,213,213,239,414,336,364,374,386,386,490,490,505,505,521,532,307,307,325,344,370,385,135,135],"floor_reached":29,"campfire_rested":1,"playtime":1766,"current_hp_per_floor":[72,75,75,80,79,71,61,61,61,61,61,49,45,50,50,31,68,53,53,54,35,35,74,59,59,59,49,49,0],"items_purged":["Strike_R","Defend_R"],"gold":135,"score":325,"play_id":"64e030c4-07db-4846-85a0-4cccd2f8476b","local_time":"20180414144849","is_prod":false,"is_daily":false,"chose_seed":false,"is_ascension_mode":true,"campfire_upgraded":2,"timestamp":1523710129,"path_taken":["M","?","?","M","M","E","M","R","T","?","$","E","M","M","R","BOSS","M","?","M","?","$","R","M","M","T","M","$","E"],"build_version":"2018-04-12","seed_source_timestamp":197069010982082,"purchased_purges":2,"victory":false,"master_deck":["Strike_R+1","Strike_R","Strike_R+1","Strike_R","Defend_R","Defend_R","Defend_R","Bash","Ghostly Armor","Shrug It Off","Flame Barrier","Body Slam+1","Whirlwind","Doubt","Feel No Pain","Exhume","Metallicize","Clothesline+1","Berserk","Seeing Red","Metallicize","Metallicize","Pummel","Shockwave+1"],"max_hp_per_floor":[80,80,80,80,80,80,80,80,80,80,80,80,80,80,80,80,80,80,80,80,80,80,80,80,80,80,80,80,80],"relics":["Burning Blood","Happy Flower","Du-Vu Doll","Vajra","Whetstone","Velvet Choker","Regal Pillow","Singing Bowl","Art of War"],"card_choices":[{"not_picked":["Dual Wield","Infernal Blade"],"picked":"Ghostly Armor","floor":1},{"not_picked":["Anger","Headbutt"],"picked":"Shrug It Off","floor":2},{"not_picked":["Armaments","Rupture"],"picked":"Flame Barrier","floor":4},{"not_picked":["Clash","Headbutt"],"picked":"Body Slam","floor":5},{"not_picked":["Carnage","Reckless Charge"],"picked":"Whirlwind","floor":7},{"not_picked":["Flex","Fire Breathing"],"picked":"Exhume","floor":12},{"not_picked":["Clothesline","Carnage"],"picked":"Metallicize","floor":13},{"not_picked":["Heavy Blade","Combust"],"picked":"Clothesline","floor":14},{"not_picked":["Fiend Fire","Immolate"],"picked":"Berserk","floor":16},{"not_picked":["Perfected Strike","Dropkick"],"picked":"Seeing Red","floor":18},{"not_picked":["Fire Breathing","Carnage"],"picked":"Metallicize","floor":20},{"not_picked":["Armaments","Twin Strike"],"picked":"Metallicize","floor":21},{"not_picked":["Flex","Clash"],"picked":"Pummel","floor":25},{"not_picked":["Hemokinesis","Anger"],"picked":"Shockwave","floor":27}],"player_experience":269890,"potions_floor_usage":[6,6,12,16,18,20,21],"damage_taken":[{"damage":6,"enemies":"Cultist","floor":1,"turns":4},{"damage":3,"enemies":"Small Slimes","floor":2,"turns":4},{"damage":0,"enemies":"2 Louse","floor":4,"turns":3},{"damage":7,"enemies":"Exordium Wildlife","floor":5,"turns":9},{"damage":14,"enemies":"Gremlin Nob","floor":6,"turns":5},{"damage":16,"enemies":"Blue Slaver","floor":7,"turns":5},{"damage":18,"enemies":"3 Sentries","floor":12,"turns":6},{"damage":10,"enemies":"Exordium Thugs","floor":13,"turns":5},{"damage":1,"enemies":"2 Fungi Beasts","floor":14,"turns":4},{"damage":25,"enemies":"Slime Boss","floor":16,"turns":10},{"damage":21,"enemies":"2 Thieves","floor":18,"turns":5},{"damage":5,"enemies":"Shell Parasite","floor":20,"turns":9},{"damage":25,"enemies":"3 Cultists","floor":21,"turns":6},{"damage":21,"enemies":"Snake Plant","floor":24,"turns":8},{"damage":6,"enemies":"Snecko","floor":25,"turns":6},{"damage":16,"enemies":"Sentry and Sphere","floor":27,"turns":8},{"damage":51,"enemies":"Slavers","floor":29,"turns":3}],"event_choices":[{"event_name":"The Lab","player_choice":"Got Potions","floor":3,"damage_taken":0},{"event_name":"Liars Game","player_choice":"agreed","floor":10,"damage_taken":0},{"event_name":"Vampires","player_choice":"Ignored","floor":19,"damage_taken":0}],"boss_relics":[{"not_picked":["Black Blood","Runic Pyramid"],"picked":"Velvet Choker"}],"potions_floor_spawned":[1,2,5,6,12,18,20],"seed_played":"-9035753030998706877","killed_by":"Slavers","ascension_level":7,"is_trial":false}