{"gold_per_floor":[111,81,31,48,62,62,62,62,138,138,154,169,169,12,12,111,111,101,119,219,24,34,34,66,165,165,165,165,183,213,229,229,333,333,350,350,370,382,235,261,261,274,300,334,183,183,199,211,211,211,211,211,6,31,31],"floor_reached":56,"playtime":9200,"items_purged":["Defend_B","Defend_B","Defend_B"],"score":1394,"play_id":"f43eb636-4a77-4801-b865-254d3b3ebc13","local_time":"20190204095248","is_ascension_mode":true,"campfire_choices":[{"data":"Consume","floor":6.0,"key":"SMITH"},{"data":"Zap","floor":8.0,"key":"SMITH"},{"data":"Go for the Eyes","floor":10.0,"key":"SMITH"},{"data":"Genetic Algorithm","floor":13.0,"key":"SMITH"},{"data":"Dualcast","floor":15.0,"key":"SMITH"},{"floor":23.0,"key":"REST"},{"floor":27.0,"key":"REST"},{"floor":32.0,"key":"REST"},{"data":"Ghostly","floor":41.0,"key":"SMITH"},{"floor":46.0,"key":"RECALL"},{"floor":49.0,"key":"REST"},{"data":"Ghostly","floor":52.0,"key":"SMITH"}],"neow_cost":"NONE","seed_source_timestamp":0,"circlet_count":0,"master_deck":["Defend_B","Zap+1","Dualcast+1","Sweeping Beam","Consume+1","Turbo","Glacier","Go for the Eyes+1","Genetic Algorithm+1","Creative AI","Capacitor+1","Conserve Battery","Coolheaded","Ghostly+1","Ghostly","Ghostly","Ghostly","Ghostly+1","Hologram","Echo Form","Machine Learning+1","Sunder+1","Barrage+1","Double Energy+1","Chill+1","Heatsinks+1","Defragment+1","Defragment+1"],"special_seed":0,"relics":["Cracked Core","Symbiotic Virus","Bronze Scales","Snecko Eye","Turnip","Molten Egg 2","ClockworkSouvenir","Dead Branch","Meat on the Bone","Tiny Chest","Astrolabe","Frozen Egg 2","Pen Nib","Singing Bowl","Centennial Puzzle"],"potions_floor_usage":[55],"damage_taken":[{"damage":0.0,"enemies":"2 Louse","floor":1.0,"turns":2.0},{"damage":0.0,"enemies":"Cultist","floor":4.0,"turns":3.0},{"damage":0.0,"enemies":"Small Slimes","floor":5.0,"turns":2.0},{"damage":1.0,"enemies":"2 Fungi Beasts","floor":11.0,"turns":2.0},{"damage":3.0,"enemies":"Looter","floor":12.0,"turns":2.0},{"damage":12.0,"enemies":"Slime Boss","floor":16.0,"turns":10.0},{"damage":14.0,"enemies":"2 Thieves","floor":18.0,"turns":4.0},{"damage":5.0,"enemies":"Chosen","floor":19.0,"turns":4.0},{"damage":7.0,"enemies":"Colosseum Slavers","floor":20.0,"turns":6.0},{"damage":22.0,"enemies":"Colosseum Nobs","floor":20.0,"turns":7.0},{"damage":15.0,"enemies":"Snecko","floor":22.0,"turns":6.0},{"damage":45.0,"enemies":"Gremlin Leader","floor":24.0,"turns":10.0},{"damage":3.0,"enemies":"Snake Plant","floor":29.0,"turns":5.0},{"damage":0.0,"enemies":"Sentry and Sphere","floor":31.0,"turns":6.0},{"damage":0.0,"enemies":"Collector","floor":33.0,"turns":9.0},{"damage":0.0,"enemies":"Orb Walker","floor":35.0,"turns":3.0},{"damage":0.0,"enemies":"3 Darklings","floor":37.0,"turns":4.0},{"damage":0.0,"enemies":"4 Shapes","floor":38.0,"turns":4.0},{"damage":0.0,"enemies":"Giant Head","floor":40.0,"turns":9.0},{"damage":0.0,"enemies":"Transient","floor":42.0,"turns":5.0},{"damage":14.0,"enemies":"Nemesis","floor":44.0,"turns":10.0},{"damage":1.0,"enemies":"Spire Growth","floor":47.0,"turns":5.0},{"damage":0.0,"enemies":"4 Shapes","floor":48.0,"turns":5.0},{"damage":2.0,"enemies":"Time Eater","floor":50.0,"turns":11.0},{"damage":0.0,"enemies":"Shield and Spear","floor":54.0,"turns":5.0},{"damage":17,"enemies":"The Heart","floor":55,"turns":12}],"seed_played":"-650125543919413915","potions_obtained":[{"floor":1.0,"key":"PowerPotion"},{"floor":2.0,"key":"FearPotion"},{"floor":2.0,"key":"Regen Potion"},{"floor":11.0,"key":"Fire Potion"},{"floor":16.0,"key":"FearPotion"},{"floor":18.0,"key":"Strength Potion"},{"floor":22.0,"key":"LiquidBronze"},{"floor":31.0,"key":"Energy Potion"},{"floor":35.0,"key":"PowerPotion"},{"floor":38.0,"key":"SkillPotion"},{"floor":40.0,"key":"Swift Potion"},{"floor":48.0,"key":"Block Potion"}],"is_trial":false,"path_per_floor":["M","?","$","M","M","R","$","R","T","R","M","M","R","$","R","B",null,"M","M","?","$","M","R","E","?","T","R","?","M","T","M","R","B",null,"M","T","M","M","$","E","R","M","T","E","$","R","M","M","R","B",null,"R","$","E","B",null],"character_chosen":"DEFECT","items_purchased":["Turbo","Bronze Scales","ClockworkSouvenir","Heatsinks+1","Energy Potion","Defragment+1"],"campfire_rested":4,"item_purchase_floors":[3,14,21,39,45,53],"current_hp_per_floor":[75,75,75,75,75,75,75,75,75,75,74,71,71,71,71,59,75,61,56,42,42,27,49,4,4,4,26,26,23,23,23,34,34,37,37,37,37,37,37,37,37,37,37,25,25,25,26,28,40,38,43,43,43,43,26],"gold":31,"neow_bonus":"TRANSFORM_CARD","is_prod":false,"is_daily":false,"chose_seed":false,"campfire_upgraded":7,"win_rate":0,"timestamp":1549273968,"path_taken":["M","?","$","M","M","R","$","R","T","R","M","M","R","?","R","BOSS","M","M","?","$","M","R","E","?","T","R","?","M","?","M","R","BOSS","M","?","M","M","$","E","R","M","T","E","$","R","?","?","R","BOSS","R","$","E","BOSS"],"build_version":"2019-01-23","purchased_purges":3,"victory":true,"max_hp_per_floor":[75,75,75,75,75,75,75,75,75,75,75,75,75,75,75,75,75,75,75,75,75,75,75,75,75,75,75,37,37,37,37,37,37,37,37,37,37,37,37,37,37,37,37,39,39,39,41,43,43,43,43,43,43,43,43],"card_choices":[{"not_picked":["Gash","White Noise"],"picked":"Consume","floor":1.0},{"not_picked":["Streamline","Cold Snap"],"picked":"Glacier","floor":4.0},{"not_picked":["Cold Snap","Gash"],"picked":"Go for the Eyes","floor":5.0},{"not_picked":["Streamline","Double Energy"],"picked":"Genetic Algorithm","floor":11.0},{"not_picked":["Beam Cell","Core Surge","Sweeping Beam"],"picked":"SKIP","floor":12.0},{"not_picked":["Reboot","Amplify"],"picked":"Creative AI","floor":16.0},{"not_picked":["Stack","Chill"],"picked":"Capacitor+1","floor":18.0},{"not_picked":["Recycle","Turbo+1"],"picked":"Conserve Battery","floor":19.0},{"not_picked":["Reinforced Body","Leap+1"],"picked":"Coolheaded","floor":22.0},{"not_picked":["Machine Learning","Rebound+1","Storm+1"],"picked":"SKIP","floor":24.0},{"not_picked":["Sweeping Beam+1","White Noise","Stack+1"],"picked":"SKIP","floor":29.0},{"not_picked":["Turbo","Ball Lightning+1"],"picked":"Hologram","floor":31.0},{"not_picked":["Machine Learning","Electrodynamics"],"picked":"Echo Form","floor":33.0},{"not_picked":["Barrage+1","Go for the Eyes+1","Beam Cell+1"],"picked":"SKIP","floor":35.0},{"not_picked":["Ball Lightning+1","Gash+1"],"picked":"Double Energy+1","floor":37.0},{"not_picked":["Storm+1","Redo"],"picked":"Chill+1","floor":38.0},{"not_picked":["Undo+1","Redo","Genetic Algorithm"],"picked":"SKIP","floor":40.0},{"not_picked":["Beam Cell+1","Force Field","Streamline+1"],"picked":"SKIP","floor":42.0},{"not_picked":["Ball Lightning+1","Reboot","Loop+1"],"picked":"Singing Bowl","floor":44.0},{"not_picked":["Sunder+1","Ball Lightning+1","BootSequence+1"],"picked":"Singing Bowl","floor":47.0},{"not_picked":["Streamline+1","Sweeping Beam+1","Cold Snap+1"],"picked":"Singing Bowl","floor":48.0},{"not_picked":["Gash+1","Leap"],"picked":"Defragment+1","floor":54.0}],"player_experience":352479,"relics_obtained":[{"floor":9.0,"key":"Symbiotic Virus"},{"floor":20.0,"key":"Turnip"},{"floor":20.0,"key":"Molten Egg 2"},{"floor":24.0,"key":"Dead Branch"},{"floor":26.0,"key":"Meat on the Bone"},{"floor":30.0,"key":"Tiny Chest"},{"floor":36.0,"key":"Frozen Egg 2"},{"floor":40.0,"key":"Pen Nib"},{"floor":44.0,"key":"Singing Bowl"},{"floor":54.0,"key":"Centennial Puzzle"}],"event_choices":[{"damage_healed":0.0,"max_hp_gain":0.0,"max_hp_loss":0.0,"gold_gain":0.0,"event_name":"The Woman in Blue","player_choice":"Bought 2 Potions","floor":2.0,"gold_loss":0.0,"damage_taken":0.0},{"damage_healed":0.0,"max_hp_gain":0.0,"max_hp_loss":0.0,"gold_gain":0.0,"event_name":"Colosseum","player_choice":"Fight","floor":20.0,"gold_loss":0.0,"damage_taken":0.0},{"damage_healed":0.0,"max_hp_gain":0.0,"max_hp_loss":0.0,"gold_gain":0.0,"event_name":"Colosseum","player_choice":"Fought Nobs","floor":20.0,"gold_loss":0.0,"damage_taken":0.0},{"damage_healed":0.0,"max_hp_gain":0.0,"max_hp_loss":0.0,"gold_gain":99.0,"event_name":"Nest","player_choice":"Stole From Cult","floor":25.0,"gold_loss":0.0,"damage_taken":0.0},{"damage_healed":0.0,"max_hp_gain":0.0,"max_hp_loss":38.0,"gold_gain":0.0,"event_name":"Ghosts","player_choice":"Became a Ghost","floor":28.0,"gold_loss":0.0,"damage_taken":0.0,"cards_obtained":["Ghostly","Ghostly","Ghostly","Ghostly","Ghostly"]}],"is_beta":false,"boss_relics":[{"not_picked":["Sozu","Calling Bell"],"picked":"Snecko Eye"},{"not_picked":["White Beast Statue","Lizard Tail"],"picked":"Astrolabe"}],"items_purged_floors":[39,45,53],"is_endless":false,"potions_floor_spawned":[1,11,12,16,18,22,31,35,38,40,48],"ascension_level":2}