{"gold_per_floor":[109,109,127,127,141,170,170,199,226,238,267,279,566,104,104,104],"floor_reached":16,"playtime":499,"items_purged":["Regret"],"score":205,"play_id":"b5161e00-970d-4029-8e4c-850e09ea0e31","local_time":"20180928001124","is_ascension_mode":true,"campfire_choices":[{"floor":7.0,"key":"REST"},{"floor":10.0,"key":"REST"},{"data":"Cloak And Dagger","floor":12.0,"key":"SMITH"},{"data":"Finisher","floor":15.0,"key":"SMITH"}],"neow_cost":"","seed_source_timestamp":27482652785465,"circlet_count":0,"master_deck":["Defend_G","Defend_G","Defend_G","Defend_G","Defend_G","Strike_G","Strike_G","Strike_G","Strike_G","Survivor","Neutralize","AscendersBane","Flechettes","Cloak And Dagger+1","Footwork","Deadly Poison","PiercingWail","Acrobatics","Finisher+1"],"special_seed":0,"relics":["Ring of the Snake","Blood Vial","Art of War","Prayer Wheel","MawBank","FossilizedHelix"],"potions_floor_usage":[],"damage_taken":[{"damage":0.0,"enemies":"Cultist","floor":1.0,"turns":4.0},{"damage":1.0,"enemies":"Jaw Worm","floor":3.0,"turns":6.0},{"damage":1.0,"enemies":"2 Louse","floor":5.0,"turns":3.0},{"damage":41.0,"enemies":"Gremlin Nob","floor":6.0,"turns":5.0},{"damage":17.0,"enemies":"3 Sentries","floor":8.0,"turns":9.0},{"damage":0.0,"enemies":"Exordium Wildlife","floor":11.0,"turns":5.0},{"damage":29,"enemies":"Slime Boss","floor":16,"turns":9}],"seed_played":"7547978665082215324","potions_obtained":[{"floor":1.0,"key":"Strength Potion"},{"floor":6.0,"key":"AttackPotion"}],"is_trial":false,"path_per_floor":["M","?","M","?","M","E","R","E","T","R","M","R","?","$","R"],"character_chosen":"THE_SILENT","items_purchased":["FossilizedHelix","Finisher"],"campfire_rested":2,"item_purchase_floors":[14,14],"current_hp_per_floor":[59,48,49,42,43,4,23,8,8,27,29,29,29,29,29,2],"gold":104,"neow_bonus":"","is_prod":false,"is_daily":false,"chose_seed":false,"campfire_upgraded":2,"win_rate":0,"timestamp":1538061084,"path_taken":["M","?","M","?","M","E","R","E","T","R","M","R","?","$","R","BOSS"],"build_version":"2018-09-20","purchased_purges":1,"victory":false,"max_hp_per_floor":[66,66,66,66,66,66,66,66,66,66,66,66,66,66,66,66],"card_choices":[{"not_picked":["Setup","Sucker Punch"],"picked":"Flechettes","floor":1.0},{"not_picked":["Slice","Acrobatics"],"picked":"Cloak And Dagger","floor":3.0},{"not_picked":["Backflip","PiercingWail"],"picked":"Footwork","floor":5.0},{"not_picked":["Infinite Blades","Corpse Explosion"],"picked":"Deadly Poison","floor":6.0},{"not_picked":["Infinite Blades","Quick Slash"],"picked":"PiercingWail","floor":8.0},{"not_picked":["Riddle With Holes","Flying Knee"],"picked":"Acrobatics","floor":11.0},{"not_picked":["Heel Hook","Blur","Eviscerate"],"picked":"SKIP","floor":11.0},{"not_picked":["Heel Hook","Blur","Eviscerate"],"picked":"SKIP","floor":11.0}],"player_experience":676273,"relics_obtained":[{"floor":6.0,"key":"Art of War"},{"floor":8.0,"key":"Prayer Wheel"},{"floor":9.0,"key":"MawBank"}],"event_choices":[{"event_name":"Scrap Ooze","player_choice":"success","floor":2.0,"damage_taken":11.0},{"event_name":"Golden Wing","player_choice":"Card Removal","floor":4.0,"damage_taken":0.0},{"event_name":"Golden Shrine","player_choice":"Desecrate","floor":13.0,"damage_taken":0.0}],"is_beta":false,"boss_relics":[],"items_purged_floors":[14],"is_endless":false,"potions_floor_spawned":[1,6],"killed_by":"Slime Boss","ascension_level":18}