{"gold_per_floor":[116,191,366,376,376,410,410,439,464,479,494,494,124,139,139,139],"floor_reached":16,"playtime":388,"items_purged":[],"score":121,"play_id":"fcc0820e-814f-4bd1-83e6-2ab6b6ae09da","local_time":"20190127174404","is_ascension_mode":true,"campfire_choices":[{"floor":7,"key":"RECALL"},{"floor":12,"key":"REST"},{"floor":15,"key":"REST"}],"neow_cost":"NONE","seed_source_timestamp":1621536292402799,"circlet_count":0,"master_deck":["Strike_R","Strike_R","Strike_R","Strike_R","Strike_R","Defend_R","Defend_R","Defend_R","Defend_R","Bash","Twin Strike","Doubt","Perfected Strike+1","Cleave","Reaper","Warcry","Flex","Ghostly Armor","Combust"],"relics":["Burning Blood","Anchor","Bag of Marbles","Bottled Flame","StoneCalendar"],"potions_floor_usage":[6,8],"damage_taken":[{"damage":1,"enemies":"Small Slimes","floor":1,"turns":4},{"damage":1,"enemies":"2 Louse","floor":4,"turns":3},{"damage":28,"enemies":"Gremlin Nob","floor":6,"turns":4},{"damage":50,"enemies":"Lagavulin","floor":8,"turns":7},{"damage":0,"enemies":"Cultist","floor":10,"turns":2},{"damage":0,"enemies":"3 Louse","floor":11,"turns":1},{"damage":0,"enemies":"Looter","floor":14,"turns":1},{"damage":80,"enemies":"Hexaghost","floor":16,"turns":9}],"seed_played":"-5029512598678842507","potions_obtained":[{"floor":4,"key":"Ancient Potion"},{"floor":6,"key":"SkillPotion"}],"is_trial":false,"path_per_floor":["M","?","?","M","?","E","R","E","T","M","M","R","$","M","R","B"],"character_chosen":"IRONCLAD","items_purchased":["StoneCalendar","Ghostly Armor"],"campfire_rested":2,"item_purchase_floors":[13,13],"current_hp_per_floor":[80,69,69,74,74,52,52,8,8,14,20,44,44,50,74,0],"gold":139,"neow_bonus":"RANDOM_COMMON_RELIC","is_prod":false,"is_daily":false,"chose_seed":false,"campfire_upgraded":0,"win_rate":0,"timestamp":1548629044,"path_taken":["M","?","?","M","?","E","R","E","T","M","?","R","$","M","R","BOSS"],"build_version":"2019-01-23","purchased_purges":0,"victory":false,"max_hp_per_floor":[80,80,80,80,80,80,80,80,80,80,80,80,80,80,80,80],"card_choices":[{"not_picked":["Clash","Wild Strike"],"picked":"Twin Strike","floor":1},{"not_picked":["Thunderclap","Headbutt"],"picked":"Perfected Strike","floor":4},{"not_picked":["Iron Wave","Warcry"],"picked":"Cleave","floor":6},{"not_picked":["Clash","Second Wind"],"picked":"Reaper","floor":8},{"not_picked":["Bloodletting","Blood for Blood"],"picked":"Warcry","floor":10},{"not_picked":["Thunderclap","Heavy Blade"],"picked":"Flex","floor":11},{"not_picked":["Sword Boomerang","Shockwave"],"picked":"Combust","floor":14}],"player_experience":108063,"relics_obtained":[{"floor":6,"key":"Bag of Marbles"},{"floor":8,"key":"Bottled Flame"}],"event_choices":[{"damage_healed":0,"gold_gain":75,"player_choice":"Gather Gold","damage_taken":11,"max_hp_gain":0,"max_hp_loss":0,"event_name":"World of Goop","floor":2,"gold_loss":0},{"damage_healed":0,"gold_gain":175,"player_choice":"AGREE","damage_taken":0,"max_hp_gain":0,"max_hp_loss":0,"event_name":"Liars Game","floor":3,"gold_loss":0,"cards_obtained":["Doubt"]},{"damage_healed":0,"gold_gain":0,"player_choice":"Upgraded","damage_taken":0,"max_hp_gain":0,"max_hp_loss":0,"event_name":"Upgrade Shrine","floor":5,"gold_loss":0,"cards_upgraded":["Perfected Strike"]}],"is_beta":false,"boss_relics":[],"items_purged_floors":[],"is_endless":false,"potions_floor_spawned":[4,6],"killed_by":"Hexaghost","ascension_level":2}