{"gold_per_floor":[110,285,285,118,78,403,403,426,426,454,474,484,511,523,523,620,620,640,78,3,3,38,66,66,82,82,107,27,43,63,77,77,174,174,193,213,259,259,0,35,35,61,61,87,98,115,149,169,169,169],"floor_reached":51,"playtime":3890,"items_purged":["Doubt","Shame"],"score":1108,"play_id":"43143a47-e763-4985-ba46-01b6f5fc9977","local_time":"20180926000412","is_ascension_mode":true,"campfire_choices":[{"data":"Defragment","floor":7,"key":"SMITH"},{"data":"Machine Learning","floor":15,"key":"SMITH"},{"data":"Buffer","floor":24,"key":"SMITH"},{"data":"Storm","floor":32,"key":"SMITH"},{"data":"1","floor":41,"key":"LIFT"},{"floor":49,"key":"REST"}],"neow_cost":"NONE","seed_source_timestamp":199223736800248,"circlet_count":0,"master_deck":["Strike_B","Strike_B","Strike_B","Strike_B","Defend_B","Defend_B","Defend_B","Defend_B","Zap+1","Dualcast","Gash","Defragment+1","Conserve Battery","Cold Snap","Machine Learning+1","Tempest","Gash","Ball Lightning","Loop","Buffer+1","Clumsy","Gash+1","Defragment+1","Gash","Hello World+1","Leap","Blizzard+1","Storm+1","Redo","Gash","All For One","Double Energy+1","Defragment","Go for the Eyes+1","Double Energy","Streamline","Ball Lightning+1","All For One+1","Cold Snap+1","Storm","Gash+1","Defragment"],"relics":["Cracked Core","Old Coin","PreservedInsect","Torii","Darkstone Periapt","Meat on the Bone","Calling Bell","Vajra","Blue Candle","Bird Faced Urn","DollysMirror","Gremlin Horn","MutagenicStrength","Red Mask","Bronze Scales","Symbiotic Virus","Pantograph","Nuclear Battery","Calipers","Girya","Matryoshka","Nunchaku","Dead Branch","Potion Belt","Molten Egg 2","Bottled Tornado","Emotion Chip"],"potions_floor_usage":[5,13,22,22,23,27,33,44,47,50,50,50],"damage_taken":[{"damage":7,"enemies":"Jaw Worm","floor":1,"turns":3},{"damage":22,"enemies":"Gremlin Nob","floor":6,"turns":4},{"damage":2,"enemies":"3 Sentries","floor":10,"turns":5},{"damage":0,"enemies":"Small Slimes","floor":11,"turns":4},{"damage":0,"enemies":"Cultist","floor":12,"turns":2},{"damage":1,"enemies":"Lagavulin","floor":13,"turns":4},{"damage":1,"enemies":"Looter","floor":14,"turns":3},{"damage":0,"enemies":"Slime Boss","floor":16,"turns":7},{"damage":26,"enemies":"Chosen","floor":18,"turns":6},{"damage":24,"enemies":"Masked Bandits","floor":22,"turns":4},{"damage":9,"enemies":"Gremlin Leader","floor":23,"turns":4},{"damage":11,"enemies":"Spheric Guardian","floor":25,"turns":3},{"damage":19,"enemies":"Book of Stabbing","floor":27,"turns":5},{"damage":0,"enemies":"Snecko","floor":29,"turns":4},{"damage":18,"enemies":"3 Cultists","floor":30,"turns":4},{"damage":27,"enemies":"Shelled Parasite and Fungi","floor":31,"turns":4},{"damage":38,"enemies":"Collector","floor":33,"turns":7},{"damage":9,"enemies":"Orb Walker","floor":35,"turns":3},{"damage":14,"enemies":"3 Shapes","floor":36,"turns":3},{"damage":3,"enemies":"Mysterious Sphere","floor":37,"turns":4},{"damage":0,"enemies":"Mind Bloom Boss Battle","floor":38,"turns":3},{"damage":15,"enemies":"2 Orb Walkers","floor":40,"turns":3},{"damage":0,"enemies":"Nemesis","floor":42,"turns":5},{"damage":21,"enemies":"2 Orb Walkers","floor":44,"turns":3},{"damage":1,"enemies":"Sphere and 2 Shapes","floor":45,"turns":4},{"damage":8,"enemies":"3 Darklings","floor":46,"turns":2},{"damage":3,"enemies":"Nemesis","floor":47,"turns":3},{"damage":33,"enemies":"Maw","floor":48,"turns":5},{"damage":100,"enemies":"Time Eater","floor":50,"turns":8}],"seed_played":"-5509611262113453622","potions_obtained":[{"floor":5,"key":"Weak Potion"},{"floor":5,"key":"Fruit Juice"},{"floor":5,"key":"SpeedPotion"},{"floor":12,"key":"Energy Potion"},{"floor":13,"key":"PowerPotion"},{"floor":16,"key":"Fire Potion"},{"floor":23,"key":"Energy Potion"},{"floor":25,"key":"SteroidPotion"},{"floor":29,"key":"LiquidBronze"},{"floor":36,"key":"AttackPotion"},{"floor":40,"key":"GamblersBrew"},{"floor":45,"key":"Regen Potion"},{"floor":47,"key":"Poison Potion"}],"is_trial":false,"path_per_floor":["M","?","?","$","?","E","R","T","T","E","M","M","E","M","R","B",null,"M","$","?","?","?","E","R","M","T","E","$","M","M","M","R","B",null,"M","M","?","?","$","E","R","E","T","E","M","M","E","M","R","B"],"character_chosen":"DEFECT","items_purchased":["Defragment","Conserve Battery","DollysMirror","Gremlin Horn","Storm","Matryoshka"],"campfire_rested":1,"item_purchase_floors":[4,4,19,19,28,39],"current_hp_per_floor":[68,68,75,75,80,58,58,58,58,56,56,56,55,54,54,54,98,76,76,76,76,62,63,63,60,60,53,53,63,55,54,54,55,98,89,83,96,98,98,89,89,98,98,83,96,92,98,65,94,36],"gold":169,"neow_bonus":"UPGRADE_CARD","is_prod":false,"is_daily":false,"chose_seed":false,"campfire_upgraded":4,"win_rate":0,"timestamp":1537945452,"path_taken":["M","?","?","$","?","E","R","?","T","E","M","M","E","M","R","BOSS","M","$","?","?","?","E","R","M","T","E","$","?","M","M","R","BOSS","M","?","?","?","$","E","R","E","T","E","?","M","E","M","R","BOSS"],"build_version":"2018-09-20","purchased_purges":2,"victory":true,"max_hp_per_floor":[75,75,75,75,80,80,80,80,80,80,80,80,80,80,80,80,98,98,98,98,98,98,98,98,98,98,98,98,98,98,98,98,98,98,98,98,98,98,98,98,98,98,98,98,98,98,98,98,98,98],"card_choices":[{"not_picked":["Streamline","Undo"],"picked":"Gash","floor":1},{"not_picked":["Sweeping Beam","Steam Power"],"picked":"Cold Snap","floor":6},{"not_picked":["Self Repair","Fusion"],"picked":"Machine Learning","floor":10},{"not_picked":["Rip and Tear","Scrape"],"picked":"Tempest","floor":11},{"not_picked":["Hologram","Coolheaded"],"picked":"Gash","floor":12},{"not_picked":["Rebound","Hologram"],"picked":"Ball Lightning","floor":13},{"not_picked":["Sweeping Beam","Aggregate"],"picked":"Loop","floor":14},{"not_picked":["Hyperbeam","Amplify"],"picked":"Buffer","floor":16},{"not_picked":["Go for the Eyes","Redo+1"],"picked":"Gash+1","floor":18},{"not_picked":["Rebound","Steam"],"picked":"Gash","floor":22},{"not_picked":["All For One","Hologram"],"picked":"Hello World+1","floor":23},{"not_picked":["Self Repair","Steam+1"],"picked":"Leap","floor":25},{"not_picked":["Reinforced Body","Redo"],"picked":"Blizzard+1","floor":27},{"not_picked":["Aggregate","Compile Driver"],"picked":"Redo","floor":29},{"not_picked":["Barrage","Steam","Genetic Algorithm+1"],"picked":"SKIP","floor":30},{"not_picked":["Streamline","Capacitor"],"picked":"Gash","floor":31},{"not_picked":["Biased Cognition","Core Surge"],"picked":"All For One","floor":33},{"not_picked":["Steam+1","Streamline+1"],"picked":"Double Energy+1","floor":35},{"not_picked":["BootSequence+1","Compile Driver+1"],"picked":"Defragment","floor":36},{"not_picked":["Streamline","Stack+1"],"picked":"Go for the Eyes+1","floor":37},{"not_picked":["FTL+1","Cold Snap"],"picked":"Double Energy","floor":38},{"not_picked":["Sunder+1","Fusion+1"],"picked":"Streamline","floor":40},{"not_picked":["Turbo","Compile Driver+1"],"picked":"Ball Lightning+1","floor":42},{"not_picked":["Self Repair+1","Barrage+1"],"picked":"All For One+1","floor":44},{"not_picked":["Barrage+1","Stack+1"],"picked":"Cold Snap+1","floor":45},{"not_picked":["Turbo","BootSequence+1"],"picked":"Storm","floor":46},{"not_picked":["Hologram+1","Go for the Eyes+1"],"picked":"Gash+1","floor":47},{"not_picked":["Double Energy","Ball Lightning+1"],"picked":"Defragment","floor":48}],"player_experience":164406,"relics_obtained":[{"floor":6,"key":"Old Coin"},{"floor":8,"key":"PreservedInsect"},{"floor":9,"key":"Torii"},{"floor":10,"key":"Darkstone Periapt"},{"floor":13,"key":"Meat on the Bone"},{"floor":17,"key":"Vajra"},{"floor":17,"key":"Blue Candle"},{"floor":17,"key":"Bird Faced Urn"},{"floor":22,"key":"Red Mask"},{"floor":23,"key":"Bronze Scales"},{"floor":26,"key":"Symbiotic Virus"},{"floor":27,"key":"Pantograph"},{"floor":37,"key":"Calipers"},{"floor":38,"key":"Girya"},{"floor":40,"key":"Nunchaku"},{"floor":42,"key":"Dead Branch"},{"floor":43,"key":"Potion Belt"},{"floor":43,"key":"Molten Egg 2"},{"floor":44,"key":"Bottled Tornado"},{"floor":47,"key":"Emotion Chip"}],"event_choices":[{"event_name":"Liars Game","player_choice":"agreed","floor":2,"damage_taken":0},{"event_name":"Wheel of Change","player_choice":"Full Heal","floor":3,"damage_taken":0},{"event_name":"The Woman in Blue","player_choice":"Bought 3 Potions","floor":5,"damage_taken":0},{"event_name":"Beggar","player_choice":"Gave Gold","floor":20,"damage_taken":0},{"event_name":"Drug Dealer","player_choice":"Inject Mutagens","floor":21,"damage_taken":0},{"event_name":"Masked Bandits","player_choice":"Fought Bandits","floor":22,"damage_taken":0},{"event_name":"Mysterious Sphere","player_choice":"Fight","floor":37,"damage_taken":0},{"event_name":"MindBloom","player_choice":"Fight","floor":38,"damage_taken":0}],"is_beta":false,"boss_relics":[{"not_picked":["Astrolabe","Lizard Tail"],"picked":"Calling Bell"},{"not_picked":["Fusion Hammer","Inserter"],"picked":"Nuclear Battery"}],"items_purged_floors":[4,19],"is_endless":false,"potions_floor_spawned":[12,13,16,23,25,29,36,40,45,47],"ascension_level":2}