{"gold_per_floor":[20,35,35,50,62,87,87,97,124,124,150,0,17,44,44,145,145,156,156,156,43,43,43,73,87,87,87,117,117,132,144,144,144],"floor_reached":33,"playtime":1168,"items_purged":["Defend_R"],"score":515,"play_id":"b7e3dcb5-ff20-4de7-8417-b14dc80d8ad2","local_time":"20190303115833","is_ascension_mode":true,"campfire_choices":[{"floor":7,"key":"REST"},{"data":"Perfected Strike","floor":10,"key":"SMITH"},{"data":"Perfected Strike","floor":15,"key":"SMITH"},{"data":"Body Slam","floor":23,"key":"SMITH"},{"data":"Perfected Strike","floor":27,"key":"SMITH"},{"data":"Demon Form","floor":29,"key":"SMITH"},{"data":"Shrug It Off","floor":32,"key":"SMITH"}],"neow_cost":"NO_GOLD","seed_source_timestamp":210363933387061,"circlet_count":0,"master_deck":["Strike_R","Strike_R","Strike_R","Strike_R","Strike_R","Defend_R","Defend_R","Defend_R","Bash","Cleave","Perfected Strike+1","Pommel Strike","Clothesline","Iron Wave","Offering","Intimidate","Shrug It Off+1","Twin Strike","Body Slam+1","Perfected Strike+1","Demon Form+1","Spot Weakness","Perfected Strike+1","Discovery","Infernal Blade+1","Ghostly Armor"],"relics":["Burning Blood","WingedGreaves","PreservedInsect","Red Skull","Bronze Scales","Ancient Tea Set","Coffee Dripper","Nilry\u0027s Codex","Centennial Puzzle","Omamori","Unceasing Top"],"potions_floor_usage":[11,33,33,33],"damage_taken":[{"damage":11,"enemies":"2 Louse","floor":1,"turns":3},{"damage":4,"enemies":"Cultist","floor":2,"turns":5},{"damage":12,"enemies":"Jaw Worm","floor":4,"turns":2},{"damage":8,"enemies":"3 Louse","floor":5,"turns":3},{"damage":40,"enemies":"3 Sentries","floor":6,"turns":8},{"damage":9,"enemies":"Exordium Thugs","floor":8,"turns":4},{"damage":0,"enemies":"Gremlin Nob","floor":11,"turns":2},{"damage":0,"enemies":"2 Fungi Beasts","floor":13,"turns":3},{"damage":6,"enemies":"3 Sentries","floor":14,"turns":3},{"damage":47,"enemies":"Hexaghost","floor":16,"turns":7},{"damage":0,"enemies":"3 Byrds","floor":18,"turns":3},{"damage":12,"enemies":"Book of Stabbing","floor":24,"turns":3},{"damage":11,"enemies":"Shell Parasite","floor":25,"turns":3},{"damage":2,"enemies":"Gremlin Leader","floor":28,"turns":4},{"damage":9,"enemies":"Centurion and Healer","floor":30,"turns":2},{"damage":24,"enemies":"Snake Plant","floor":31,"turns":2},{"damage":37,"enemies":"Champ","floor":33,"turns":7}],"seed_played":"4829729427291758815","potions_obtained":[{"floor":1,"key":"Swift Potion"},{"floor":2,"key":"Poison Potion"},{"floor":13,"key":"EssenceOfSteel"},{"floor":25,"key":"Ancient Potion"},{"floor":28,"key":"PowerPotion"}],"is_trial":false,"path_per_floor":["M","M","?","M","M","E","R","M","T","R","E","$","M","E","R","B",null,"M","?","?","$","?","R","E","M","T","R","E","R","M","M","R","B"],"character_chosen":"IRONCLAD","items_purchased":["Shrug It Off","Twin Strike","Perfected Strike","Discovery"],"campfire_rested":1,"item_purchase_floors":[12,12,21,21],"current_hp_per_floor":[67,69,61,55,53,19,43,40,40,40,46,46,52,52,52,11,63,69,69,53,53,53,53,47,42,42,42,46,46,43,25,25,0],"gold":144,"neow_bonus":"ONE_RARE_RELIC","is_prod":false,"is_daily":false,"chose_seed":false,"campfire_upgraded":6,"win_rate":0,"timestamp":1551632313,"path_taken":["M","M","?","M","M","E","R","?","T","R","E","?","M","E","R","BOSS","M","?","?","$","?","R","E","M","T","R","E","R","M","?","R","BOSS"],"build_version":"2019-01-23","purchased_purges":1,"victory":false,"max_hp_per_floor":[80,80,80,80,80,80,80,80,80,80,80,80,80,80,80,80,80,80,80,80,80,80,80,80,80,80,80,80,80,80,80,80,80],"card_choices":[{"not_picked":["Bloodletting","Flex"],"picked":"Cleave","floor":1},{"not_picked":["Flex","Blood for Blood"],"picked":"Perfected Strike","floor":2},{"not_picked":["Reckless Charge","Clothesline"],"picked":"Pommel Strike","floor":4},{"not_picked":["Bloodletting","Cleave"],"picked":"Clothesline","floor":5},{"not_picked":["Cleave","Body Slam"],"picked":"Iron Wave","floor":6},{"not_picked":["Headbutt","Combust"],"picked":"Offering","floor":8},{"not_picked":["Flex","Second Wind"],"picked":"Intimidate","floor":11},{"not_picked":["Power Through","True Grit"],"picked":"Body Slam","floor":13},{"not_picked":["Sword Boomerang","True Grit"],"picked":"Perfected Strike","floor":14},{"not_picked":["Brutality","Offering"],"picked":"Demon Form","floor":16},{"not_picked":["Cleave","Reckless Charge","Carnage"],"picked":"SKIP","floor":18},{"not_picked":["Dual Wield","Rage","Rampage+1"],"picked":"SKIP","floor":24},{"not_picked":["Cleave","Evolve+1"],"picked":"Infernal Blade+1","floor":25},{"not_picked":["Body Slam","Blood for Blood+1","Headbutt"],"picked":"SKIP","floor":28},{"not_picked":["Havoc+1","Warcry"],"picked":"Ghostly Armor","floor":30},{"not_picked":["Iron Wave","True Grit","Whirlwind"],"picked":"SKIP","floor":31}],"player_experience":263227,"relics_obtained":[{"floor":6,"key":"PreservedInsect"},{"floor":9,"key":"Red Skull"},{"floor":11,"key":"Bronze Scales"},{"floor":14,"key":"Ancient Tea Set"},{"floor":20,"key":"Nilry\u0027s Codex"},{"floor":24,"key":"Centennial Puzzle"},{"floor":26,"key":"Omamori"},{"floor":28,"key":"Unceasing Top"}],"event_choices":[{"damage_healed":0,"gold_gain":0,"player_choice":"Damaged","damage_taken":8,"max_hp_gain":0,"max_hp_loss":0,"event_name":"Wheel of Change","floor":3,"gold_loss":0},{"damage_healed":0,"gold_gain":0,"player_choice":"Read","damage_taken":0,"max_hp_gain":0,"max_hp_loss":0,"event_name":"The Library","floor":19,"gold_loss":0,"cards_obtained":["Spot Weakness"]},{"damage_healed":0,"gold_gain":0,"player_choice":"Obtained Book","damage_taken":16,"max_hp_gain":0,"max_hp_loss":0,"event_name":"Cursed Tome","floor":20,"gold_loss":0},{"damage_healed":0,"gold_gain":0,"player_choice":"Ignored","damage_taken":0,"max_hp_gain":0,"max_hp_loss":0,"event_name":"Vampires","floor":22,"gold_loss":0}],"is_beta":false,"boss_relics":[{"not_picked":["Orrery","Runic Cube"],"picked":"Coffee Dripper"}],"items_purged_floors":[12],"is_endless":false,"potions_floor_spawned":[1,2,13,25,28],"killed_by":"Champ","ascension_level":9}