{"gold_per_floor":[113,124,48,74,87,87,116,116,116,151,151,151,182,193,193,297,297,311,311,325,43,43,43,61,72,72,72,105,105,5,22,22,126,126,146,126,126,144,19,19,49,69,96,96,111,121,121,134,134,134,134,134,134,163,163],"floor_reached":56,"playtime":2228,"items_purged":["Strike_R","Strike_R","Corruption+1"],"score":1047,"play_id":"ed83be11-0cf6-4dbb-b1c5-14ba18847156","local_time":"20181031122042","is_ascension_mode":false,"campfire_choices":[{"data":"Bash","floor":6.0,"key":"SMITH"},{"data":"Barricade","floor":8.0,"key":"SMITH"},{"data":"Entrench","floor":11.0,"key":"SMITH"},{"floor":15.0,"key":"RECALL"},{"data":"Body Slam","floor":23.0,"key":"SMITH"},{"data":"Power Through","floor":27.0,"key":"SMITH"},{"data":"Ghostly Armor","floor":29.0,"key":"SMITH"},{"data":"Clothesline","floor":32.0,"key":"SMITH"},{"data":"Impervious","floor":40.0,"key":"SMITH"},{"data":"Shrug It Off","floor":44.0,"key":"SMITH"},{"data":"Body Slam","floor":49.0,"key":"SMITH"},{"data":"Defend_R","floor":52.0,"key":"SMITH"}],"neow_cost":"NONE","seed_source_timestamp":0,"circlet_count":0,"master_deck":["Defend_R","Defend_R","Defend_R+1","Defend_R","Bash+1","Barricade+1","Power Through+1","Ghostly Armor+1","Clothesline+1","Entrench+1","Body Slam+1","Evolve+1","Dual Wield+1","Armaments+1","Impervious+1","Barricade+1","Warcry+1","Shrug It Off+1","Metallicize+1","Body Slam+1","Writhe","Burning Pact+1"],"special_seed":0,"relics":["Burning Blood","Frozen Egg 2","Strawberry","Darkstone Periapt","Dream Catcher","Coffee Dripper","PreservedInsect","Potion Belt","Kunai","Astrolabe","Vajra","Whetstone","Juzu Bracelet"],"potions_floor_usage":[55,55,55,55],"damage_taken":[{"damage":1.0,"enemies":"Cultist","floor":1.0,"turns":4.0},{"damage":1.0,"enemies":"2 Louse","floor":2.0,"turns":3.0},{"damage":3.0,"enemies":"Small Slimes","floor":5.0,"turns":3.0},{"damage":28.0,"enemies":"Gremlin Nob","floor":7.0,"turns":5.0},{"damage":22.0,"enemies":"Lagavulin","floor":10.0,"turns":11.0},{"damage":4.0,"enemies":"3 Sentries","floor":13.0,"turns":11.0},{"damage":11.0,"enemies":"Exordium Wildlife","floor":14.0,"turns":4.0},{"damage":0.0,"enemies":"The Guardian","floor":16.0,"turns":20.0},{"damage":31.0,"enemies":"Spheric Guardian","floor":18.0,"turns":12.0},{"damage":0.0,"enemies":"Chosen","floor":20.0,"turns":4.0},{"damage":0.0,"enemies":"Centurion and Healer","floor":24.0,"turns":10.0},{"damage":0.0,"enemies":"Sentry and Sphere","floor":25.0,"turns":4.0},{"damage":30.0,"enemies":"Slavers","floor":28.0,"turns":6.0},{"damage":10.0,"enemies":"3 Cultists","floor":30.0,"turns":9.0},{"damage":31.0,"enemies":"3 Cultists","floor":31.0,"turns":6.0},{"damage":7.0,"enemies":"Champ","floor":33.0,"turns":11.0},{"damage":7.0,"enemies":"3 Shapes","floor":35.0,"turns":7.0},{"damage":5.0,"enemies":"Orb Walker","floor":38.0,"turns":4.0},{"damage":55.0,"enemies":"Reptomancer","floor":41.0,"turns":9.0},{"damage":1.0,"enemies":"Spire Growth","floor":42.0,"turns":7.0},{"damage":15.0,"enemies":"Jaw Worm Horde","floor":45.0,"turns":9.0},{"damage":13.0,"enemies":"Transient","floor":46.0,"turns":5.0},{"damage":0.0,"enemies":"Maw","floor":48.0,"turns":6.0},{"damage":15.0,"enemies":"Donu and Deca","floor":50.0,"turns":6.0},{"damage":30.0,"enemies":"Shield and Spear","floor":54.0,"turns":6.0},{"damage":1,"enemies":"The Heart","floor":55,"turns":11}],"seed_played":"-1355452777159708326","potions_obtained":[{"floor":1.0,"key":"Explosive Potion"},{"floor":2.0,"key":"EssenceOfSteel"},{"floor":7.0,"key":"GamblersBrew"},{"floor":10.0,"key":"Fire Potion"},{"floor":13.0,"key":"Dexterity Potion"},{"floor":24.0,"key":"Dexterity Potion"},{"floor":25.0,"key":"AttackPotion"},{"floor":28.0,"key":"Ancient Potion"},{"floor":33.0,"key":"Ancient Potion"},{"floor":35.0,"key":"Fire Potion"},{"floor":36.0,"key":"SneckoOil"},{"floor":38.0,"key":"Dexterity Potion"},{"floor":45.0,"key":"Explosive Potion"},{"floor":46.0,"key":"Block Potion"},{"floor":54.0,"key":"Fire Potion"}],"is_trial":false,"path_per_floor":["M","M","$","T","M","R","E","R","T","E","R","?","E","M","R","B",null,"M","?","M","$","?","R","M","M","T","R","E","R","$","M","R","B",null,"M","?","?","M","$","R","E","M","T","R","M","M","?","M","R","B",null,"R","$","E","B"],"character_chosen":"IRONCLAD","items_purchased":["Ghostly Armor","PreservedInsect","Fire Potion"],"campfire_rested":0,"item_purchase_floors":[3,21,21],"current_hp_per_floor":[80,80,80,80,80,80,58,58,65,49,49,49,51,46,46,52,87,62,62,68,68,68,68,74,80,80,80,56,56,52,27,27,26,87,86,86,86,87,87,87,38,43,43,43,34,27,55,61,61,52,93,93,93,69,74],"gold":163,"neow_bonus":"ONE_RANDOM_RARE_CARD","is_prod":false,"is_daily":false,"chose_seed":false,"campfire_upgraded":11,"win_rate":0,"timestamp":1540956042,"path_taken":["M","?","$","?","?","R","E","R","T","E","R","?","E","M","R","BOSS","M","?","M","$","?","R","M","M","T","R","E","R","?","M","R","BOSS","M","?","?","?","$","R","E","M","T","R","M","M","?","M","R","BOSS","R","$","E","BOSS"],"build_version":"2018-10-29v2","purchased_purges":3,"victory":true,"max_hp_per_floor":[80,80,80,80,80,80,80,80,87,87,87,87,87,87,87,87,87,87,87,87,87,87,87,87,87,87,87,87,87,87,87,87,87,87,87,87,87,87,87,87,87,87,87,87,87,87,93,93,93,93,93,93,93,93,93],"card_choices":[{"not_picked":["Inflame","Perfected Strike"],"picked":"Power Through","floor":1.0},{"not_picked":["Whirlwind","Headbutt","Burning Pact"],"picked":"SKIP","floor":2.0},{"not_picked":["Combust","Wild Strike","Thunderclap"],"picked":"SKIP","floor":5.0},{"not_picked":["Clothesline","Berserk","Hemokinesis"],"picked":"SKIP","floor":7.0},{"not_picked":["Berserk","Hemokinesis"],"picked":"Clothesline","floor":7.0},{"not_picked":["Reckless Charge","Thunderclap"],"picked":"Entrench","floor":10.0},{"not_picked":["Inflame+1","Dropkick","Havoc"],"picked":"SKIP","floor":13.0},{"not_picked":["Perfected Strike","Infernal Blade","Intimidate"],"picked":"SKIP","floor":14.0},{"not_picked":["Combust+1","Twin Strike+1","Fire Breathing+1"],"picked":"SKIP","floor":18.0},{"not_picked":["Intimidate+1","Havoc"],"picked":"Evolve+1","floor":20.0},{"not_picked":["Pommel Strike+1","Thunderclap","Intimidate+1"],"picked":"SKIP","floor":24.0},{"not_picked":["Armaments","Iron Wave+1"],"picked":"Dual Wield+1","floor":25.0},{"not_picked":["Anger+1","Havoc"],"picked":"Armaments+1","floor":28.0},{"not_picked":["Iron Wave","Whirlwind","Clothesline"],"picked":"SKIP","floor":31.0},{"not_picked":["Offering","Berserk+1"],"picked":"Impervious","floor":33.0},{"not_picked":["Corruption+1","Sever Soul","Clash"],"picked":"SKIP","floor":35.0},{"not_picked":["Sword Boomerang","Anger+1","Clash+1"],"picked":"SKIP","floor":38.0},{"not_picked":["Havoc","Cleave"],"picked":"Shrug It Off","floor":41.0},{"not_picked":["Twin Strike+1","Thunderclap+1"],"picked":"Metallicize+1","floor":42.0},{"not_picked":["Twin Strike","Infernal Blade+1","Feel No Pain+1"],"picked":"SKIP","floor":45.0},{"not_picked":["Feel No Pain+1","Demon Form+1"],"picked":"Body Slam","floor":46.0},{"not_picked":["Shrug It Off","Pommel Strike","Sword Boomerang+1"],"picked":"SKIP","floor":48.0},{"not_picked":["Warcry","Clash+1"],"picked":"Burning Pact+1","floor":54.0}],"player_experience":542154,"relics_obtained":[{"floor":7.0,"key":"Frozen Egg 2"},{"floor":9.0,"key":"Strawberry"},{"floor":10.0,"key":"Darkstone Periapt"},{"floor":13.0,"key":"Dream Catcher"},{"floor":26.0,"key":"Potion Belt"},{"floor":28.0,"key":"Kunai"},{"floor":41.0,"key":"Vajra"},{"floor":43.0,"key":"Whetstone"},{"floor":54.0,"key":"Juzu Bracelet"}],"event_choices":[{"damage_healed":0.0,"max_hp_gain":0.0,"max_hp_loss":0.0,"gold_gain":0.0,"event_name":"Golden Idol","player_choice":"Ignored","floor":12.0,"gold_loss":0.0,"damage_taken":0.0},{"damage_healed":0.0,"max_hp_gain":0.0,"max_hp_loss":0.0,"gold_gain":0.0,"event_name":"The Library","player_choice":"Read","floor":19.0,"gold_loss":0.0,"damage_taken":0.0,"cards_obtained":["Body Slam"]},{"damage_healed":0.0,"max_hp_gain":0.0,"max_hp_loss":0.0,"gold_gain":0.0,"event_name":"Beggar","player_choice":"Ignored","floor":22.0,"gold_loss":0.0,"damage_taken":0.0},{"damage_healed":0.0,"max_hp_gain":0.0,"max_hp_loss":0.0,"gold_gain":0.0,"event_name":"The Woman in Blue","player_choice":"Bought 1 Potion","floor":36.0,"gold_loss":0.0,"damage_taken":0.0},{"damage_healed":0.0,"max_hp_gain":0.0,"max_hp_loss":0.0,"gold_gain":0.0,"event_name":"Mysterious Sphere","player_choice":"Ignored","floor":37.0,"gold_loss":0.0,"damage_taken":0.0},{"damage_healed":22.0,"max_hp_gain":0.0,"max_hp_loss":0.0,"gold_gain":0.0,"event_name":"Winding Halls","player_choice":"Writhe","floor":47.0,"gold_loss":0.0,"damage_taken":0.0,"cards_obtained":["Writhe"]}],"is_beta":true,"boss_relics":[{"not_picked":["Sozu","Busted Crown"],"picked":"Coffee Dripper"},{"not_picked":["Empty Cage","Runic Cube"],"picked":"Astrolabe"}],"items_purged_floors":[21,30,39],"is_endless":false,"potions_floor_spawned":[1,2,7,10,13,24,25,28,33,35,38,45,46,54],"ascension_level":0}