{"gold_per_floor":[116,128,141,141,151,183,183,209,233,233],"floor_reached":10,"playtime":345,"items_purged":[],"score":152,"play_id":"2628373a-6650-4d46-9a11-a7f5ba5224f5","local_time":"20190205033518","is_ascension_mode":true,"campfire_choices":[{"floor":7,"key":"REST"}],"neow_cost":"NONE","seed_source_timestamp":206243519893900,"circlet_count":0,"master_deck":["AscendersBane","Strike_B","Strike_B","Strike_B","Strike_B","Defend_B","Defend_B+1","Defend_B","Defend_B","Zap+1","Dualcast","Go for the Eyes","Go for the Eyes","White Noise","Undo","Loop","Gash"],"relics":["Cracked Core","Orichalcum","War Paint","Regal Pillow"],"potions_floor_usage":[6,8,10],"damage_taken":[{"damage":1,"enemies":"Cultist","floor":1,"turns":4},{"damage":0,"enemies":"Small Slimes","floor":2,"turns":3},{"damage":2,"enemies":"Jaw Worm","floor":3,"turns":3},{"damage":8,"enemies":"3 Louse","floor":5,"turns":4},{"damage":41,"enemies":"Gremlin Nob","floor":6,"turns":5},{"damage":22,"enemies":"3 Sentries","floor":8,"turns":5},{"damage":47,"enemies":"Gremlin Nob","floor":10,"turns":4}],"seed_played":"4678029499356843876","potions_obtained":[{"floor":3,"key":"FearPotion"},{"floor":5,"key":"Block Potion"},{"floor":6,"key":"Explosive Potion"}],"is_trial":false,"path_per_floor":["M","M","M","?","M","E","R","E","T","E"],"character_chosen":"DEFECT","items_purchased":[],"campfire_rested":1,"item_purchase_floors":[],"current_hp_per_floor":[70,70,68,68,60,19,42,20,20,0],"gold":233,"neow_bonus":"TEN_PERCENT_HP_BONUS","is_prod":false,"is_daily":false,"chose_seed":false,"campfire_upgraded":0,"win_rate":0,"timestamp":1549366518,"path_taken":["M","?","M","?","M","E","R","E","T","E"],"build_version":"2019-01-23","purchased_purges":0,"victory":false,"max_hp_per_floor":[78,78,78,78,78,78,78,78,78,78],"card_choices":[{"not_picked":["Chill","Steam"],"picked":"Go for the Eyes","floor":1},{"not_picked":["Auto Shields","Hologram"],"picked":"Go for the Eyes","floor":2},{"not_picked":["Static Discharge","Leap"],"picked":"White Noise","floor":3},{"not_picked":["Sweeping Beam","Turbo"],"picked":"Undo","floor":5},{"not_picked":["Steam Power","Blizzard"],"picked":"Loop","floor":6},{"not_picked":["Compile Driver","Skim"],"picked":"Gash","floor":8}],"player_experience":626762,"relics_obtained":[{"floor":6,"key":"Orichalcum"},{"floor":8,"key":"War Paint"},{"floor":9,"key":"Regal Pillow"}],"event_choices":[{"damage_healed":0,"gold_gain":0,"player_choice":"Ignored","damage_taken":0,"max_hp_gain":0,"max_hp_loss":0,"event_name":"Liars Game","floor":4,"gold_loss":0}],"is_beta":false,"boss_relics":[],"items_purged_floors":[],"is_endless":false,"potions_floor_spawned":[3,5,6],"killed_by":"Gremlin Nob","ascension_level":19}