{"gold_per_floor":[109,7,182,132,49,49,78,78,160,90,90,102,29,59,59,157,157,170,201,201,6,17,17,37,37,87,106,12,12,12],"floor_reached":30,"playtime":894,"items_purged":["Strike_B"],"score":371,"play_id":"e2a6c4f1-28a0-46cb-b1b6-38e1c04de153","local_time":"20181105182339","is_ascension_mode":true,"campfire_choices":[{"data":"Zap","floor":6,"key":"SMITH"},{"data":"Static Discharge","floor":8,"key":"SMITH"},{"data":"Hologram","floor":11,"key":"SMITH"},{"data":"Static Discharge","floor":15,"key":"SMITH"},{"floor":23,"key":"REST"},{"data":"Thunder Strike","floor":25,"key":"SMITH"}],"neow_cost":"NONE","seed_source_timestamp":10223249898097434,"circlet_count":0,"master_deck":["AscendersBane","Strike_B","Strike_B","Strike_B","Defend_B","Defend_B","Defend_B","Defend_B","Zap+1","Dualcast","Electrodynamics","Hologram+1","Coolheaded","Leap","Static Discharge+1","Barrage","Turbo","Tempest","Cold Snap","Static Discharge+1","Conserve Battery","Thunder Strike+1","Conserve Battery","Conserve Battery","Necronomicurse","Tempest+1","Barrage","Self Repair","Tempest"],"relics":["Cracked Core","Bottled Flame","Shuriken","Gremlin Horn","Busted Crown","Red Mask","Necronomicon","Membership Card","Bag of Marbles"],"potions_floor_usage":[19,30,30],"damage_taken":[{"damage":0,"enemies":"Small Slimes","floor":1,"turns":3},{"damage":11,"enemies":"3 Sentries","floor":7,"turns":3},{"damage":3,"enemies":"Jaw Worm","floor":12,"turns":3},{"damage":32,"enemies":"Gremlin Nob","floor":14,"turns":4},{"damage":17,"enemies":"Hexaghost","floor":16,"turns":8},{"damage":0,"enemies":"Spheric Guardian","floor":18,"turns":2},{"damage":19,"enemies":"Masked Bandits","floor":19,"turns":3},{"damage":2,"enemies":"Chosen","floor":22,"turns":5},{"damage":18,"enemies":"Centurion and Healer","floor":24,"turns":4},{"damage":2,"enemies":"3 Cultists","floor":27,"turns":3},{"damage":12,"enemies":"Colosseum Slavers","floor":29,"turns":3},{"damage":16,"enemies":"Snake Plant","floor":30,"turns":2}],"seed_played":"-2126090147776626929","potions_obtained":[{"floor":7,"key":"GamblersBrew"},{"floor":12,"key":"Dexterity Potion"},{"floor":22,"key":"AttackPotion"},{"floor":27,"key":"PowerPotion"}],"is_trial":false,"path_per_floor":["M","$","?","?","$","R","E","R","T","$","R","M","$","E","R","B",null,"M","?","?","$","M","R","M","R","T","M","$","?","M"],"character_chosen":"DEFECT","items_purchased":["Coolheaded","Leap","Static Discharge","Barrage","Tempest","Static Discharge","Membership Card","Self Repair","Tempest"],"campfire_rested":1,"item_purchase_floors":[2,2,5,5,10,13,21,28,28],"current_hp_per_floor":[68,68,68,68,68,68,57,57,57,57,57,54,54,22,22,5,58,58,39,23,23,21,43,25,25,25,23,23,11,0],"gold":12,"neow_bonus":"ONE_RANDOM_RARE_CARD","is_prod":false,"is_daily":false,"chose_seed":false,"campfire_upgraded":5,"win_rate":0,"timestamp":1541471019,"path_taken":["M","$","?","?","$","R","E","R","T","$","R","M","?","E","R","BOSS","M","?","?","$","M","R","M","R","T","M","$","?","M"],"build_version":"2018-11-01","purchased_purges":1,"victory":false,"max_hp_per_floor":[75,75,75,75,75,75,75,75,75,75,75,75,75,75,75,75,75,75,75,75,75,75,75,75,75,75,75,75,75,75],"card_choices":[{"not_picked":["Sweeping Beam","Stack"],"picked":"Hologram","floor":1},{"not_picked":["Scrape","Reprogram"],"picked":"Turbo","floor":7},{"not_picked":["Go for the Eyes","Barrage"],"picked":"Cold Snap","floor":12},{"not_picked":["Meteor Strike","Go for the Eyes"],"picked":"Conserve Battery","floor":14},{"not_picked":["Amplify","Hyperbeam"],"picked":"Thunder Strike","floor":16},{"not_picked":[],"picked":"Conserve Battery","floor":18},{"not_picked":[],"picked":"Conserve Battery","floor":19},{"not_picked":[],"picked":"Tempest+1","floor":22},{"not_picked":[],"picked":"Barrage","floor":24},{"not_picked":["Rip and Tear"],"picked":"SKIP","floor":27}],"player_experience":353442,"relics_obtained":[{"floor":7,"key":"Bottled Flame"},{"floor":9,"key":"Shuriken"},{"floor":14,"key":"Gremlin Horn"},{"floor":19,"key":"Red Mask"},{"floor":20,"key":"Necronomicon"},{"floor":26,"key":"Bag of Marbles"}],"event_choices":[{"damage_healed":0,"gold_gain":175,"player_choice":"AGREE","damage_taken":0,"max_hp_gain":0,"max_hp_loss":0,"event_name":"Liars Game","floor":3,"gold_loss":0,"cards_obtained":["Doubt"]},{"cards_removed":["Doubt"],"damage_healed":0,"gold_gain":0,"player_choice":"Card Removal","damage_taken":0,"max_hp_gain":0,"max_hp_loss":0,"event_name":"The Cleric","floor":4,"gold_loss":50},{"damage_healed":0,"gold_gain":0,"player_choice":"Fought Bandits","damage_taken":0,"max_hp_gain":0,"max_hp_loss":0,"event_name":"Masked Bandits","floor":19,"gold_loss":0},{"damage_healed":0,"gold_gain":0,"player_choice":"Obtained Book","damage_taken":16,"max_hp_gain":0,"max_hp_loss":0,"event_name":"Cursed Tome","floor":20,"gold_loss":0},{"damage_healed":0,"gold_gain":0,"player_choice":"Fight","damage_taken":0,"max_hp_gain":0,"max_hp_loss":0,"event_name":"Colosseum","floor":29,"gold_loss":0},{"damage_healed":0,"gold_gain":0,"player_choice":"Fled From Nobs","damage_taken":0,"max_hp_gain":0,"max_hp_loss":0,"event_name":"Colosseum","floor":29,"gold_loss":0}],"is_beta":false,"boss_relics":[{"not_picked":["Velvet Choker","Runic Dome"],"picked":"Busted Crown"}],"items_purged_floors":[28],"is_endless":false,"potions_floor_spawned":[7,12,22,27],"killed_by":"Snake Plant","ascension_level":12}