{"gold_per_floor":[117,117,117,117,117,117,135,155,155,155,174,34,49,59,59,155,155,170,170,185,195,22,22,22,22,93,93,105,188,234,246,246,342,342,357,357,375,375,59,59,59,70,94,108,108,120,139,239,239,239],"floor_reached":51,"playtime":2726,"items_purged":["Strike_B"],"score":666,"play_id":"cd9dd338-b08e-49d3-80a0-7bdd088a5241","local_time":"20180923113538","is_ascension_mode":false,"campfire_choices":[{"data":"Zap","floor":6,"key":"SMITH"},{"data":"Rainbow","floor":10,"key":"SMITH"},{"data":"Capacitor","floor":15,"key":"SMITH"},{"data":"Conserve Battery","floor":23,"key":"SMITH"},{"data":"Conserve Battery","floor":25,"key":"SMITH"},{"data":"Echo Form","floor":32,"key":"SMITH"},{"data":"Defragment","floor":40,"key":"SMITH"},{"floor":49,"key":"REST"}],"neow_cost":"TEN_PERCENT_HP_LOSS","seed_source_timestamp":751642742766359,"circlet_count":0,"master_deck":["Defend_B","Defend_B+1","Defend_B","Zap+1","Dualcast+1","Echo Form+1","Capacitor+1","BootSequence","Defragment+1","Rainbow+1","Core Surge+1","Chill","Conserve Battery+1","Echo Form","Conserve Battery+1","Cold Snap","Defragment+1","Ghostly","Ghostly","Ghostly","Ghostly","Ghostly","Thunder Strike+1","Madness","Madness","Aggregate+1","Defragment+1","Master of Strategy","Gash+1"],"relics":["Cracked Core","Meat on the Bone","Black Star","Lantern","Bottled Tornado","Tiny Chest","Art of War","Busted Crown","Whetstone"],"potions_floor_usage":[33,44,45,46],"damage_taken":[{"damage":0,"enemies":"Small Slimes","floor":1,"turns":3},{"damage":0,"enemies":"Cultist","floor":7,"turns":2},{"damage":0,"enemies":"Jaw Worm","floor":8,"turns":2},{"damage":0,"enemies":"Exordium Wildlife","floor":11,"turns":3},{"damage":0,"enemies":"Blue Slaver","floor":13,"turns":3},{"damage":2,"enemies":"Lots of Slimes","floor":14,"turns":4},{"damage":26,"enemies":"Hexaghost","floor":16,"turns":8},{"damage":2,"enemies":"Spheric Guardian","floor":18,"turns":4},{"damage":19,"enemies":"2 Thieves","floor":20,"turns":4},{"damage":9,"enemies":"Snake Plant","floor":21,"turns":4},{"damage":0,"enemies":"Snecko","floor":28,"turns":7},{"damage":0,"enemies":"Sentry and Sphere","floor":31,"turns":7},{"damage":17,"enemies":"Collector","floor":33,"turns":20},{"damage":7,"enemies":"3 Darklings","floor":35,"turns":8},{"damage":1,"enemies":"Orb Walker","floor":37,"turns":5},{"damage":0,"enemies":"Spire Growth","floor":42,"turns":6},{"damage":5,"enemies":"Sphere and 2 Shapes","floor":44,"turns":7},{"damage":0,"enemies":"Maw","floor":45,"turns":2},{"damage":8,"enemies":"4 Shapes","floor":46,"turns":9},{"damage":0,"enemies":"3 Darklings","floor":47,"turns":7},{"damage":3,"enemies":"Awakened One","floor":50,"turns":13}],"seed_played":"-5693704450160280761","potions_obtained":[{"floor":1,"key":"FearPotion"},{"floor":13,"key":"AttackPotion"},{"floor":16,"key":"Swift Potion"},{"floor":21,"key":"SmokeBomb"},{"floor":28,"key":"PowerPotion"},{"floor":42,"key":"Regen Potion"},{"floor":44,"key":"SkillPotion"},{"floor":46,"key":"SpeedPotion"}],"is_trial":false,"path_per_floor":["M","?","?","?","?","R","M","M","T","R","M","$","M","M","R","B",null,"M","?","M","M","$","R","?","R","T","?","M","T","T","M","R","B",null,"M","?","M","?","$","R","?","M","T","M","M","M","M","?","R","B"],"character_chosen":"DEFECT","items_purchased":["Core Surge","Lantern","Cold Snap","Defragment","Master of Strategy"],"campfire_rested":1,"item_purchase_floors":[12,22,22,39,39],"current_hp_per_floor":[68,68,54,54,47,47,47,47,47,47,47,47,47,45,45,31,68,66,66,47,38,38,38,38,38,38,34,34,34,34,34,34,29,34,27,23,22,22,22,22,22,22,22,32,32,24,24,24,34,31],"gold":239,"neow_bonus":"TRANSFORM_TWO_CARDS","is_prod":false,"is_daily":false,"chose_seed":false,"campfire_upgraded":7,"win_rate":0,"timestamp":1537716938,"path_taken":["M","?","?","?","?","R","M","M","T","R","?","$","?","M","R","BOSS","M","?","M","M","$","R","?","R","T","?","M","?","?","M","R","BOSS","M","?","M","?","?","R","?","M","T","?","M","M","M","?","R","BOSS"],"build_version":"2018-09-20","purchased_purges":1,"victory":true,"max_hp_per_floor":[68,68,68,68,68,68,68,68,68,68,68,68,68,68,68,68,68,68,68,68,68,68,68,68,68,68,34,34,34,34,34,34,34,34,34,34,34,34,34,34,34,34,34,34,34,34,34,34,34,34],"card_choices":[{"not_picked":["Barrage","Gash"],"picked":"BootSequence","floor":1},{"not_picked":["Streamline","Lockon","Ball Lightning"],"picked":"SKIP","floor":7},{"not_picked":["Storm","Aggregate","Sweeping Beam"],"picked":"SKIP","floor":8},{"not_picked":["Compile Driver","Go for the Eyes","Doom and Gloom"],"picked":"SKIP","floor":11},{"not_picked":["Undo","Gash"],"picked":"Chill","floor":13},{"not_picked":["Steam","Go for the Eyes"],"picked":"Conserve Battery","floor":14},{"not_picked":["Buffer","Reboot"],"picked":"Echo Form","floor":16},{"not_picked":["Beam Cell","Go for the Eyes+1","Aggregate"],"picked":"SKIP","floor":18},{"not_picked":["Darkness","FTL","Barrage"],"picked":"SKIP","floor":20},{"not_picked":["Ball Lightning+1","Rebound"],"picked":"Conserve Battery","floor":21},{"not_picked":["Stack","Multi-Cast","Undo"],"picked":"SKIP","floor":28},{"not_picked":["Steam Power","Skim","Cold Snap"],"picked":"SKIP","floor":31},{"not_picked":["Meteor Strike","Hyperbeam"],"picked":"Thunder Strike","floor":33},{"not_picked":["Darkness+1"],"picked":"SKIP","floor":35},{"not_picked":[],"picked":"Aggregate+1","floor":37},{"not_picked":["FTL"],"picked":"SKIP","floor":42},{"not_picked":["Beam Cell+1"],"picked":"SKIP","floor":44},{"not_picked":[],"picked":"Gash+1","floor":46},{"not_picked":["Aggregate+1"],"picked":"SKIP","floor":47}],"player_experience":250483,"relics_obtained":[{"floor":9,"key":"Meat on the Bone"},{"floor":26,"key":"Bottled Tornado"},{"floor":29,"key":"Tiny Chest"},{"floor":30,"key":"Art of War"},{"floor":43,"key":"Whetstone"}],"event_choices":[{"event_name":"Match and Keep!","player_choice":"2 cards matched","floor":2,"damage_taken":0},{"event_name":"Shining Light","player_choice":"Entered Light","floor":3,"damage_taken":0},{"event_name":"Accursed Blacksmith","player_choice":"Forge","floor":4,"damage_taken":0},{"event_name":"Golden Wing","player_choice":"Card Removal","floor":5,"damage_taken":0},{"event_name":"Vampires","player_choice":"Ignored","floor":19,"damage_taken":0},{"event_name":"Duplicator","player_choice":"One dupe","floor":24,"damage_taken":0},{"event_name":"Ghosts","player_choice":"Became a Ghost","floor":27,"damage_taken":0},{"event_name":"Winding Halls","player_choice":"Embrace Madness","floor":36,"damage_taken":0},{"event_name":"Tomb of Lord Red Mask","player_choice":"Ignored","floor":38,"damage_taken":0},{"event_name":"Falling","player_choice":"Removed Attack","floor":41,"damage_taken":0},{"event_name":"Golden Shrine","player_choice":"Pray","floor":48,"damage_taken":0}],"is_beta":false,"boss_relics":[{"not_picked":["Ectoplasm","Velvet Choker"],"picked":"Black Star"},{"not_picked":["Pandora\u0027s Box","Orrery"],"picked":"Busted Crown"}],"items_purged_floors":[39],"is_endless":false,"potions_floor_spawned":[1,13,16,20,21,28,42,44,46],"ascension_level":0}