{"gold_per_floor":[119,119,294,369,382,418,418,439,489,520,520],"floor_reached":11,"playtime":213,"items_purged":[],"score":175,"play_id":"02edd287-8807-407c-b88e-a05535eba412","local_time":"20180709022603","is_ascension_mode":true,"campfire_choices":[{"data":"Go for the Eyes","floor":7,"key":"SMITH"}],"neow_cost":"NONE","seed_source_timestamp":1136140990968829,"circlet_count":0,"master_deck":["Strike_B","Strike_B","Strike_B","Strike_B","Defend_B","Defend_B","Defend_B","Defend_B","Zap","Dualcast","AscendersBane","Leap","Doubt","Ball Lightning","Go for the Eyes+1","Gash"],"relics":["Cracked Core","NeowsBlessing","Golden Idol","Strawberry","DataDisk","Meat on the Bone"],"potions_floor_usage":[11,11],"damage_taken":[{"damage":0,"enemies":"Cultist","floor":1,"turns":1},{"damage":0,"enemies":"Jaw Worm","floor":5,"turns":1},{"damage":0,"enemies":"3 Sentries","floor":6,"turns":1},{"damage":10,"enemies":"Small Slimes","floor":8,"turns":3},{"damage":24,"enemies":"Gremlin Nob","floor":10,"turns":4},{"damage":15,"enemies":"3 Louse","floor":11,"turns":2}],"seed_played":"-4767844644387363340","potions_obtained":[{"floor":8,"key":"GamblersBrew"},{"floor":10,"key":"Energy Potion"}],"is_trial":false,"path_per_floor":["M","?","?","?","M","E","R","M","T","E"],"character_chosen":"DEFECT","items_purchased":[],"campfire_rested":0,"item_purchase_floors":[],"current_hp_per_floor":[68,50,50,39,39,46,46,36,36,12,0],"gold":520,"neow_bonus":"THREE_ENEMY_KILL","is_prod":false,"is_daily":false,"chose_seed":false,"campfire_upgraded":1,"win_rate":0,"timestamp":1531070763,"path_taken":["M","?","?","?","?","E","R","M","T","E","M"],"build_version":"2018-07-05","purchased_purges":0,"victory":false,"max_hp_per_floor":[75,75,75,75,75,82,82,82,82,82,82],"card_choices":[{"not_picked":["Rebound","Turbo"],"picked":"Leap","floor":1},{"not_picked":["Hologram","BootSequence"],"picked":"Ball Lightning","floor":5},{"not_picked":["Force Field","Ball Lightning"],"picked":"Go for the Eyes","floor":6},{"not_picked":["Fusion","Skim","Undo"],"picked":"SKIP","floor":8},{"not_picked":["Hologram","Cold Snap"],"picked":"Gash","floor":10}],"player_experience":542403,"relics_obtained":[{"floor":6,"key":"Strawberry"},{"floor":9,"key":"DataDisk"},{"floor":10,"key":"Meat on the Bone"}],"event_choices":[{"event_name":"Golden Idol","player_choice":"Take Damage","floor":2,"damage_taken":0},{"event_name":"Liars Game","player_choice":"agreed","floor":3,"damage_taken":0},{"event_name":"World of Goop","player_choice":"Gather Gold","floor":4,"damage_taken":0}],"boss_relics":[],"items_purged_floors":[],"is_endless":false,"potions_floor_spawned":[8,10],"killed_by":"3 Louse","ascension_level":13}