{"gold_per_floor":[369,47,47,9,24,24,52,63,89,108,124,150,162,162,162,265,265,275,275,8,8,20,20,50,50,76,176,176,190,219,238,238,238],"floor_reached":33,"playtime":1338,"items_purged":["Strike_B"],"score":398,"play_id":"3201af9c-d670-418e-ba01-197c20eb0812","local_time":"20181016230506","is_ascension_mode":true,"campfire_choices":[{"data":"Zap","floor":6,"key":"SMITH"},{"data":"1","floor":15,"key":"LIFT"},{"data":"2","floor":23,"key":"LIFT"},{"data":"3","floor":28,"key":"LIFT"},{"data":"Creative AI","floor":32,"key":"SMITH"}],"neow_cost":"TEN_PERCENT_HP_LOSS","seed_source_timestamp":186319433298063,"circlet_count":0,"master_deck":["Strike_B","Strike_B","Strike_B","Defend_B","Defend_B","Defend_B","Defend_B","Zap+1","Dualcast","Storm","Self Repair","Regret","Storm","Steam","Electrodynamics","Chill","Hello World","Reprogram","Glacier","Lockon","Echo Form","Leap+1","Storm","Conserve Battery+1","Coolheaded+1","Creative AI+1","Shame","Conserve Battery+1","Steam+1","Loop"],"relics":["Cracked Core","Membership Card","Orichalcum","Smiling Mask","Pen Nib","Bag of Preparation","Girya","Toxic Egg 2","Coffee Dripper","PreservedInsect","Toy Ornithopter","Boot","Darkstone Periapt","Regal Pillow","Bag of Marbles"],"potions_floor_usage":[22,24,24,30],"damage_taken":[{"damage":5,"enemies":"Small Slimes","floor":1,"turns":4},{"damage":3,"enemies":"Cultist","floor":5,"turns":3},{"damage":37,"enemies":"Lagavulin","floor":7,"turns":6},{"damage":7,"enemies":"Jaw Worm","floor":8,"turns":3},{"damage":2,"enemies":"Exordium Wildlife","floor":10,"turns":2},{"damage":0,"enemies":"Large Slime","floor":11,"turns":3},{"damage":23,"enemies":"Gremlin Nob","floor":12,"turns":4},{"damage":7,"enemies":"2 Fungi Beasts","floor":13,"turns":4},{"damage":10,"enemies":"The Guardian","floor":16,"turns":13},{"damage":1,"enemies":"Chosen","floor":18,"turns":5},{"damage":0,"enemies":"3 Byrds","floor":22,"turns":1},{"damage":30,"enemies":"Slavers","floor":24,"turns":3},{"damage":8,"enemies":"3 Cultists","floor":29,"turns":3},{"damage":14,"enemies":"Book of Stabbing","floor":30,"turns":4},{"damage":23,"enemies":"Shelled Parasite and Fungi","floor":31,"turns":5},{"damage":28,"enemies":"Champ","floor":33,"turns":3}],"seed_played":"-3617751826493642887","potions_obtained":[{"floor":7,"key":"PowerPotion"},{"floor":12,"key":"Swift Potion"},{"floor":16,"key":"AttackPotion"},{"floor":22,"key":"Fire Potion"}],"is_trial":false,"path_per_floor":["M","$","?","$","M","R","E","M","T","M","M","E","M","T","R","B",null,"M","?","$","?","M","R","E","?","T","?","R","M","E","M","R"],"character_chosen":"DEFECT","items_purchased":["Membership Card","Self Repair","Orichalcum","Storm","Storm","PreservedInsect","Toy Ornithopter","Conserve Battery+1"],"campfire_rested":0,"item_purchase_floors":[2,2,2,4,20,20,20,20],"current_hp_per_floor":[63,63,63,63,67,67,37,37,37,35,42,26,26,26,26,23,57,63,51,51,51,56,56,36,42,42,42,42,34,32,23,23,0],"gold":238,"neow_bonus":"TWO_FIFTY_GOLD","is_prod":false,"is_daily":false,"chose_seed":false,"campfire_upgraded":2,"win_rate":0,"timestamp":1539756306,"path_taken":["M","$","?","?","M","R","E","M","T","M","M","E","M","?","R","BOSS","M","?","$","?","M","R","E","?","T","?","R","M","E","M","R","BOSS"],"build_version":"2018-10-11","purchased_purges":1,"victory":false,"max_hp_per_floor":[68,68,68,68,68,68,68,68,68,68,68,68,68,68,68,68,68,68,73,73,73,73,73,73,79,79,79,79,79,79,79,79,79],"card_choices":[{"not_picked":["Coolheaded","Streamline"],"picked":"Storm","floor":1},{"not_picked":["Rip and Tear","Scrape"],"picked":"Steam","floor":5},{"not_picked":["Amplify","Compile Driver"],"picked":"Electrodynamics","floor":7},{"not_picked":["Recycle","Double Energy"],"picked":"Chill","floor":8},{"not_picked":["Streamline","Leap"],"picked":"Hello World","floor":10},{"not_picked":["Compile Driver","Gash"],"picked":"Reprogram","floor":11},{"not_picked":["Coolheaded","Melter"],"picked":"Glacier","floor":12},{"not_picked":["Gash","Rebound"],"picked":"Lockon","floor":13},{"not_picked":["Biased Cognition","Machine Learning"],"picked":"Echo Form","floor":16},{"not_picked":["Reinforced Body+1","Rebound"],"picked":"Leap+1","floor":18},{"not_picked":["Ball Lightning","Compile Driver"],"picked":"Coolheaded+1","floor":22},{"not_picked":["Heatsinks","Rebound+1"],"picked":"Creative AI","floor":24},{"not_picked":["Gash","Leap+1"],"picked":"Conserve Battery+1","floor":29},{"not_picked":["Blizzard","Compile Driver"],"picked":"Steam+1","floor":30},{"not_picked":["Auto Shields+1","Coolheaded+1"],"picked":"Loop","floor":31}],"player_experience":282475,"relics_obtained":[{"floor":7,"key":"Pen Nib"},{"floor":9,"key":"Bag of Preparation"},{"floor":12,"key":"Girya"},{"floor":14,"key":"Toxic Egg 2"},{"floor":24,"key":"Boot"},{"floor":26,"key":"Regal Pillow"},{"floor":30,"key":"Bag of Marbles"}],"event_choices":[{"event_name":"Big Fish","player_choice":"Box","floor":3,"damage_taken":0},{"event_name":"Forgotten Altar","player_choice":"Shed Blood","floor":19,"damage_taken":0},{"event_name":"Ghosts","player_choice":"Ignored","floor":21,"damage_taken":0},{"event_name":"Addict","player_choice":"Stole Relic","floor":25,"damage_taken":0},{"event_name":"Golden Shrine","player_choice":"Pray","floor":27,"damage_taken":0}],"is_beta":false,"boss_relics":[{"not_picked":["Snecko Eye","Tiny House"],"picked":"Coffee Dripper"}],"items_purged_floors":[20],"is_endless":false,"potions_floor_spawned":[7,12,16,22],"killed_by":"Champ","ascension_level":7}