{"gold_per_floor":[215,290,290,300,19,19,53,63,117,117,129,160,210,221,221,297,297,311,322,372,386,396,396,422,422,422,422,432,459,459,492,492,492],"floor_reached":33,"playtime":1079,"items_purged":[],"score":550,"play_id":"d1898267-e3cd-4e65-8e76-463139763678","local_time":"20181018160608","is_ascension_mode":true,"campfire_choices":[{"data":"Skewer","floor":6.0,"key":"SMITH"},{"floor":10.0,"key":"REST"},{"data":"Neutralize","floor":15.0,"key":"SMITH"},{"floor":23.0,"key":"REST"},{"data":"Glass Knife","floor":25.0,"key":"SMITH"},{"data":"Dagger Spray","floor":30.0,"key":"SMITH"},{"data":"Glass Knife","floor":32.0,"key":"SMITH"}],"neow_cost":"NONE","seed_source_timestamp":132796571045639,"circlet_count":0,"master_deck":["Defend_G","Defend_G","Defend_G","Defend_G","Defend_G","Strike_G","Strike_G","Strike_G","Strike_G","Strike_G","Survivor","Neutralize+1","AscendersBane","Skewer+1","Glass Knife+1","Trip","Adrenaline","Dash","Glass Knife+1","Dagger Spray+1","Backstab","Dagger Spray+1","Cloak And Dagger","Clumsy","Parasite","Decay","Cloak And Dagger"],"special_seed":0,"relics":["Ring of the Snake","Vajra","The Courier","Tiny Chest","Ninja Scroll","Cursed Key","Smiling Mask","Regal Pillow","Pen Nib","Bag of Preparation"],"potions_floor_usage":[33,33,33,33],"damage_taken":[{"damage":1.0,"enemies":"Small Slimes","floor":1.0,"turns":5.0},{"damage":0.0,"enemies":"2 Louse","floor":4.0,"turns":2.0},{"damage":22.0,"enemies":"Lagavulin","floor":7.0,"turns":5.0},{"damage":0.0,"enemies":"Jaw Worm","floor":8.0,"turns":2.0},{"damage":0.0,"enemies":"Blue Slaver","floor":11.0,"turns":2.0},{"damage":15.0,"enemies":"3 Sentries","floor":12.0,"turns":5.0},{"damage":4.0,"enemies":"Exordium Wildlife","floor":14.0,"turns":3.0},{"damage":10.0,"enemies":"The Guardian","floor":16.0,"turns":11.0},{"damage":0.0,"enemies":"Chosen","floor":18.0,"turns":2.0},{"damage":15.0,"enemies":"Shell Parasite","floor":19.0,"turns":3.0},{"damage":16.0,"enemies":"Sentry and Sphere","floor":21.0,"turns":5.0},{"damage":4.0,"enemies":"Centurion and Healer","floor":22.0,"turns":3.0},{"damage":1.0,"enemies":"Cultist and Chosen","floor":28.0,"turns":3.0},{"damage":8.0,"enemies":"Slavers","floor":31.0,"turns":2.0},{"damage":28,"enemies":"Champ","floor":33,"turns":5}],"seed_played":"-3720527483766351091","potions_obtained":[{"floor":1.0,"key":"Explosive Potion"},{"floor":4.0,"key":"Ancient Potion"},{"floor":8.0,"key":"Dexterity Potion"},{"floor":14.0,"key":"Weak Potion"},{"floor":16.0,"key":"Strength Potion"},{"floor":18.0,"key":"Dexterity Potion"},{"floor":31.0,"key":"EntropicBrew"}],"is_trial":false,"path_per_floor":["M","?","?","M","$","R","E","M","T","R","M","E","?","M","R","B",null,"M","M","?","M","M","R","T","R","T","?","M","T","R","E","R"],"character_chosen":"THE_SILENT","items_purchased":["Glass Knife","Trip"],"campfire_rested":2,"item_purchase_floors":[5,5],"current_hp_per_floor":[58,47,36,36,36,36,14,14,14,33,33,18,18,14,14,4,51,51,36,36,20,16,35,35,35,35,35,34,34,34,26,26,0],"gold":492,"neow_bonus":"HUNDRED_GOLD","is_prod":false,"is_daily":false,"chose_seed":false,"campfire_upgraded":5,"win_rate":0,"timestamp":1539846368,"path_taken":["M","?","?","M","$","R","E","M","T","R","?","E","?","M","R","BOSS","M","M","?","?","M","R","?","R","T","?","M","?","R","E","R","BOSS"],"build_version":"2018-10-11","purchased_purges":0,"victory":false,"max_hp_per_floor":[66,66,66,66,66,66,66,66,66,66,66,66,66,66,66,66,66,66,66,66,66,66,66,66,66,66,66,66,66,66,66,66,66],"card_choices":[{"not_picked":["Dagger Spray","Outmaneuver"],"picked":"Skewer","floor":1.0},{"not_picked":["Deadly Poison","Acrobatics","Blade Dance"],"picked":"SKIP","floor":4.0},{"not_picked":["Quick Slash","Reflex"],"picked":"Adrenaline","floor":7.0},{"not_picked":["Endless Agony","Bane","Setup"],"picked":"SKIP","floor":8.0},{"not_picked":["Acrobatics","Heel Hook","Noxious Fumes"],"picked":"SKIP","floor":11.0},{"not_picked":["Unload","Slice"],"picked":"Dash","floor":12.0},{"not_picked":["Dagger Throw","Prepared","Underhanded Strike"],"picked":"SKIP","floor":14.0},{"not_picked":["Corpse Explosion","Burst"],"picked":"Glass Knife","floor":16.0},{"not_picked":["Skewer","Catalyst+1"],"picked":"Dagger Spray","floor":18.0},{"not_picked":["Crippling Poison","Dagger Throw+1"],"picked":"Backstab","floor":19.0},{"not_picked":["Underhanded Strike","Cloak And Dagger"],"picked":"Dagger Spray+1","floor":21.0},{"not_picked":["Heel Hook","Sucker Punch"],"picked":"Cloak And Dagger","floor":22.0},{"not_picked":["Dagger Spray","Noxious Fumes","Heel Hook"],"picked":"SKIP","floor":28.0},{"not_picked":["Blur","Catalyst"],"picked":"Cloak And Dagger","floor":31.0}],"player_experience":704686,"relics_obtained":[{"floor":7.0,"key":"The Courier"},{"floor":9.0,"key":"Tiny Chest"},{"floor":12.0,"key":"Ninja Scroll"},{"floor":24.0,"key":"Smiling Mask"},{"floor":26.0,"key":"Regal Pillow"},{"floor":29.0,"key":"Pen Nib"},{"floor":31.0,"key":"Bag of Preparation"}],"event_choices":[{"event_name":"World of Goop","player_choice":"Gather Gold","floor":2.0,"damage_taken":0.0},{"event_name":"Scrap Ooze","player_choice":"success","floor":3.0,"damage_taken":11.0},{"event_name":"Golden Shrine","player_choice":"Pray","floor":13.0,"damage_taken":0.0},{"event_name":"Nest","player_choice":"Stole From Cult","floor":20.0,"damage_taken":0.0},{"event_name":"The Mausoleum","player_choice":"No","floor":27.0,"damage_taken":0.0}],"is_beta":false,"boss_relics":[{"not_picked":["Runic Dome","Ectoplasm"],"picked":"Cursed Key"}],"items_purged_floors":[],"is_endless":false,"potions_floor_spawned":[1,4,8,14,16,18,19,31],"killed_by":"Champ","ascension_level":20}