{"gold_per_floor":[361,374,36,56,75,75,93,93,145,145,145,155,34,50,50,147,147,161,161,161,12,27,54,54,68,68,68,68,82,82,98,98,197,197,211,211,0,13,24,24,24],"floor_reached":41,"playtime":1779,"items_purged":["Regret"],"score":708,"play_id":"9b16f6f8-bf8b-4dd5-bc20-b4f71d8dea57","local_time":"20181020232835","is_ascension_mode":true,"campfire_choices":[{"data":"Zap","floor":6,"key":"SMITH"},{"data":"Creative AI","floor":8,"key":"SMITH"},{"data":"Storm","floor":11,"key":"SMITH"},{"floor":15,"key":"REST"},{"data":"Bite","floor":28,"key":"SMITH"},{"data":"Bite","floor":30,"key":"SMITH"},{"data":"Bite","floor":32,"key":"SMITH"},{"data":"Defragment","floor":40,"key":"SMITH"}],"neow_cost":"CURSE","seed_source_timestamp":34231362188869,"circlet_count":0,"master_deck":["Defend_B","Defend_B","Defend_B","Zap+1","Dualcast","AscendersBane","Chill","Sweeping Beam","Stack","Gash","Storm+1","Creative AI+1","Hello World","Conserve Battery","Glacier","Echo Form","White Noise+1","Self Repair","Double Energy","Ball Lightning","Defragment+1","Static Discharge","Gash","Bite+1","Bite+1","Bite+1","Bite","Bite","Auto Shields","Gash+1","Amplify","Loop+1","Cold Snap","Defragment+1"],"relics":["Cracked Core","Thread and Needle","Ancient Tea Set","Sozu","Meat on the Bone","Enchiridion","PreservedInsect","Shuriken","Velvet Choker","Red Mask"],"potions_floor_usage":[12,16],"damage_taken":[{"damage":7,"enemies":"2 Louse","floor":1,"turns":4},{"damage":3,"enemies":"Cultist","floor":2,"turns":3},{"damage":1,"enemies":"Jaw Worm","floor":4,"turns":3},{"damage":1,"enemies":"3 Louse","floor":5,"turns":4},{"damage":9,"enemies":"Large Slime","floor":7,"turns":6},{"damage":4,"enemies":"Exordium Thugs","floor":12,"turns":4},{"damage":11,"enemies":"2 Fungi Beasts","floor":14,"turns":3},{"damage":0,"enemies":"The Guardian","floor":16,"turns":9},{"damage":8,"enemies":"Spheric Guardian","floor":18,"turns":4},{"damage":0,"enemies":"3 Byrds","floor":22,"turns":4},{"damage":25,"enemies":"Book of Stabbing","floor":23,"turns":5},{"damage":11,"enemies":"Centurion and Healer","floor":25,"turns":4},{"damage":0,"enemies":"Chosen and Byrds","floor":29,"turns":4},{"damage":0,"enemies":"Cultist and Chosen","floor":31,"turns":4},{"damage":35,"enemies":"Collector","floor":33,"turns":8},{"damage":8,"enemies":"3 Shapes","floor":35,"turns":3},{"damage":2,"enemies":"3 Darklings","floor":38,"turns":2},{"damage":0,"enemies":"Transient","floor":39,"turns":5},{"damage":83,"enemies":"Writhing Mass","floor":41,"turns":3}],"seed_played":"-6123598294505886373","potions_obtained":[{"floor":2,"key":"GamblersBrew"},{"floor":5,"key":"FearPotion"},{"floor":12,"key":"Fruit Juice"},{"floor":14,"key":"PowerPotion"}],"is_trial":false,"path_per_floor":["M","M","$","M","M","R","M","R","T","?","R","M","$","M","R","B",null,"M","?","?","$","M","E","?","M","T","?","R","M","R","M","R","B",null,"M","?","?","M","M","R"],"character_chosen":"DEFECT","items_purchased":["Thread and Needle","Stack","Conserve Battery","Self Repair","Double Energy"],"campfire_rested":1,"item_purchase_floors":[3,3,13,21,21],"current_hp_per_floor":[61,58,58,57,56,56,47,47,47,32,32,33,33,22,46,46,72,64,64,48,48,55,49,49,64,64,56,56,56,56,56,56,39,52,51,51,51,56,56,56,0],"gold":24,"neow_bonus":"TWO_FIFTY_GOLD","is_prod":false,"is_daily":false,"chose_seed":false,"campfire_upgraded":7,"win_rate":0,"timestamp":1540103315,"path_taken":["M","M","$","M","M","R","M","R","T","?","R","M","$","M","R","BOSS","M","?","?","$","M","E","?","?","T","?","R","M","R","M","R","BOSS","M","?","?","?","M","R","M"],"build_version":"2018-10-18","purchased_purges":1,"victory":false,"max_hp_per_floor":[75,75,75,75,75,75,75,75,75,75,75,80,80,80,80,80,80,80,80,80,80,80,80,80,80,80,56,56,56,56,56,56,56,56,56,56,56,56,56,56,56],"card_choices":[{"not_picked":["Redo","Steam"],"picked":"Chill","floor":1},{"not_picked":["Redo","Beam Cell"],"picked":"Sweeping Beam","floor":2},{"not_picked":["Ball Lightning","Barrage"],"picked":"Gash","floor":4},{"not_picked":["Genetic Algorithm","Melter"],"picked":"Storm","floor":5},{"not_picked":["Hologram","Leap"],"picked":"Creative AI","floor":7},{"not_picked":["Beam Cell","Leap"],"picked":"Hello World","floor":12},{"not_picked":["Go for the Eyes","Streamline"],"picked":"Glacier","floor":14},{"not_picked":["All For One","Hyperbeam"],"picked":"Echo Form","floor":16},{"not_picked":["Aggregate","Hologram+1"],"picked":"White Noise+1","floor":18},{"not_picked":["Tempest+1","Coolheaded"],"picked":"Ball Lightning","floor":22},{"not_picked":["Reprogram","Recycle"],"picked":"Defragment+1","floor":23},{"not_picked":["Steam","Ball Lightning+1"],"picked":"Gash","floor":25},{"not_picked":["Streamline","Beam Cell"],"picked":"Auto Shields","floor":29},{"not_picked":["Coolheaded+1","Meteor Strike"],"picked":"Gash+1","floor":31},{"not_picked":["Reboot","Biased Cognition"],"picked":"Amplify","floor":33},{"not_picked":["Ball Lightning","Barrage+1"],"picked":"Loop+1","floor":35},{"not_picked":["Compile Driver","Leap+1","Stack"],"picked":"SKIP","floor":38},{"not_picked":["Reinforced Body","Ball Lightning"],"picked":"Defragment","floor":39}],"player_experience":307763,"relics_obtained":[{"floor":9,"key":"Ancient Tea Set"},{"floor":20,"key":"Enchiridion"},{"floor":23,"key":"PreservedInsect"},{"floor":26,"key":"Shuriken"}],"event_choices":[{"damage_healed":0,"gold_gain":0,"player_choice":"Entered Light","damage_taken":15,"max_hp_gain":0,"max_hp_loss":0,"event_name":"Shining Light","floor":10,"gold_loss":0,"cards_upgraded":["Strike_B","Strike_B"]},{"damage_healed":0,"gold_gain":0,"player_choice":"Gave Potion","damage_taken":0,"relics_obtained":["Meat on the Bone"],"max_hp_gain":0,"max_hp_loss":0,"event_name":"WeMeetAgain","floor":19,"gold_loss":0},{"damage_healed":0,"gold_gain":0,"player_choice":"Obtained Book","damage_taken":16,"max_hp_gain":0,"max_hp_loss":0,"event_name":"Cursed Tome","floor":20,"gold_loss":0},{"damage_healed":0,"gold_gain":0,"cards_transformed":["Strike_B"],"player_choice":"Transformed","damage_taken":0,"max_hp_gain":0,"max_hp_loss":0,"event_name":"Transmorgrifier","floor":24,"gold_loss":0,"cards_obtained":["Static Discharge"]},{"damage_healed":0,"gold_gain":0,"player_choice":"Became a vampire","damage_taken":0,"max_hp_gain":0,"max_hp_loss":24,"event_name":"Vampires","floor":27,"gold_loss":0,"cards_obtained":["Bite","Bite","Bite","Bite","Bite"]},{"damage_healed":0,"gold_gain":0,"cards_transformed":["Defend_B"],"player_choice":"Transformed","damage_taken":0,"max_hp_gain":0,"max_hp_loss":0,"event_name":"Transmorgrifier","floor":36,"gold_loss":0,"cards_obtained":["Cold Snap"]},{"damage_healed":0,"gold_gain":0,"player_choice":"Paid","damage_taken":0,"relics_obtained":["Red Mask"],"max_hp_gain":0,"max_hp_loss":0,"event_name":"Tomb of Lord Red Mask","floor":37,"gold_loss":211}],"is_beta":false,"boss_relics":[{"not_picked":["Pandora\u0027s Box","Cursed Key"],"picked":"Sozu"},{"not_picked":["Snecko Eye","Astrolabe"],"picked":"Velvet Choker"}],"items_purged_floors":[13],"is_endless":false,"potions_floor_spawned":[2,5,12,14,18,23,31,33],"killed_by":"Writhing Mass","ascension_level":10}