{"gold_per_floor":[114,2,77,77,91,124,124,155,155,120,154,154,185,203,203,274,274,291,291,305,230,241,241,272,272,295,185,202,202],"floor_reached":29,"playtime":962,"items_purged":[],"score":588,"play_id":"628d396b-fd9f-42b9-95c7-c240e02c0764","local_time":"20190304182716","is_ascension_mode":true,"campfire_choices":[{"data":"Defragment","floor":12,"key":"SMITH"},{"data":"Genetic Algorithm","floor":15,"key":"SMITH"},{"data":"Loop","floor":23,"key":"SMITH"},{"floor":25,"key":"REST"}],"neow_cost":"NONE","seed_source_timestamp":4001754617824552,"circlet_count":0,"master_deck":["AscendersBane","Strike_B","Defend_B","Defend_B","Defend_B","Defend_B","Zap","Dualcast","Reinforced Body","Conserve Battery","Sweeping Beam","Ball Lightning","Seek+1","Genetic Algorithm+1","Defragment+1","Coolheaded","Reinforced Body","Echo Form","Cold Snap","Loop+1","Multi-Cast","Conserve Battery"],"relics":["Cracked Core","NeowsBlessing","StoneCalendar","Shuriken","Pear","Blood Vial","Letter Opener","Velvet Choker","Prayer Wheel"],"potions_floor_usage":[16,22,24,29],"damage_taken":[{"damage":0,"enemies":"Jaw Worm","floor":1,"turns":1},{"damage":0,"enemies":"Small Slimes","floor":5,"turns":1},{"damage":0,"enemies":"Lagavulin","floor":6,"turns":1},{"damage":27,"enemies":"Gremlin Nob","floor":8,"turns":4},{"damage":8,"enemies":"Lagavulin","floor":11,"turns":7},{"damage":23,"enemies":"3 Sentries","floor":13,"turns":7},{"damage":0,"enemies":"2 Louse","floor":14,"turns":3},{"damage":7,"enemies":"Hexaghost","floor":16,"turns":9},{"damage":2,"enemies":"Spheric Guardian","floor":18,"turns":4},{"damage":15,"enemies":"2 Thieves","floor":20,"turns":4},{"damage":7,"enemies":"Centurion and Healer","floor":22,"turns":7},{"damage":39,"enemies":"Gremlin Leader","floor":24,"turns":8},{"damage":17,"enemies":"Snake Plant","floor":28,"turns":5},{"damage":24,"enemies":"Slavers","floor":29,"turns":1}],"seed_played":"3700381787604456239","potions_obtained":[{"floor":11,"key":"FearPotion"},{"floor":14,"key":"Dexterity Potion"},{"floor":19,"key":"SkillPotion"},{"floor":19,"key":"Weak Potion"},{"floor":24,"key":"SpeedPotion"},{"floor":28,"key":"SteroidPotion"}],"is_trial":false,"path_per_floor":["M","$","?","?","M","E","?","E","T","?","E","R","E","M","R","B",null,"M","?","M","?","M","R","E","R","T","?","M","E"],"character_chosen":"DEFECT","items_purchased":["Conserve Battery","Sweeping Beam"],"campfire_rested":1,"item_purchase_floors":[2,2],"current_hp_per_floor":[64,64,53,46,46,46,46,19,29,49,41,41,20,22,22,17,65,65,65,52,52,47,47,10,34,34,34,19,0],"gold":202,"neow_bonus":"THREE_ENEMY_KILL","is_prod":false,"is_daily":false,"chose_seed":false,"campfire_upgraded":3,"win_rate":0,"timestamp":1551752836,"path_taken":["M","$","?","?","M","E","?","E","T","?","E","R","E","M","R","BOSS","M","?","?","?","M","R","E","R","T","?","M","E"],"build_version":"2019-01-23","purchased_purges":0,"victory":false,"max_hp_per_floor":[71,71,71,71,71,71,71,71,81,81,81,81,81,81,81,81,81,81,81,81,81,81,81,81,81,81,81,81,81],"card_choices":[{"not_picked":["Compile Driver","Redo"],"picked":"Reinforced Body","floor":1},{"not_picked":["Tempest","Steam"],"picked":"Ball Lightning","floor":5},{"not_picked":["Stack","Chaos"],"picked":"Seek","floor":6},{"not_picked":["Leap","Darkness"],"picked":"Genetic Algorithm","floor":8},{"not_picked":["Turbo","Leap"],"picked":"Defragment","floor":11},{"not_picked":["Rebound","Leap"],"picked":"Coolheaded","floor":13},{"not_picked":["Stack","Auto Shields"],"picked":"Reinforced Body","floor":14},{"not_picked":["Core Surge","Creative AI"],"picked":"Echo Form","floor":16},{"not_picked":["Steam Power","Reprogram","Redo"],"picked":"SKIP","floor":18},{"not_picked":["Go for the Eyes","Hologram"],"picked":"Cold Snap","floor":20},{"not_picked":["Redo","Beam Cell"],"picked":"Loop","floor":22},{"not_picked":["Fusion","Steam Power"],"picked":"Multi-Cast","floor":24},{"not_picked":["Coolheaded","Heatsinks"],"picked":"Conserve Battery","floor":28},{"not_picked":["Chaos","Barrage","Hologram+1"],"picked":"SKIP","floor":28}],"player_experience":786417,"relics_obtained":[{"floor":6,"key":"StoneCalendar"},{"floor":8,"key":"Shuriken"},{"floor":9,"key":"Pear"},{"floor":11,"key":"Blood Vial"},{"floor":13,"key":"Letter Opener"},{"floor":24,"key":"Prayer Wheel"}],"event_choices":[{"damage_healed":0,"gold_gain":75,"player_choice":"Gather Gold","damage_taken":11,"max_hp_gain":0,"max_hp_loss":0,"event_name":"World of Goop","floor":3,"gold_loss":0},{"cards_removed":["Strike_B"],"damage_healed":0,"gold_gain":0,"player_choice":"Card Removal","damage_taken":7,"max_hp_gain":0,"max_hp_loss":0,"event_name":"Golden Wing","floor":4,"gold_loss":0},{"damage_healed":0,"gold_gain":0,"player_choice":"Ignored","damage_taken":0,"max_hp_gain":0,"max_hp_loss":0,"event_name":"Liars Game","floor":7,"gold_loss":0},{"damage_healed":20,"gold_gain":0,"player_choice":"Healed","damage_taken":0,"max_hp_gain":0,"max_hp_loss":0,"event_name":"The Cleric","floor":10,"gold_loss":35},{"damage_healed":0,"gold_gain":0,"player_choice":"Got Potions","damage_taken":0,"max_hp_gain":0,"max_hp_loss":0,"event_name":"Lab","floor":19,"gold_loss":0},{"cards_removed":["Strike_B"],"damage_healed":0,"gold_gain":0,"player_choice":"Gave Gold","damage_taken":0,"max_hp_gain":0,"max_hp_loss":0,"event_name":"Beggar","floor":21,"gold_loss":75},{"cards_removed":["Strike_B"],"damage_healed":0,"gold_gain":0,"player_choice":"Upgrade and Remove","damage_taken":0,"max_hp_gain":0,"max_hp_loss":0,"event_name":"Designer","floor":27,"gold_loss":110,"cards_upgraded":["Seek"]}],"is_beta":false,"boss_relics":[{"not_picked":["Cursed Key","Calling Bell"],"picked":"Velvet Choker"}],"items_purged_floors":[],"is_endless":false,"potions_floor_spawned":[11,14,24,28],"killed_by":"Slavers","ascension_level":20}