{"gold_per_floor":[119,119,10,10,24,24,60,83,83,83,108,108],"floor_reached":12,"playtime":377,"items_purged":[],"score":196,"play_id":"a4752184-bcc1-416f-88a2-d8232f9f7f0c","local_time":"20190125211207","is_ascension_mode":true,"campfire_choices":[{"data":"Zap","floor":6,"key":"SMITH"},{"data":"Creative AI","floor":10,"key":"SMITH"}],"neow_cost":"NONE","seed_source_timestamp":1313677180085700,"circlet_count":0,"master_deck":["AscendersBane","Strike_B","Strike_B","Strike_B","Defend_B","Defend_B","Defend_B","Defend_B","Zap+1","Dualcast","Rebound","Hologram","Self Repair","Barrage","Creative AI+1","Conserve Battery","BootSequence"],"relics":["Cracked Core","NeowsBlessing","Golden Idol","Unceasing Top","Gremlin Horn"],"potions_floor_usage":[],"damage_taken":[{"damage":0,"enemies":"2 Louse","floor":1,"turns":1},{"damage":0,"enemies":"Small Slimes","floor":5,"turns":1},{"damage":0,"enemies":"3 Sentries","floor":7,"turns":1},{"damage":1,"enemies":"Cultist","floor":8,"turns":3},{"damage":6,"enemies":"Blue Slaver","floor":11,"turns":4},{"damage":105,"enemies":"Gremlin Nob","floor":12,"turns":4}],"seed_played":"7046471224738914459","potions_obtained":[{"floor":7,"key":"LiquidBronze"}],"is_trial":false,"path_per_floor":["M","?","$","?","M","R","E","M","T","R","M","E"],"character_chosen":"DEFECT","items_purchased":["Hologram","Self Repair"],"campfire_rested":0,"item_purchase_floors":[3,3],"current_hp_per_floor":[64,64,64,64,64,64,64,64,64,64,64,0],"gold":108,"neow_bonus":"THREE_ENEMY_KILL","is_prod":false,"is_daily":false,"chose_seed":false,"campfire_upgraded":2,"win_rate":0,"timestamp":1548479527,"path_taken":["M","?","$","?","M","R","E","M","T","R","M","E"],"build_version":"2019-01-23","purchased_purges":0,"victory":false,"max_hp_per_floor":[71,64,64,64,64,64,64,64,64,64,64,64],"card_choices":[{"not_picked":["Beam Cell","Barrage"],"picked":"Rebound","floor":1},{"not_picked":["Compile Driver","Streamline"],"picked":"Barrage","floor":5},{"not_picked":["Ball Lightning","Redo"],"picked":"Creative AI","floor":7},{"not_picked":["Melter","Ball Lightning"],"picked":"Conserve Battery","floor":8},{"not_picked":["Conserve Battery","Blizzard"],"picked":"BootSequence","floor":11}],"player_experience":586186,"relics_obtained":[{"floor":7,"key":"Unceasing Top"},{"floor":9,"key":"Gremlin Horn"}],"event_choices":[{"damage_healed":0,"gold_gain":0,"player_choice":"Lose Max HP","damage_taken":0,"relics_obtained":["Golden Idol"],"max_hp_gain":0,"max_hp_loss":7,"event_name":"Golden Idol","floor":2,"gold_loss":0},{"cards_removed":["Strike_B"],"damage_healed":0,"gold_gain":0,"player_choice":"Forget","damage_taken":0,"max_hp_gain":0,"max_hp_loss":0,"event_name":"Living Wall","floor":4,"gold_loss":0}],"is_beta":false,"boss_relics":[],"items_purged_floors":[],"is_endless":false,"potions_floor_spawned":[7],"killed_by":"Gremlin Nob","ascension_level":18}