{"gold_per_floor":[119,69,69,80,100,100,117,136,211,222,242,253,253,279,279,382,382,399,409,86,105,117,117,130,189,189,189,189,189,189,143,143,245,245,265,109,109,109,109,109,128,142,165,165,165,165,191,191,191,191],"floor_reached":50,"playtime":1817,"items_purged":["Defend_R"],"score":537,"play_id":"639d06fd-8077-43fa-8468-05794a08ef2c","local_time":"20181209110341","is_ascension_mode":false,"campfire_choices":[{"data":"Perfected Strike","floor":6,"key":"SMITH"},{"data":"Perfected Strike","floor":13,"key":"SMITH"},{"data":"Shrug It Off","floor":15,"key":"SMITH"},{"data":"Perfected Strike","floor":23,"key":"SMITH"},{"data":"Perfected Strike","floor":27,"key":"SMITH"},{"data":"Perfected Strike","floor":32,"key":"SMITH"},{"data":"Double Tap","floor":40,"key":"SMITH"},{"floor":49,"key":"REST"}],"neow_cost":"NONE","seed_source_timestamp":822010666211519,"circlet_count":0,"master_deck":["Strike_R","Strike_R","Strike_R","Strike_R","Strike_R","Defend_R","Defend_R","Bash","Clash","Iron Wave","Perfected Strike+1","Twin Strike","Perfected Strike+1","Shrug It Off+1","Perfected Strike+1","Clash+1","Enlightenment","Perfected Strike+1","Perfected Strike+1","Strike_G+1","Perfected Strike+1","Double Tap+1","Madness+1"],"relics":["Burning Blood","Self Forming Clay","StoneCalendar","Philosopher\u0027s Stone","Omamori","Tiny Chest","Strawberry","Cursed Key","Juzu Bracelet","Whetstone","Blood Vial"],"potions_floor_usage":[8,10,11,18,24,25,33,42,50],"damage_taken":[{"damage":5,"enemies":"Jaw Worm","floor":1,"turns":6},{"damage":1,"enemies":"2 Louse","floor":4,"turns":2},{"damage":0,"enemies":"Cultist","floor":5,"turns":3},{"damage":5,"enemies":"Looter","floor":7,"turns":2},{"damage":3,"enemies":"Large Slime","floor":8,"turns":4},{"damage":12,"enemies":"Blue Slaver","floor":10,"turns":2},{"damage":0,"enemies":"Exordium Thugs","floor":11,"turns":4},{"damage":4,"enemies":"2 Fungi Beasts","floor":12,"turns":2},{"damage":0,"enemies":"Gremlin Nob","floor":14,"turns":3},{"damage":47,"enemies":"Hexaghost","floor":16,"turns":9},{"damage":15,"enemies":"3 Byrds","floor":18,"turns":4},{"damage":1,"enemies":"Shell Parasite","floor":19,"turns":3},{"damage":12,"enemies":"Centurion and Healer","floor":21,"turns":4},{"damage":0,"enemies":"Snake Plant","floor":22,"turns":2},{"damage":0,"enemies":"Cultist and Chosen","floor":24,"turns":3},{"damage":2,"enemies":"Book of Stabbing","floor":25,"turns":2},{"damage":35,"enemies":"Collector","floor":33,"turns":3},{"damage":5,"enemies":"Orb Walker","floor":35,"turns":2},{"damage":0,"enemies":"3 Shapes","floor":41,"turns":2},{"damage":39,"enemies":"Transient","floor":42,"turns":5},{"damage":96,"enemies":"Time Eater","floor":50,"turns":5}],"seed_played":"6702853780896442526","potions_obtained":[{"floor":5,"key":"AttackPotion"},{"floor":8,"key":"PowerPotion"},{"floor":10,"key":"SpeedPotion"},{"floor":16,"key":"Fire Potion"},{"floor":21,"key":"Swift Potion"},{"floor":22,"key":"Block Potion"},{"floor":24,"key":"Swift Potion"},{"floor":33,"key":"Ancient Potion"},{"floor":41,"key":"Regen Potion"}],"is_trial":false,"path_per_floor":["M","$","?","M","M","R","M","M","T","M","M","M","R","E","R","B",null,"M","M","$","M","M","R","M","E","T","R","?","?","?","$","R","B",null,"M","$","$","?","$","R","M","M","T","?","$","?","T","?","R","B"],"character_chosen":"IRONCLAD","items_purchased":["Iron Wave","Omamori","Enlightenment","Perfected Strike","Juzu Bracelet"],"campfire_rested":1,"item_purchase_floors":[2,20,20,31,36],"current_hp_per_floor":[88,88,93,93,93,93,93,93,93,87,93,93,93,93,93,52,93,84,89,89,83,89,89,93,93,100,100,100,100,100,100,100,71,100,100,100,100,100,100,100,100,67,67,54,54,54,54,54,84,0],"gold":191,"neow_bonus":"TEN_PERCENT_HP_BONUS","is_prod":false,"is_daily":false,"chose_seed":false,"campfire_upgraded":7,"win_rate":0,"timestamp":1544371421,"path_taken":["M","$","?","M","M","R","M","M","T","M","M","M","R","E","R","BOSS","M","M","$","M","M","R","M","E","T","R","?","?","?","$","R","BOSS","M","?","$","?","$","R","M","M","T","?","?","?","?","?","R","BOSS"],"build_version":"2018-12-06","purchased_purges":1,"victory":false,"max_hp_per_floor":[88,88,93,93,93,93,93,93,93,93,93,93,93,93,93,93,93,93,93,93,93,93,93,93,93,100,100,100,100,100,100,100,100,100,100,100,100,100,100,100,100,100,100,100,100,100,100,100,100,100],"card_choices":[{"not_picked":["Shrug It Off","Anger"],"picked":"Clash","floor":1},{"not_picked":["Exhume","Clothesline","Dual Wield"],"picked":"SKIP","floor":4},{"not_picked":["Flex","Havoc"],"picked":"Perfected Strike","floor":5},{"not_picked":["Heavy Blade","Dark Embrace","Sword Boomerang"],"picked":"SKIP","floor":7},{"not_picked":["Battle Trance","Flex","Carnage"],"picked":"SKIP","floor":8},{"not_picked":["Intimidate","Evolve"],"picked":"Twin Strike","floor":10},{"not_picked":["Rage","Power Through"],"picked":"Perfected Strike","floor":11},{"not_picked":["Heavy Blade","Flame Barrier"],"picked":"Shrug It Off","floor":12},{"not_picked":["Second Wind","True Grit","Sword Boomerang"],"picked":"SKIP","floor":14},{"not_picked":["Clothesline","Clash"],"picked":"Perfected Strike+1","floor":18},{"not_picked":["Ghostly Armor+1","Clothesline+1"],"picked":"Clash","floor":19},{"not_picked":["Dual Wield","Infernal Blade"],"picked":"Perfected Strike","floor":21},{"not_picked":["Body Slam","Combust"],"picked":"Perfected Strike","floor":22},{"not_picked":["Pommel Strike","Combust","Impervious"],"picked":"SKIP","floor":24},{"not_picked":["Corruption","Second Wind+1","Combust"],"picked":"SKIP","floor":25},{"not_picked":["Berserk","Fiend Fire"],"picked":"Double Tap","floor":33},{"not_picked":["Intimidate","Clash","Seeing Red+1"],"picked":"SKIP","floor":35},{"not_picked":["Armaments","Entrench+1","Searing Blow+1"],"picked":"SKIP","floor":41},{"not_picked":["Sword Boomerang","Ghostly Armor","Wild Strike"],"picked":"SKIP","floor":42}],"player_experience":208247,"relics_obtained":[{"floor":9,"key":"Self Forming Clay"},{"floor":14,"key":"StoneCalendar"},{"floor":25,"key":"Tiny Chest"},{"floor":26,"key":"Strawberry"},{"floor":43,"key":"Whetstone"},{"floor":47,"key":"Blood Vial"}],"event_choices":[{"damage_healed":0,"gold_gain":0,"player_choice":"Donut","damage_taken":0,"max_hp_gain":5,"max_hp_loss":0,"event_name":"Big Fish","floor":3,"gold_loss":0},{"damage_healed":0,"gold_gain":0,"player_choice":"Ignored","damage_taken":0,"max_hp_gain":0,"max_hp_loss":0,"event_name":"Cursed Tome","floor":28,"gold_loss":0},{"cards_removed":["Defend_R"],"damage_healed":0,"gold_gain":0,"player_choice":"Took Card","damage_taken":0,"max_hp_gain":0,"max_hp_loss":0,"event_name":"NoteForYourself","floor":30,"gold_loss":0,"cards_obtained":["Strike_G"]},{"damage_healed":0,"gold_gain":0,"player_choice":"Ignored","damage_taken":0,"max_hp_gain":0,"max_hp_loss":0,"event_name":"Tomb of Lord Red Mask","floor":38,"gold_loss":0},{"damage_healed":0,"gold_gain":0,"player_choice":"Embrace Madness","damage_taken":13,"max_hp_gain":0,"max_hp_loss":0,"event_name":"Winding Halls","floor":44,"gold_loss":0,"cards_obtained":["Madness","Madness"]},{"damage_healed":0,"gold_gain":0,"player_choice":"Forge","damage_taken":0,"max_hp_gain":0,"max_hp_loss":0,"event_name":"Accursed Blacksmith","floor":46,"gold_loss":0,"cards_upgraded":["Madness"]},{"cards_removed":["Madness"],"damage_healed":0,"gold_gain":0,"player_choice":"Removed Skill","damage_taken":0,"max_hp_gain":0,"max_hp_loss":0,"event_name":"Falling","floor":48,"gold_loss":0}],"is_beta":false,"boss_relics":[{"not_picked":["Runic Pyramid","Calling Bell"],"picked":"Philosopher\u0027s Stone"},{"not_picked":["White Beast Statue","Sozu"],"picked":"Cursed Key"}],"items_purged_floors":[20],"is_endless":false,"potions_floor_spawned":[5,8,10,16,21,22,24,33,41],"killed_by":"Time Eater","ascension_level":0}