{"gold_per_floor":[116,66,79,95,95,95,125,137,202,112,112,112,130,145,145,244,244,261,91,16,16,28,28,41,68,68,68,68,68,80,80,80,181,181,198,213,213,213],"floor_reached":38,"playtime":2382,"items_purged":["Strike_B","Defend_B"],"score":417,"play_id":"b92c766e-a06d-4e9b-a0a8-ba261efa7b02","local_time":"20190127131207","is_ascension_mode":false,"campfire_choices":[{"data":"Defragment","floor":6,"key":"SMITH"},{"floor":8,"key":"REST"},{"floor":15,"key":"REST"},{"data":"Creative AI","floor":23,"key":"SMITH"},{"floor":27,"key":"REST"},{"data":"Amplify","floor":29,"key":"SMITH"},{"floor":32,"key":"REST"}],"neow_cost":"NONE","seed_source_timestamp":3625970004494228,"circlet_count":0,"master_deck":["Defend_B","Defend_B","Defend_B","Zap","Dualcast","Seek","Defragment+1","Coolheaded","Loop+1","BootSequence","Gash","Loop","Coolheaded","Creative AI+1","Leap","Loop","Fission","Electrodynamics","Amplify+1","Writhe","Loop","Rainbow"],"relics":["Cracked Core","MawBank","Cursed Key","Smiling Mask","PreservedInsect","Nuclear Battery"],"potions_floor_usage":[16,16,25,33,38],"damage_taken":[{"damage":2,"enemies":"Small Slimes","floor":1,"turns":4},{"damage":11,"enemies":"Jaw Worm","floor":3,"turns":3},{"damage":0,"enemies":"Cultist","floor":4,"turns":3},{"damage":14,"enemies":"Lagavulin","floor":7,"turns":8},{"damage":2,"enemies":"Blue Slaver","floor":13,"turns":3},{"damage":10,"enemies":"2 Fungi Beasts","floor":14,"turns":4},{"damage":33,"enemies":"The Guardian","floor":16,"turns":19},{"damage":12,"enemies":"Spheric Guardian","floor":18,"turns":8},{"damage":1,"enemies":"Shell Parasite","floor":22,"turns":11},{"damage":8,"enemies":"Snake Plant","floor":24,"turns":5},{"damage":20,"enemies":"Gremlin Leader","floor":25,"turns":6},{"damage":9,"enemies":"Centurion and Healer","floor":30,"turns":5},{"damage":35,"enemies":"Automaton","floor":33,"turns":15},{"damage":24,"enemies":"Orb Walker","floor":35,"turns":7},{"damage":30,"enemies":"3 Shapes","floor":36,"turns":4},{"damage":24,"enemies":"Sphere and 2 Shapes","floor":38,"turns":2}],"seed_played":"-7950433831639519267","potions_obtained":[{"floor":1,"key":"FearPotion"},{"floor":4,"key":"Poison Potion"},{"floor":22,"key":"Block Potion"},{"floor":25,"key":"Fire Potion"},{"floor":33,"key":"Energy Potion"},{"floor":35,"key":"AttackPotion"},{"floor":36,"key":"SkillPotion"}],"is_trial":false,"path_per_floor":["M","?","M","M","?","R","E","R","T","$","?","?","M","M","R","B",null,"M","$","?","?","M","R","M","E","T","R","?","R","M","?","R","B",null,"M","M","?","M"],"character_chosen":"DEFECT","items_purchased":["Gash","Loop"],"campfire_rested":4,"item_purchase_floors":[10,19],"current_hp_per_floor":[73,73,62,62,62,62,48,70,70,70,70,70,68,58,75,42,75,63,63,63,63,62,62,54,34,34,56,56,56,47,47,69,34,75,51,21,21,0],"gold":213,"neow_bonus":"ONE_RANDOM_RARE_CARD","is_prod":false,"is_daily":false,"chose_seed":false,"campfire_upgraded":3,"win_rate":0,"timestamp":1548612727,"path_taken":["M","?","M","M","?","R","E","R","T","?","?","?","M","M","R","BOSS","M","$","?","?","M","R","?","E","T","R","?","R","M","?","R","BOSS","M","?","?","M"],"build_version":"2019-01-23","purchased_purges":2,"victory":false,"max_hp_per_floor":[75,75,75,75,75,75,75,75,75,75,75,75,75,75,75,75,75,75,75,75,75,75,75,75,75,75,75,75,75,75,75,75,75,75,75,75,75,75],"card_choices":[{"not_picked":["Conserve Battery","Compile Driver"],"picked":"Defragment","floor":1},{"not_picked":["Leap","Stack"],"picked":"Coolheaded","floor":3},{"not_picked":["Hologram","Conserve Battery"],"picked":"Loop","floor":4},{"not_picked":["All For One","Reprogram"],"picked":"BootSequence","floor":7},{"not_picked":["Undo","Stack"],"picked":"Loop","floor":13},{"not_picked":["Double Energy","Hologram"],"picked":"Coolheaded","floor":14},{"not_picked":["Seek","Reboot"],"picked":"Creative AI","floor":16},{"not_picked":["Rebound","Ball Lightning"],"picked":"Leap","floor":18},{"not_picked":["Steam","Cold Snap","Sweeping Beam+1"],"picked":"SKIP","floor":22},{"not_picked":["Steam Power+1","Beam Cell"],"picked":"Electrodynamics","floor":24},{"not_picked":["Heatsinks","Self Repair"],"picked":"Amplify","floor":25},{"not_picked":["Fusion","White Noise+1"],"picked":"Loop","floor":30},{"not_picked":["Biased Cognition","Thunder Strike"],"picked":"Rainbow","floor":33},{"not_picked":["Turbo+1","Cold Snap+1","Stack+1"],"picked":"SKIP","floor":35},{"not_picked":["Compile Driver+1","Redo","Rebound+1"],"picked":"SKIP","floor":36}],"player_experience":44318,"relics_obtained":[{"floor":7,"key":"MawBank"},{"floor":25,"key":"Smiling Mask"},{"floor":26,"key":"PreservedInsect"}],"event_choices":[{"cards_removed":["Strike_B"],"damage_healed":0,"gold_gain":0,"player_choice":"Card Removal","damage_taken":0,"max_hp_gain":0,"max_hp_loss":0,"event_name":"The Cleric","floor":2,"gold_loss":50},{"damage_healed":0,"gold_gain":0,"player_choice":"Ignored","damage_taken":0,"max_hp_gain":0,"max_hp_loss":0,"event_name":"Golden Wing","floor":5,"gold_loss":0},{"damage_healed":0,"gold_gain":0,"player_choice":"Ignored","damage_taken":0,"max_hp_gain":0,"max_hp_loss":0,"event_name":"Liars Game","floor":11,"gold_loss":0},{"damage_healed":0,"gold_gain":0,"player_choice":"Ignored","damage_taken":0,"max_hp_gain":0,"max_hp_loss":0,"event_name":"Golden Idol","floor":12,"gold_loss":0},{"cards_removed":["Strike_B"],"damage_healed":0,"gold_gain":0,"player_choice":"Gave Gold","damage_taken":0,"max_hp_gain":0,"max_hp_loss":0,"event_name":"Beggar","floor":20,"gold_loss":75},{"damage_healed":0,"gold_gain":0,"cards_transformed":["Strike_B"],"player_choice":"Transformed","damage_taken":0,"max_hp_gain":0,"max_hp_loss":0,"event_name":"Transmorgrifier","floor":21,"gold_loss":0,"cards_obtained":["Fission"]},{"damage_healed":0,"gold_gain":0,"player_choice":"Ignored","damage_taken":0,"max_hp_gain":0,"max_hp_loss":0,"event_name":"Cursed Tome","floor":28,"gold_loss":0},{"damage_healed":0,"gold_gain":0,"player_choice":"Bought 0 Potions","damage_taken":0,"max_hp_gain":0,"max_hp_loss":0,"event_name":"The Woman in Blue","floor":31,"gold_loss":0},{"damage_healed":0,"gold_gain":0,"player_choice":"Upgraded","damage_taken":0,"max_hp_gain":0,"max_hp_loss":0,"event_name":"Upgrade Shrine","floor":37,"gold_loss":0,"cards_upgraded":["Loop"]}],"is_beta":false,"boss_relics":[{"not_picked":["White Beast Statue","Black Star"],"picked":"Cursed Key"},{"not_picked":["Calling Bell","Astrolabe"],"picked":"Nuclear Battery"}],"items_purged_floors":[10,19],"is_endless":false,"potions_floor_spawned":[1,4,22,25,33,35,36],"killed_by":"Sphere and 2 Shapes","ascension_level":0}