{"gold_per_floor":[115,38,38,38,53,53,82,96,96,15,15,15,15,40,40,40],"floor_reached":16,"playtime":418,"items_purged":[],"score":133,"play_id":"7d91ff68-74e5-440d-9280-f35073cd4d0d","local_time":"20181014034916","is_ascension_mode":true,"campfire_choices":[{"data":"Zap","floor":6,"key":"SMITH"},{"data":"Hologram","floor":12,"key":"SMITH"},{"data":"Fission","floor":15,"key":"SMITH"}],"neow_cost":"","seed_source_timestamp":261259719936041,"circlet_count":0,"master_deck":["Strike_B","Strike_B","Strike_B","Strike_B","Defend_B+1","Defend_B","Defend_B","Defend_B","Zap+1","Dualcast","Ball Lightning+1","Capacitor","Capacitor","Hologram+1","Fission+1","Static Discharge","Turbo"],"relics":["Cracked Core","Orichalcum","Cables","Vajra"],"potions_floor_usage":[7],"damage_taken":[{"damage":0,"enemies":"Cultist","floor":1,"turns":3},{"damage":1,"enemies":"2 Louse","floor":5,"turns":2},{"damage":12,"enemies":"3 Sentries","floor":7,"turns":5},{"damage":4,"enemies":"Jaw Worm","floor":8,"turns":3},{"damage":22,"enemies":"Lagavulin","floor":14,"turns":6},{"damage":28,"enemies":"The Guardian","floor":16,"turns":2}],"seed_played":"-69679506422258345","potions_obtained":[{"floor":5,"key":"Fire Potion"},{"floor":7,"key":"FearPotion"},{"floor":14,"key":"Energy Potion"}],"is_trial":false,"path_per_floor":["M","$","?","?","M","R","E","M","T","$","?","R","$","E","R"],"character_chosen":"DEFECT","items_purchased":["Capacitor","Static Discharge"],"campfire_rested":0,"item_purchase_floors":[2,10],"current_hp_per_floor":[75,75,80,64,63,63,51,47,47,47,47,47,47,25,25,0],"gold":40,"neow_bonus":"","is_prod":false,"is_daily":false,"chose_seed":false,"campfire_upgraded":3,"win_rate":0,"timestamp":1539514156,"path_taken":["M","?","?","?","M","R","E","?","T","$","?","R","$","E","R","BOSS"],"build_version":"2018-10-11","purchased_purges":0,"victory":false,"max_hp_per_floor":[75,75,80,80,80,80,80,80,80,80,80,80,80,80,80,80],"card_choices":[{"not_picked":["Leap","Go for the Eyes"],"picked":"Ball Lightning","floor":1},{"not_picked":["Ball Lightning","Streamline"],"picked":"Capacitor","floor":5},{"not_picked":["Melter","Conserve Battery"],"picked":"Hologram","floor":7},{"not_picked":["Rebound","Leap"],"picked":"Fission","floor":8},{"not_picked":["Steam","Scrape"],"picked":"Turbo","floor":14}],"player_experience":252837,"relics_obtained":[{"floor":7,"key":"Orichalcum"},{"floor":9,"key":"Cables"},{"floor":14,"key":"Vajra"}],"event_choices":[{"event_name":"Big Fish","player_choice":"Donut","floor":3,"damage_taken":0},{"event_name":"Shining Light","player_choice":"Entered Light","floor":4,"damage_taken":0},{"event_name":"The Cleric","player_choice":"Leave","floor":11,"damage_taken":0}],"is_beta":false,"boss_relics":[],"items_purged_floors":[],"is_endless":false,"potions_floor_spawned":[5,7,14],"killed_by":"The Guardian","ascension_level":5}