{"gold_per_floor":[117,132,132,132,132,163,163,195,195,145,145,160,160,235,235,337,337,357,374,289,18,38,69,69,98,125,225,225,254,254,268,268,364,364,376,61,61,161,161,187,17,34,60,72,100,110,110,124,124,124],"floor_reached":51,"playtime":9593,"items_purged":["Strike_G","Defend_G"],"score":1020,"play_id":"267ac315-cb0a-4abb-8d53-4671431fc103","local_time":"20190307175126","is_ascension_mode":true,"campfire_choices":[{"data":"Dagger Spray","floor":7.0,"key":"SMITH"},{"data":"Noxious Fumes","floor":11.0,"key":"SMITH"},{"data":"Crippling Poison","floor":13.0,"key":"SMITH"},{"data":"Heel Hook","floor":15.0,"key":"SMITH"},{"data":"Malaise","floor":24.0,"key":"SMITH"},{"data":"Leg Sweep","floor":28.0,"key":"SMITH"},{"data":"Setup","floor":30.0,"key":"SMITH"},{"floor":32.0,"key":"REST"},{"floor":47,"key":"REST"},{"floor":49,"key":"REST"}],"neow_cost":"NONE","seed_source_timestamp":0,"circlet_count":0,"master_deck":["Defend_G","Defend_G","Defend_G","Strike_G","Strike_G","Survivor+1","Neutralize+1","Heel Hook+1","Heel Hook+1","Noxious Fumes+1","Dagger Spray+1","Expertise+1","Crippling Poison+1","Malaise+1","Leg Sweep+1","Acrobatics","Cloak And Dagger+1","Dagger Throw+1","Setup+1","All Out Attack+1","Wraith Form v2+1","Well Laid Plans","Reflex+1","Noxious Fumes","Blur+1","Catalyst+1","Backflip+1","Blade Dance","Footwork","Dodge and Roll"],"special_seed":0,"relics":["Ring of the Serpent","Mango","Pantograph","Paper Crane","Ornamental Fan","Strange Spoon","Prayer Wheel","Strawberry","Oddly Smooth Stone","Anchor","Eternal Feather","Kunai","Du-Vu Doll","Omamori","War Paint","Singing Bowl"],"potions_floor_usage":[40,40,50],"damage_taken":[{"damage":0.0,"enemies":"2 Louse","floor":1.0,"turns":4.0},{"damage":0.0,"enemies":"Jaw Worm","floor":2.0,"turns":7.0},{"damage":0.0,"enemies":"Cultist","floor":4.0,"turns":4.0},{"damage":8.0,"enemies":"Gremlin Nob","floor":6.0,"turns":5.0},{"damage":14.0,"enemies":"Lagavulin","floor":8.0,"turns":7.0},{"damage":0.0,"enemies":"3 Louse","floor":12.0,"turns":2.0},{"damage":62.0,"enemies":"Slime Boss","floor":16.0,"turns":10.0},{"damage":2.0,"enemies":"Shell Parasite","floor":18.0,"turns":7.0},{"damage":8.0,"enemies":"2 Thieves","floor":19.0,"turns":3.0},{"damage":9.0,"enemies":"Centurion and Healer","floor":22.0,"turns":7.0},{"damage":6.0,"enemies":"Book of Stabbing","floor":23.0,"turns":7.0},{"damage":15.0,"enemies":"Gremlin Leader","floor":25.0,"turns":8.0},{"damage":0.0,"enemies":"Book of Stabbing","floor":29.0,"turns":8.0},{"damage":6.0,"enemies":"Snake Plant","floor":31.0,"turns":6.0},{"damage":21.0,"enemies":"Automaton","floor":33.0,"turns":10.0},{"damage":0.0,"enemies":"Orb Walker","floor":35.0,"turns":6.0},{"damage":18,"enemies":"Mind Bloom Boss Battle","floor":38,"turns":10},{"damage":46,"enemies":"Reptomancer","floor":40,"turns":9},{"damage":27,"enemies":"3 Darklings","floor":42,"turns":4},{"damage":7,"enemies":"Maw","floor":44,"turns":6},{"damage":0,"enemies":"Nemesis","floor":45,"turns":9},{"damage":0,"enemies":"Spire Growth","floor":46,"turns":8},{"damage":18,"enemies":"Jaw Worm Horde","floor":48,"turns":4},{"damage":51,"enemies":"Time Eater","floor":50,"turns":18}],"seed_played":"2700837509182252386","potions_obtained":[{"floor":2.0,"key":"Dexterity Potion"},{"floor":6.0,"key":"PowerPotion"},{"floor":12.0,"key":"FearPotion"},{"floor":18.0,"key":"PowerPotion"},{"floor":22.0,"key":"GamblersBrew"},{"floor":23.0,"key":"Energy Potion"},{"floor":29.0,"key":"Strength Potion"},{"floor":35.0,"key":"FearPotion"},{"floor":38,"key":"Regen Potion"},{"floor":45,"key":"Energy Potion"},{"floor":46,"key":"Dexterity Potion"}],"is_trial":false,"path_per_floor":["M","M","?","M","?","E","R","E","T","?","R","M","R","?","R","B",null,"M","M","?","$","M","E","R","E","T","?","R","E","R","M","R","B",null,"M","$","?","?","?","E","$","M","T","M","E","M","R","M","R","B",null],"character_chosen":"THE_SILENT","items_purchased":["Strange Spoon","Kunai","Well Laid Plans","Noxious Fumes"],"campfire_rested":3,"item_purchase_floors":[21,36,36,41],"current_hp_per_floor":[70,70,56,56,56,62,62,48,48,48,48,48,48,40,40,3,64,62,54,54,54,45,39,39,31,31,31,31,31,31,25,52,56,82,82,82,82,73,73,42,42,15,15,8,10,14,58,40,87,46],"gold":124,"neow_bonus":"UPGRADE_CARD","is_prod":false,"is_daily":false,"chose_seed":false,"campfire_upgraded":7,"win_rate":0,"timestamp":1551981086,"path_taken":["M","M","?","M","?","E","R","E","T","?","R","M","R","?","R","BOSS","M","M","?","$","M","E","R","E","T","?","R","E","R","?","R","BOSS","M","$","?","?","?","E","$","M","T","M","E","M","R","?","R","BOSS"],"build_version":"2019-01-23","purchased_purges":2,"victory":true,"max_hp_per_floor":[70,70,70,70,70,84,84,84,84,84,84,84,84,84,84,84,84,84,84,84,84,84,84,84,91,91,91,91,91,91,91,91,91,91,91,91,91,91,91,91,91,91,91,91,93,97,97,97,97,97],"card_choices":[{"not_picked":["Deadly Poison","Underhanded Strike","Flying Knee"],"picked":"SKIP","floor":1.0},{"not_picked":["Riddle With Holes","Well Laid Plans"],"picked":"Heel Hook","floor":2.0},{"not_picked":["Outmaneuver","Eviscerate"],"picked":"Heel Hook","floor":4.0},{"not_picked":["Poisoned Stab","Slice"],"picked":"Dagger Spray","floor":6.0},{"not_picked":["Endless Agony","Dodge and Roll"],"picked":"Expertise","floor":8.0},{"not_picked":["Acrobatics","Bullet Time"],"picked":"Crippling Poison","floor":12.0},{"not_picked":["Wraith Form v2","Bullet Time"],"picked":"Malaise","floor":16.0},{"not_picked":["Prepared","All Out Attack+1"],"picked":"Leg Sweep","floor":18.0},{"not_picked":["Blade Dance","Flechettes"],"picked":"Acrobatics","floor":19.0},{"not_picked":["Endless Agony+1","Skewer","Underhanded Strike"],"picked":"SKIP","floor":22.0},{"not_picked":["Blade Dance","Quick Slash+1"],"picked":"Cloak And Dagger","floor":23.0},{"not_picked":["Doppelganger","PiercingWail"],"picked":"Dagger Throw+1","floor":25.0},{"not_picked":["Concentrate","Dagger Spray+1"],"picked":"Setup","floor":29.0},{"not_picked":["Bouncing Flask","Prepared"],"picked":"All Out Attack+1","floor":31.0},{"not_picked":["Leg Sweep","Flechettes+1","Underhanded Strike"],"picked":"SKIP","floor":31.0},{"not_picked":["Glass Knife","Die Die Die"],"picked":"Wraith Form v2","floor":33.0},{"not_picked":["Underhanded Strike+1","Quick Slash+1","Poisoned Stab+1"],"picked":"SKIP","floor":35.0},{"not_picked":["Skewer+1","Deflect","Deadly Poison+1"],"picked":"SKIP","floor":35.0},{"not_picked":["Sucker Punch","Bane"],"picked":"Reflex+1","floor":38},{"not_picked":["Quick Slash+1","Acrobatics","Grand Finale"],"picked":"SKIP","floor":40},{"not_picked":["Flying Knee+1","All Out Attack+1"],"picked":"Blur+1","floor":42},{"not_picked":["Dodge and Roll","PiercingWail"],"picked":"Catalyst+1","floor":42},{"not_picked":["Endless Agony","Bane"],"picked":"Backflip+1","floor":44},{"not_picked":["Flechettes","PiercingWail"],"picked":"Blade Dance","floor":44},{"not_picked":["Backflip+1","Masterful Stab+1","Riddle With Holes+1"],"picked":"Singing Bowl","floor":45},{"not_picked":["Bane","A Thousand Cuts","Backstab+1"],"picked":"Singing Bowl","floor":46},{"not_picked":["Backstab","Backflip","Cloak And Dagger"],"picked":"Singing Bowl","floor":46},{"not_picked":["Dash+1","Blade Dance"],"picked":"Footwork","floor":48},{"not_picked":["Dagger Spray+1","Poisoned Stab"],"picked":"Dodge and Roll","floor":48}],"player_experience":513614,"relics_obtained":[{"floor":6.0,"key":"Mango"},{"floor":8.0,"key":"Pantograph"},{"floor":9.0,"key":"Paper Crane"},{"floor":23.0,"key":"Prayer Wheel"},{"floor":25.0,"key":"Strawberry"},{"floor":26.0,"key":"Oddly Smooth Stone"},{"floor":29.0,"key":"Anchor"},{"floor":38,"key":"Du-Vu Doll"},{"floor":40,"key":"Omamori"},{"floor":43,"key":"War Paint"},{"floor":45,"key":"Singing Bowl"}],"event_choices":[{"damage_healed":0.0,"max_hp_gain":0.0,"max_hp_loss":0.0,"gold_gain":0.0,"event_name":"Shining Light","player_choice":"Entered Light","floor":3.0,"gold_loss":0.0,"damage_taken":14.0,"cards_upgraded":["Heel Hook","Survivor"]},{"damage_healed":0.0,"max_hp_gain":0.0,"max_hp_loss":0.0,"gold_gain":0.0,"cards_transformed":["Strike_G"],"event_name":"Living Wall","player_choice":"Change","floor":5.0,"gold_loss":0.0,"damage_taken":0.0,"cards_obtained":["Noxious Fumes"]},{"cards_removed":["Strike_G"],"damage_healed":0.0,"max_hp_gain":0.0,"max_hp_loss":0.0,"gold_gain":0.0,"event_name":"The Cleric","player_choice":"Card Removal","floor":10.0,"gold_loss":50.0,"damage_taken":0.0},{"damage_healed":0.0,"max_hp_gain":0.0,"max_hp_loss":0.0,"gold_gain":75.0,"event_name":"FaceTrader","player_choice":"Touch","floor":14.0,"gold_loss":0.0,"damage_taken":8.0},{"damage_healed":0.0,"max_hp_gain":0.0,"max_hp_loss":0.0,"gold_gain":0.0,"event_name":"Addict","player_choice":"Obtained Relic","floor":20.0,"gold_loss":85.0,"damage_taken":0.0,"relics_obtained":["Ornamental Fan"]},{"damage_healed":0.0,"max_hp_gain":0.0,"max_hp_loss":0.0,"gold_gain":100.0,"event_name":"Golden Shrine","player_choice":"Pray","floor":27.0,"gold_loss":0.0,"damage_taken":0.0},{"cards_removed":["Defend_G"],"damage_healed":0.0,"max_hp_gain":0.0,"max_hp_loss":0.0,"gold_gain":0.0,"event_name":"Falling","player_choice":"Removed Skill","floor":37.0,"gold_loss":0.0,"damage_taken":0.0},{"damage_healed":0,"gold_gain":0,"player_choice":"Fight","damage_taken":0,"max_hp_gain":0,"max_hp_loss":0,"event_name":"MindBloom","floor":38,"gold_loss":0},{"damage_healed":0,"gold_gain":0,"player_choice":"Upgraded","damage_taken":0,"max_hp_gain":0,"max_hp_loss":0,"event_name":"Upgrade Shrine","floor":39,"gold_loss":0,"cards_upgraded":["Wraith Form v2"]}],"is_beta":false,"boss_relics":[{"not_picked":["Calling Bell","HoveringKite"],"picked":"Ring of the Serpent"},{"not_picked":["Fusion Hammer","White Beast Statue"],"picked":"Eternal Feather"}],"items_purged_floors":[21,41],"is_endless":false,"potions_floor_spawned":[2,6,12,18,22,23,29,35,38,45,46],"ascension_level":5}