{"gold_per_floor":[19,19,44,9,30,73,73,117,199,199,199,235,250,325,325,325],"floor_reached":16,"playtime":558,"items_purged":[],"score":148,"play_id":"5c191eec-fe8d-4b66-b711-f288c115e573","local_time":"20190118095303","is_ascension_mode":true,"campfire_choices":[{"data":"Inflame","floor":7,"key":"SMITH"},{"data":"Evolve","floor":11,"key":"SMITH"},{"data":"Rampage","floor":15,"key":"SMITH"}],"neow_cost":"NO_GOLD","seed_source_timestamp":667950947193000,"circlet_count":0,"master_deck":["Strike_R","Strike_R","Strike_R","Strike_R","Strike_R","Defend_R","Defend_R","Defend_R","Defend_R","Bash","Havoc","Pommel Strike","Inflame+1","Evolve+1","Rampage+1","Thunderclap","Anger"],"relics":["Burning Blood","Gambling Chip","Golden Idol","Unceasing Top","Vajra","Gremlin Horn","Bottled Tornado"],"potions_floor_usage":[8,16],"damage_taken":[{"damage":3,"enemies":"Small Slimes","floor":1,"turns":4},{"damage":9,"enemies":"Jaw Worm","floor":3,"turns":4},{"damage":3,"enemies":"2 Louse","floor":5,"turns":2},{"damage":32,"enemies":"Gremlin Nob","floor":6,"turns":4},{"damage":20,"enemies":"Lagavulin","floor":8,"turns":5},{"damage":20,"enemies":"3 Sentries","floor":12,"turns":6},{"damage":13,"enemies":"Blue Slaver","floor":13,"turns":2},{"damage":18,"enemies":"Hexaghost","floor":16,"turns":5}],"seed_played":"-1978585060126352694","potions_obtained":[{"floor":6,"key":"SpeedPotion"},{"floor":8,"key":"Strength Potion"},{"floor":12,"key":"Ancient Potion"}],"is_trial":false,"path_per_floor":["M","?","M","?","M","E","R","E","T","?","R","E","M","?","R","B"],"character_chosen":"IRONCLAD","items_purchased":[],"campfire_rested":0,"item_purchase_floors":[],"current_hp_per_floor":[80,60,57,77,80,54,54,40,40,45,45,31,24,13,13,0],"gold":325,"neow_bonus":"ONE_RARE_RELIC","is_prod":false,"is_daily":false,"chose_seed":false,"campfire_upgraded":3,"win_rate":0,"timestamp":1547833983,"path_taken":["M","?","M","?","M","E","R","E","T","?","R","E","?","?","R","BOSS"],"build_version":"2019-01-17v2","purchased_purges":0,"victory":false,"max_hp_per_floor":[80,80,80,80,80,80,80,80,80,85,85,85,85,85,85,85],"card_choices":[{"not_picked":["Body Slam","Warcry"],"picked":"Havoc","floor":1},{"not_picked":["Twin Strike","Wild Strike"],"picked":"Pommel Strike","floor":3},{"not_picked":["Infernal Blade","Pommel Strike"],"picked":"Inflame","floor":5},{"not_picked":["Body Slam","Fiend Fire"],"picked":"Evolve","floor":6},{"not_picked":["Ghostly Armor","Anger"],"picked":"Rampage","floor":8},{"not_picked":["Body Slam","Dual Wield"],"picked":"Thunderclap","floor":12},{"not_picked":["Havoc","Fire Breathing"],"picked":"Anger","floor":13}],"player_experience":533068,"relics_obtained":[{"floor":6,"key":"Unceasing Top"},{"floor":8,"key":"Vajra"},{"floor":9,"key":"Gremlin Horn"},{"floor":12,"key":"Bottled Tornado"}],"event_choices":[{"damage_healed":0,"gold_gain":0,"player_choice":"Take Damage","damage_taken":20,"relics_obtained":["Golden Idol"],"max_hp_gain":0,"max_hp_loss":0,"event_name":"Golden Idol","floor":2,"gold_loss":0},{"damage_healed":20,"gold_gain":0,"player_choice":"Healed","damage_taken":0,"max_hp_gain":0,"max_hp_loss":0,"event_name":"The Cleric","floor":4,"gold_loss":35},{"damage_healed":0,"gold_gain":0,"player_choice":"Donut","damage_taken":0,"max_hp_gain":5,"max_hp_loss":0,"event_name":"Big Fish","floor":10,"gold_loss":0},{"damage_healed":0,"gold_gain":75,"player_choice":"Gather Gold","damage_taken":11,"max_hp_gain":0,"max_hp_loss":0,"event_name":"World of Goop","floor":14,"gold_loss":0}],"is_beta":false,"boss_relics":[],"items_purged_floors":[],"is_endless":false,"potions_floor_spawned":[6,8,12],"killed_by":"Hexaghost","ascension_level":5}