{"gold_per_floor":[219,219,231,36,36,36,70,85,85,102,116,116,130,164,164,164],"floor_reached":16,"playtime":695,"items_purged":["Strike_G"],"score":185,"play_id":"40b2429b-c25c-4f22-96b0-0b5199aefd45","local_time":"20190214040007","is_ascension_mode":true,"campfire_choices":[{"data":"1","floor":6.0,"key":"LIFT"},{"floor":12,"key":"REST"},{"data":"2","floor":15,"key":"LIFT"}],"neow_cost":"NONE","seed_source_timestamp":102429874605679,"circlet_count":0,"master_deck":["AscendersBane","Defend_G","Defend_G","Defend_G","Defend_G","Defend_G","Strike_G+1","Strike_G","Strike_G","Strike_G+1","Survivor","Neutralize","Flying Knee","Poisoned Stab","Footwork","Sucker Punch","Decay","Tactician","Slice","Noxious Fumes","Deflect","Well Laid Plans","Cloak And Dagger"],"special_seed":0,"relics":["Ring of the Snake","Girya","Whetstone","Blood Vial"],"potions_floor_usage":[14],"damage_taken":[{"damage":4.0,"enemies":"Small Slimes","floor":1.0,"turns":6.0},{"damage":7.0,"enemies":"Jaw Worm","floor":3.0,"turns":6.0},{"damage":36.0,"enemies":"Lagavulin","floor":7.0,"turns":10.0},{"damage":0.0,"enemies":"Cultist","floor":8.0,"turns":3.0},{"damage":1.0,"enemies":"2 Fungi Beasts","floor":10.0,"turns":3.0},{"damage":3.0,"enemies":"Exordium Thugs","floor":11.0,"turns":6.0},{"damage":3,"enemies":"Red Slaver","floor":13,"turns":4},{"damage":17,"enemies":"Gremlin Nob","floor":14,"turns":5},{"damage":31,"enemies":"The Guardian","floor":16,"turns":2}],"seed_played":"-4219684112063521596","potions_obtained":[{"floor":3.0,"key":"Fruit Juice"},{"floor":11,"key":"Weak Potion"},{"floor":14,"key":"EssenceOfSteel"}],"is_trial":false,"path_per_floor":["M","?","M","$","?","R","E","M","T","M","M","R","M","E","R","B"],"character_chosen":"THE_SILENT","items_purchased":["Footwork","Sucker Punch"],"campfire_rested":1,"item_purchase_floors":[4,4],"current_hp_per_floor":[59,47,45,45,45,45,9,9,9,8,5,27,24,7,7,0],"gold":164,"neow_bonus":"HUNDRED_GOLD","is_prod":false,"is_daily":false,"chose_seed":false,"campfire_upgraded":0,"win_rate":0,"timestamp":1550134807,"path_taken":["M","?","M","$","?","R","E","M","T","?","M","R","M","E","R","BOSS"],"build_version":"2019-01-23","purchased_purges":1,"victory":false,"max_hp_per_floor":[70,70,75,75,75,75,75,75,75,75,75,75,75,75,75,75],"card_choices":[{"not_picked":["Outmaneuver","Noxious Fumes"],"picked":"Flying Knee","floor":1.0},{"not_picked":["Escape Plan","Dodge and Roll"],"picked":"Poisoned Stab","floor":3.0},{"not_picked":["Outmaneuver","Blade Dance"],"picked":"Tactician","floor":7.0},{"not_picked":["Sucker Punch","PiercingWail"],"picked":"Slice","floor":8.0},{"not_picked":["PiercingWail","Sucker Punch"],"picked":"Noxious Fumes","floor":10.0},{"not_picked":["Acrobatics","Underhanded Strike"],"picked":"Deflect","floor":11},{"not_picked":["Acrobatics","Tools of the Trade"],"picked":"Well Laid Plans","floor":13},{"not_picked":["Bouncing Flask","Setup"],"picked":"Cloak And Dagger","floor":14}],"player_experience":419189,"relics_obtained":[{"floor":7.0,"key":"Whetstone"},{"floor":14,"key":"Blood Vial"}],"event_choices":[{"damage_healed":0.0,"max_hp_gain":0.0,"max_hp_loss":0.0,"gold_gain":0.0,"event_name":"Scrap Ooze","player_choice":"Success","floor":2.0,"gold_loss":0.0,"damage_taken":12.0,"relics_obtained":["Girya"]},{"damage_healed":0.0,"max_hp_gain":0.0,"max_hp_loss":0.0,"gold_gain":0.0,"event_name":"Wheel of Change","player_choice":"Cursed","floor":5.0,"gold_loss":0.0,"damage_taken":0.0,"cards_obtained":["Decay"]}],"is_beta":false,"boss_relics":[],"items_purged_floors":[4],"is_endless":false,"potions_floor_spawned":[3,11,14],"killed_by":"The Guardian","ascension_level":13}