{"gold_per_floor":[117,292,292,11,26,67,67,40,67,87,120,143,143,156,156,251,251,274,297,39,59,77,77,77],"floor_reached":24,"playtime":1281,"items_purged":["Doubt"],"score":354,"play_id":"f56828fe-ed1e-405d-bd17-1ce702adacd7","local_time":"20190112045757","is_ascension_mode":true,"campfire_choices":[{"floor":7,"key":"REST"},{"data":"Echo Form","floor":13,"key":"SMITH"},{"floor":15,"key":"RECALL"},{"floor":23,"key":"REST"}],"neow_cost":"PERCENT_DAMAGE","seed_source_timestamp":131121125508600,"circlet_count":0,"master_deck":["AscendersBane","Strike_B+1","Strike_B","Strike_B+1","Strike_B","Defend_B","Defend_B","Defend_B","Defend_B","Zap","Dualcast","Electrodynamics","BootSequence","Glacier","Coolheaded","Turbo","Coolheaded","Skim","Echo Form+1","Ball Lightning","Machine Learning","Leap+1","Meteor Strike","Fusion","Cold Snap+1","Reinforced Body+1"],"relics":["Cracked Core","Golden Idol","ClockworkSouvenir","Question Card","Blood Vial","Whetstone","Philosopher\u0027s Stone","PreservedInsect"],"potions_floor_usage":[11,11,16,16,24],"damage_taken":[{"damage":1,"enemies":"2 Louse","floor":1,"turns":3},{"damage":0,"enemies":"Jaw Worm","floor":5,"turns":3},{"damage":5,"enemies":"3 Sentries","floor":6,"turns":3},{"damage":0,"enemies":"Small Slimes","floor":10,"turns":4},{"damage":26,"enemies":"Gremlin Nob","floor":11,"turns":4},{"damage":0,"enemies":"2 Fungi Beasts","floor":12,"turns":4},{"damage":0,"enemies":"Looter","floor":14,"turns":3},{"damage":23,"enemies":"Slime Boss","floor":16,"turns":6},{"damage":0,"enemies":"Chosen","floor":18,"turns":4},{"damage":6,"enemies":"Spheric Guardian","floor":19,"turns":5},{"damage":37,"enemies":"Snake Plant","floor":21,"turns":6},{"damage":3,"enemies":"Cultist and Chosen","floor":22,"turns":5},{"damage":40,"enemies":"Gremlin Leader","floor":24,"turns":2}],"seed_played":"-2455123099650261338","potions_obtained":[{"floor":5,"key":"FocusPotion"},{"floor":6,"key":"PowerPotion"},{"floor":11,"key":"Weak Potion"},{"floor":14,"key":"Energy Potion"},{"floor":19,"key":"Strength Potion"},{"floor":22,"key":"Swift Potion"}],"is_trial":false,"path_per_floor":["M","?","?","$","M","E","R","$","T","M","E","M","R","M","R","B",null,"M","M","$","M","M","R","E"],"character_chosen":"DEFECT","items_purchased":["ClockworkSouvenir","Glacier","Turbo","PreservedInsect","Fusion"],"campfire_rested":2,"item_purchase_floors":[4,4,8,20,20],"current_hp_per_floor":[45,45,28,28,28,23,44,44,44,46,22,24,24,26,26,5,55,57,53,53,18,17,38,0],"gold":77,"neow_bonus":"THREE_RARE_CARDS","is_prod":false,"is_daily":false,"chose_seed":false,"campfire_upgraded":1,"win_rate":0,"timestamp":1547297877,"path_taken":["M","?","?","$","M","E","R","?","T","M","E","M","R","M","R","BOSS","M","M","$","M","M","R","E"],"build_version":"2019-01-10","purchased_purges":1,"victory":false,"max_hp_per_floor":[71,71,71,71,71,71,71,71,71,71,71,71,71,71,71,71,71,71,71,71,71,71,71,71],"card_choices":[{"not_picked":["Core Surge","Thunder Strike"],"picked":"Electrodynamics","floor":0},{"not_picked":["Barrage","Streamline"],"picked":"BootSequence","floor":1},{"not_picked":["Go for the Eyes","Rip and Tear"],"picked":"Coolheaded","floor":5},{"not_picked":["Barrage","Redo","Aggregate"],"picked":"SKIP","floor":6},{"not_picked":["Ball Lightning","Hologram","Auto Shields"],"picked":"Coolheaded","floor":10},{"not_picked":["Redo","Ball Lightning","Turbo"],"picked":"Skim","floor":11},{"not_picked":["Go for the Eyes","Genetic Algorithm","Leap"],"picked":"Echo Form","floor":12},{"not_picked":["Compile Driver","Streamline","Barrage"],"picked":"Ball Lightning","floor":14},{"not_picked":["Reboot","Amplify","All For One"],"picked":"Machine Learning","floor":16},{"not_picked":["Sweeping Beam","Hello World","Ball Lightning"],"picked":"Leap+1","floor":18},{"not_picked":["Turbo","Cold Snap","Streamline"],"picked":"Meteor Strike","floor":19},{"not_picked":["Redo+1","Gash+1","Leap"],"picked":"Cold Snap+1","floor":21},{"not_picked":["Skim+1","Coolheaded","Steam Power"],"picked":"Reinforced Body+1","floor":22}],"player_experience":446171,"relics_obtained":[{"floor":6,"key":"Question Card"},{"floor":9,"key":"Blood Vial"},{"floor":11,"key":"Whetstone"}],"event_choices":[{"damage_healed":0,"gold_gain":175,"player_choice":"AGREE","damage_taken":0,"max_hp_gain":0,"max_hp_loss":0,"event_name":"Liars Game","floor":2,"gold_loss":0,"cards_obtained":["Doubt"]},{"damage_healed":0,"gold_gain":0,"player_choice":"Take Damage","damage_taken":17,"relics_obtained":["Golden Idol"],"max_hp_gain":0,"max_hp_loss":0,"event_name":"Golden Idol","floor":3,"gold_loss":0}],"is_beta":false,"boss_relics":[{"not_picked":["Calling Bell","Empty Cage"],"picked":"Philosopher\u0027s Stone"}],"items_purged_floors":[20],"is_endless":false,"potions_floor_spawned":[5,6,10,11,14,19,22],"killed_by":"Gremlin Leader","ascension_level":14}