{"gold_per_floor":[114,131,142,142,142,186,54,54,54,54,75,75,95,115,115,209,209,223,24,24,24],"floor_reached":21,"playtime":1026,"items_purged":[],"score":295,"play_id":"d827cdb9-60de-411b-9b6a-5d28f9ceb4a4","local_time":"20181113020008","is_ascension_mode":true,"campfire_choices":[{"data":"Zap","floor":10,"key":"SMITH"},{"data":"Buffer","floor":12,"key":"SMITH"},{"floor":15,"key":"REST"}],"neow_cost":"PERCENT_DAMAGE","seed_source_timestamp":199511654516416,"circlet_count":0,"master_deck":["AscendersBane","Strike_B","Defend_B","Defend_B","Defend_B","Defend_B","Zap+1","Dualcast","Buffer+1","Glacier","Conserve Battery","Defragment+1","All For One","Chaos","Turbo","Cold Snap","Loop","Blizzard","Echo Form","Chill+1","Steam+1","White Noise+1","Conserve Battery","Coolheaded","Defragment"],"relics":["Cracked Core","Golden Idol","Ginger","WingedGreaves","Astrolabe","Bag of Preparation"],"potions_floor_usage":[6,14,21,21],"damage_taken":[{"damage":0,"enemies":"Cultist","floor":1,"turns":4},{"damage":0,"enemies":"Small Slimes","floor":2,"turns":4},{"damage":0,"enemies":"2 Louse","floor":3,"turns":3},{"damage":17,"enemies":"3 Sentries","floor":6,"turns":14},{"damage":0,"enemies":"Looter","floor":11,"turns":3},{"damage":0,"enemies":"3 Louse","floor":13,"turns":4},{"damage":3,"enemies":"Large Slime","floor":14,"turns":3},{"damage":10,"enemies":"Slime Boss","floor":16,"turns":12},{"damage":1,"enemies":"Shell Parasite","floor":18,"turns":6},{"damage":0,"enemies":"Colosseum Slavers","floor":21,"turns":7},{"damage":91,"enemies":"Colosseum Nobs","floor":21,"turns":6}],"seed_played":"3948767260364940566","potions_obtained":[{"floor":1,"key":"Weak Potion"},{"floor":2,"key":"EssenceOfSteel"},{"floor":16,"key":"SpeedPotion"},{"floor":18,"key":"Block Potion"}],"is_trial":false,"path_per_floor":["M","M","M","?","?","E","$","?","T","R","M","R","M","M","R","B",null,"M","$","?","?"],"character_chosen":"DEFECT","items_purchased":["Chaos","Turbo","Bag of Preparation","Coolheaded"],"campfire_rested":1,"item_purchase_floors":[7,7,19,19],"current_hp_per_floor":[50,50,50,50,32,15,15,15,15,15,15,15,15,12,34,24,62,61,61,61,0],"gold":24,"neow_bonus":"THREE_RARE_CARDS","is_prod":false,"is_daily":false,"chose_seed":false,"campfire_upgraded":2,"win_rate":0,"timestamp":1542103208,"path_taken":["M","M","?","?","?","E","$","?","T","R","M","R","M","M","R","BOSS","M","$","?","?"],"build_version":"2018-11-08","purchased_purges":0,"victory":false,"max_hp_per_floor":[75,75,75,75,75,75,75,75,75,75,75,75,75,75,75,75,75,75,75,75,75],"card_choices":[{"not_picked":["Rainbow","Fission"],"picked":"Buffer","floor":0},{"not_picked":["Loop","Beam Cell"],"picked":"Glacier","floor":1},{"not_picked":["Beam Cell","Cold Snap"],"picked":"Conserve Battery","floor":2},{"not_picked":["Barrage","Steam"],"picked":"Defragment","floor":3},{"not_picked":["Compile Driver","Recycle"],"picked":"All For One","floor":6},{"not_picked":["Force Field","Reinforced Body"],"picked":"Cold Snap","floor":11},{"not_picked":["Reinforced Body","Stack"],"picked":"Loop","floor":13},{"not_picked":["Stack","Ball Lightning"],"picked":"Blizzard","floor":14},{"not_picked":["Creative AI","Reboot"],"picked":"Echo Form","floor":16},{"not_picked":["Melter","Turbo"],"picked":"Conserve Battery","floor":18}],"player_experience":405191,"relics_obtained":[{"floor":6,"key":"Ginger"},{"floor":9,"key":"WingedGreaves"}],"event_choices":[{"damage_healed":0,"gold_gain":0,"player_choice":"Ignored","damage_taken":0,"max_hp_gain":0,"max_hp_loss":0,"event_name":"Liars Game","floor":4,"gold_loss":0},{"damage_healed":0,"gold_gain":0,"player_choice":"Take Damage","damage_taken":18,"relics_obtained":["Golden Idol"],"max_hp_gain":0,"max_hp_loss":0,"event_name":"Golden Idol","floor":5,"gold_loss":0},{"damage_healed":0,"gold_gain":0,"player_choice":"Grow","damage_taken":0,"max_hp_gain":0,"max_hp_loss":0,"event_name":"Living Wall","floor":8,"gold_loss":0,"cards_upgraded":["Defragment"]},{"damage_healed":0,"gold_gain":0,"player_choice":"Read","damage_taken":0,"max_hp_gain":0,"max_hp_loss":0,"event_name":"The Library","floor":20,"gold_loss":0,"cards_obtained":["Defragment"]},{"damage_healed":0,"gold_gain":0,"player_choice":"Fight","damage_taken":0,"max_hp_gain":0,"max_hp_loss":0,"event_name":"Colosseum","floor":21,"gold_loss":0},{"damage_healed":0,"gold_gain":0,"player_choice":"Fought Nobs","damage_taken":0,"max_hp_gain":0,"max_hp_loss":0,"event_name":"Colosseum","floor":21,"gold_loss":0}],"is_beta":false,"boss_relics":[{"not_picked":["Tiny House","Fusion Hammer"],"picked":"Astrolabe"}],"items_purged_floors":[],"is_endless":false,"potions_floor_spawned":[1,2,16,18],"killed_by":"Colosseum Nobs","ascension_level":13}