{"path_per_floor":["M","?","$","?","M","E","R","E","T","M","M","M","?"],"character_chosen":"THE_SILENT","items_purchased":["Unload"],"gold_per_floor":[111,186,25,25,38,70,70,99,126,141,159,172,172,202],"floor_reached":14,"campfire_rested":1,"playtime":1137,"item_purchase_floors":[3],"current_hp_per_floor":[32,21,21,21,18,2,23,9,9,9,9,7,7,0],"items_purged":[],"gold":202,"score":100,"play_id":"b6593e8f-401a-45de-a937-c300ef71acf2","local_time":"20180606025810","is_prod":false,"is_daily":false,"chose_seed":false,"is_ascension_mode":false,"campfire_upgraded":0,"win_rate":0.0,"timestamp":1528279090,"campfire_choices":[{"floor":7,"key":"REST"}],"path_taken":["M","?","$","?","M","E","R","E","T","M","M","M","?","?"],"build_version":"2018-05-31","seed_source_timestamp":263804603918251,"purchased_purges":0,"victory":false,"master_deck":["Defend_G","Defend_G","Defend_G","Defend_G","Strike_G","Strike_G","Strike_G","Strike_G","Survivor","Neutralize","PiercingWail","Glass Knife","Outmaneuver","Unload","Poisoned Stab","Poisoned Stab","Dagger Throw","Tools of the Trade","Blur","Deadly Poison","Escape Plan"],"max_hp_per_floor":[70,70,70,70,70,70,70,70,70,70,70,70,70,70],"relics":["Ring of the Snake","Dream Catcher","Tingsha","Juzu Bracelet","Anchor","Orichalcum"],"card_choices":[{"not_picked":["Flechettes","Slice"],"picked":"Outmaneuver","floor":1},{"not_picked":["Backflip","Dagger Spray"],"picked":"Poisoned Stab","floor":5},{"not_picked":["Terror","PiercingWail"],"picked":"Poisoned Stab","floor":6},{"not_picked":["Outmaneuver","Eviscerate"],"picked":"Dagger Throw","floor":7},{"not_picked":["Malaise","Leg Sweep"],"picked":"Tools of the Trade","floor":8},{"not_picked":["Predator","Blade Dance"],"picked":"Blur","floor":10},{"not_picked":["Underhanded Strike","Footwork"],"picked":"Deadly Poison","floor":11},{"not_picked":["Leg Sweep","Flechettes"],"picked":"Escape Plan","floor":12}],"player_experience":31330,"potions_floor_usage":[6,6,14],"damage_taken":[{"damage":3,"enemies":"Jaw Worm","floor":1,"turns":3},{"damage":3,"enemies":"Small Slimes","floor":5,"turns":3},{"damage":16,"enemies":"Gremlin Nob","floor":6,"turns":4},{"damage":14,"enemies":"Lagavulin","floor":8,"turns":5},{"damage":0,"enemies":"Cultist","floor":10,"turns":2},{"damage":0,"enemies":"Looter","floor":11,"turns":2},{"damage":2,"enemies":"Blue Slaver","floor":12,"turns":3},{"damage":12,"enemies":"Lagavulin Event","floor":14,"turns":3}],"relics_obtained":[{"floor":6,"key":"Tingsha"},{"floor":8,"key":"Juzu Bracelet"},{"floor":9,"key":"Anchor"}],"event_choices":[{"event_name":"World of Goop","player_choice":"Gather Gold","floor":2,"damage_taken":0},{"event_name":"Big Fish","player_choice":"Box","floor":4,"damage_taken":0},{"event_name":"Fountain of Cleansing","player_choice":"Removed Curse","floor":13,"damage_taken":0},{"event_name":"Dead Adventurer","player_choice":"Searched \u00273\u0027 times","floor":14,"damage_taken":0}],"boss_relics":[],"items_purged_floors":[],"potions_floor_spawned":[1,5,11,12],"seed_played":"-5726469209001121896","killed_by":"Lagavulin Event","ascension_level":0,"potions_obtained":[{"floor":1,"key":"SkillPotion"},{"floor":5,"key":"GamblersBrew"},{"floor":11,"key":"Fire Potion"},{"floor":12,"key":"Energy Potion"}],"is_trial":false}