{"gold_per_floor":[112,112,37,37,37,69,69,103,126,140,160,160,178,196,196,196],"floor_reached":16,"playtime":338,"items_purged":["Defend_R"],"score":320,"play_id":"5bb002db-5244-4939-85d3-7d28df5a23a7","local_time":"20181030154621","is_ascension_mode":true,"campfire_choices":[{"data":"Defend_R","floor":7.0,"key":"SMITH"},{"data":"Defend_R","floor":12.0,"key":"SMITH"},{"data":"Whirlwind","floor":15.0,"key":"SMITH"}],"neow_cost":"NONE","seed_source_timestamp":1458850330722743,"circlet_count":0,"master_deck":["Strike_R","Strike_R","Strike_R","Strike_R","Defend_R+1","Defend_R+1","Defend_R","Bash+1","AscendersBane","Regret","Battle Trance","Shockwave","Whirlwind+1"],"special_seed":0,"relics":["Burning Blood","NeowsBlessing","FossilizedHelix","Bag of Marbles","Frozen Egg 2","Strawberry"],"potions_floor_usage":[16],"damage_taken":[{"damage":0.0,"enemies":"Small Slimes","floor":1.0,"turns":1.0},{"damage":0.0,"enemies":"Lagavulin","floor":6.0,"turns":1.0},{"damage":0.0,"enemies":"3 Sentries","floor":8.0,"turns":2.0},{"damage":11.0,"enemies":"Jaw Worm","floor":10.0,"turns":3.0},{"damage":4.0,"enemies":"2 Louse","floor":11.0,"turns":3.0},{"damage":7.0,"enemies":"Red Slaver","floor":13.0,"turns":3.0},{"damage":9.0,"enemies":"2 Fungi Beasts","floor":14.0,"turns":5.0},{"damage":76,"enemies":"Hexaghost","floor":16,"turns":10}],"seed_played":"-3803369370548096855","potions_obtained":[{"floor":1.0,"key":"BloodPotion"},{"floor":10.0,"key":"SkillPotion"},{"floor":11.0,"key":"Ancient Potion"}],"is_trial":false,"path_per_floor":["M","?","$","?","?","E","R","E","T","M","M","R","M","M","R"],"character_chosen":"IRONCLAD","items_purchased":[],"campfire_rested":0,"item_purchase_floors":[],"current_hp_per_floor":[74,67,67,67,67,73,73,75,82,77,79,79,78,75,75,0],"gold":196,"neow_bonus":"THREE_ENEMY_KILL","is_prod":false,"is_daily":false,"chose_seed":false,"campfire_upgraded":3,"win_rate":0,"timestamp":1540939581,"path_taken":["M","?","$","?","?","E","R","E","T","?","M","R","M","M","R","BOSS"],"build_version":"2018-10-25v2","purchased_purges":1,"victory":false,"max_hp_per_floor":[75,75,75,75,75,75,75,75,82,82,82,82,82,82,82,82],"card_choices":[{"not_picked":["Power Through","Flex","Reckless Charge"],"picked":"SKIP","floor":1.0},{"not_picked":["Cleave","Twin Strike","Sentinel"],"picked":"SKIP","floor":6.0},{"not_picked":["Combust","Entrench"],"picked":"Battle Trance","floor":8.0},{"not_picked":["Warcry","Sword Boomerang","Reckless Charge"],"picked":"SKIP","floor":10.0},{"not_picked":["Entrench","Dual Wield","Iron Wave"],"picked":"SKIP","floor":11.0},{"not_picked":["Clash","Armaments"],"picked":"Shockwave","floor":13.0},{"not_picked":["True Grit","Dual Wield"],"picked":"Whirlwind","floor":14.0}],"player_experience":573973,"relics_obtained":[{"floor":6.0,"key":"Bag of Marbles"},{"floor":8.0,"key":"Frozen Egg 2"},{"floor":9.0,"key":"Strawberry"}],"event_choices":[{"cards_removed":["Strike_R"],"damage_healed":0.0,"max_hp_gain":0.0,"max_hp_loss":0.0,"gold_gain":0.0,"event_name":"Golden Wing","player_choice":"Card Removal","floor":2.0,"gold_loss":0.0,"damage_taken":7.0},{"damage_healed":0.0,"max_hp_gain":0.0,"max_hp_loss":0.0,"gold_gain":0.0,"event_name":"Upgrade Shrine","player_choice":"Upgraded","floor":4.0,"gold_loss":0.0,"damage_taken":0.0,"cards_upgraded":["Bash"]},{"damage_healed":0.0,"max_hp_gain":0.0,"max_hp_loss":0.0,"gold_gain":0.0,"event_name":"Big Fish","player_choice":"Box","floor":5.0,"gold_loss":0.0,"damage_taken":0.0,"relics_obtained":["FossilizedHelix"],"cards_obtained":["Regret"]}],"is_beta":false,"boss_relics":[],"items_purged_floors":[3],"is_endless":false,"potions_floor_spawned":[1,10,11,14],"killed_by":"Hexaghost","ascension_level":20}