{"gold_per_floor":[111,124,3,23,41,74,86,114,126,138,170,182,205,250,262,376,388,417,442,472,484],"floor_reached":21,"playtime":1104,"items_purged":[],"score":283,"play_id":"a88441f6-4154-4138-ab49-a64dbf56790b","local_time":"20190217172611","is_ascension_mode":true,"campfire_choices":[{"data":"Hemokinesis","floor":7,"key":"SMITH"},{"data":"Spot Weakness","floor":10,"key":"SMITH"},{"data":"Combust","floor":12,"key":"SMITH"},{"data":"Bash","floor":15,"key":"SMITH"}],"neow_cost":"NONE","seed_source_timestamp":976831150551300,"circlet_count":0,"master_deck":["Strike_R","Strike_R","Strike_R","Strike_R","Strike_R","Defend_R","Defend_R","Defend_R","Defend_R","Bash+1","Intimidate","Hemokinesis+1","Shrug It Off","Dropkick","Spot Weakness+1","Pommel Strike","Combust+1","Blood for Blood","Fiend Fire","Battle Trance","Heavy Blade","Limit Break","Warcry","Rampage+1","Dual Wield"],"relics":["Burning Blood","MawBank","Pantograph","Oddly Smooth Stone","Fusion Hammer"],"potions_floor_usage":[1,14,20,20],"damage_taken":[{"damage":6,"enemies":"Jaw Worm","floor":1,"turns":6},{"damage":4,"enemies":"2 Louse","floor":2,"turns":4},{"damage":0,"enemies":"Small Slimes","floor":4,"turns":2},{"damage":10,"enemies":"Gremlin Gang","floor":5,"turns":6},{"damage":31,"enemies":"Gremlin Nob","floor":6,"turns":4},{"damage":13,"enemies":"Lots of Slimes","floor":8,"turns":5},{"damage":13,"enemies":"Exordium Thugs","floor":11,"turns":4},{"damage":8,"enemies":"Blue Slaver","floor":13,"turns":3},{"damage":27,"enemies":"3 Sentries","floor":14,"turns":5},{"damage":45,"enemies":"Slime Boss","floor":16,"turns":9},{"damage":2,"enemies":"Spheric Guardian","floor":18,"turns":3},{"damage":29,"enemies":"2 Thieves","floor":19,"turns":3},{"damage":25,"enemies":"Snake Plant","floor":20,"turns":3},{"damage":36,"enemies":"Masked Bandits","floor":21,"turns":3}],"seed_played":"-1013551225875417187","potions_obtained":[{"floor":1,"key":"Fruit Juice"},{"floor":2,"key":"Strength Potion"},{"floor":4,"key":"PowerPotion"},{"floor":6,"key":"LiquidBronze"},{"floor":16,"key":"Fire Potion"}],"is_trial":false,"path_per_floor":["M","M","$","M","M","E","R","M","T","R","M","R","M","E","R","B",null,"M","M","M","?"],"character_chosen":"IRONCLAD","items_purchased":["Shrug It Off","Dropkick"],"campfire_rested":0,"item_purchase_floors":[3,3],"current_hp_per_floor":[85,87,87,93,89,64,64,57,57,57,50,50,48,27,27,13,73,77,54,35,0],"gold":484,"neow_bonus":"TEN_PERCENT_HP_BONUS","is_prod":false,"is_daily":false,"chose_seed":false,"campfire_upgraded":4,"win_rate":0,"timestamp":1550453171,"path_taken":["M","M","$","M","M","E","R","M","T","R","M","R","M","E","R","BOSS","M","M","M","?"],"build_version":"2019-01-23","purchased_purges":0,"victory":false,"max_hp_per_floor":[93,93,93,93,93,93,93,93,93,93,93,93,93,93,93,93,93,93,93,93,93],"card_choices":[{"not_picked":["Burning Pact","Hemokinesis"],"picked":"Intimidate","floor":1},{"not_picked":["Shockwave","Sword Boomerang"],"picked":"Hemokinesis","floor":2},{"not_picked":["Ghostly Armor","Power Through"],"picked":"Spot Weakness","floor":4},{"not_picked":["Heavy Blade","Whirlwind"],"picked":"Pommel Strike","floor":5},{"not_picked":["Sentinel","Twin Strike"],"picked":"Combust","floor":6},{"not_picked":["Hemokinesis","Warcry"],"picked":"Blood for Blood","floor":8},{"not_picked":["Havoc","Wild Strike"],"picked":"Fiend Fire","floor":11},{"not_picked":["Heavy Blade","Pummel"],"picked":"Battle Trance","floor":13},{"not_picked":["Whirlwind","Cleave"],"picked":"Heavy Blade","floor":14},{"not_picked":["Offering","Feed"],"picked":"Limit Break","floor":16},{"not_picked":["Shockwave+1","Wild Strike"],"picked":"Warcry","floor":18},{"not_picked":["Body Slam","Cleave+1"],"picked":"Rampage+1","floor":19},{"not_picked":["Rampage+1","Body Slam+1"],"picked":"Dual Wield","floor":20}],"player_experience":719136,"relics_obtained":[{"floor":6,"key":"MawBank"},{"floor":9,"key":"Pantograph"},{"floor":14,"key":"Oddly Smooth Stone"}],"event_choices":[{"damage_healed":0,"gold_gain":0,"player_choice":"Fought Bandits","damage_taken":0,"max_hp_gain":0,"max_hp_loss":0,"event_name":"Masked Bandits","floor":21,"gold_loss":0}],"is_beta":false,"boss_relics":[{"not_picked":["Orrery","Runic Dome"],"picked":"Fusion Hammer"}],"items_purged_floors":[],"is_endless":false,"potions_floor_spawned":[1,2,4,6,16,18,19],"killed_by":"Masked Bandits","ascension_level":9}