{"gold_per_floor":[110,60,80,155,165,193,193,213,213,247,247,265,292,309,309,309],"floor_reached":16,"playtime":1379,"items_purged":[],"score":159,"play_id":"9c247c53-2e77-4887-9b03-efc5962fff47","local_time":"20190212173459","is_ascension_mode":true,"campfire_choices":[{"data":"Backflip","floor":7,"key":"SMITH"},{"data":"Cloak And Dagger","floor":15,"key":"SMITH"}],"neow_cost":"NONE","seed_source_timestamp":233398128493496,"circlet_count":0,"master_deck":["Defend_G","Defend_G","Defend_G","Defend_G","Defend_G","Strike_G","Strike_G","Strike_G","Survivor","Neutralize","Backflip","Backflip+1","Dodge and Roll","Backflip","Leg Sweep","Cloak And Dagger+1","Dagger Throw"],"relics":["Ring of the Snake","Boot","Shuriken","Meat on the Bone","Nunchaku"],"potions_floor_usage":[10,10,10,13],"damage_taken":[{"damage":1,"enemies":"2 Louse","floor":1,"turns":5},{"damage":0,"enemies":"Cultist","floor":3,"turns":5},{"damage":0,"enemies":"Jaw Worm","floor":5,"turns":7},{"damage":19,"enemies":"3 Sentries","floor":6,"turns":19},{"damage":0,"enemies":"Blue Slaver","floor":8,"turns":6},{"damage":21,"enemies":"Gremlin Nob","floor":10,"turns":7},{"damage":1,"enemies":"Large Slime","floor":12,"turns":10},{"damage":7,"enemies":"3 Sentries","floor":13,"turns":17},{"damage":3,"enemies":"Lots of Slimes","floor":14,"turns":9},{"damage":46,"enemies":"Hexaghost","floor":16,"turns":14}],"seed_played":"7606840943573187107","potions_obtained":[{"floor":3,"key":"Swift Potion"},{"floor":6,"key":"Ancient Potion"},{"floor":8,"key":"Energy Potion"},{"floor":10,"key":"GamblersBrew"}],"is_trial":false,"path_per_floor":["M","?","M","?","M","E","R","M","T","E","?","M","E","M","R","B"],"character_chosen":"THE_SILENT","items_purchased":[],"campfire_rested":0,"item_purchase_floors":[],"current_hp_per_floor":[69,69,69,58,58,39,39,39,39,18,18,29,34,43,43,0],"gold":309,"neow_bonus":"TEN_PERCENT_HP_BONUS","is_prod":false,"is_daily":false,"chose_seed":false,"campfire_upgraded":2,"win_rate":0,"timestamp":1549982099,"path_taken":["M","?","M","?","M","E","R","M","T","E","?","?","E","M","R","BOSS"],"build_version":"2019-01-23","purchased_purges":0,"victory":false,"max_hp_per_floor":[77,77,77,77,77,77,77,77,77,77,77,77,77,77,77,77],"card_choices":[{"not_picked":["Blade Dance","Tactician"],"picked":"Backflip","floor":1},{"not_picked":["Outmaneuver","Distraction"],"picked":"Backflip","floor":3},{"not_picked":["Outmaneuver","Setup"],"picked":"Dodge and Roll","floor":5},{"not_picked":["Dagger Throw","Phantasmal Killer"],"picked":"Backflip","floor":6},{"not_picked":["Acrobatics","Dagger Throw"],"picked":"Leg Sweep","floor":8},{"not_picked":["Poisoned Stab","Flying Knee"],"picked":"Cloak And Dagger","floor":10},{"not_picked":["Outmaneuver","Quick Slash"],"picked":"Dagger Throw","floor":12},{"not_picked":["Acrobatics","Reflex","Poisoned Stab"],"picked":"SKIP","floor":13},{"not_picked":["Predator","Outmaneuver","Dagger Spray"],"picked":"SKIP","floor":14}],"player_experience":277297,"relics_obtained":[{"floor":6,"key":"Boot"},{"floor":9,"key":"Shuriken"},{"floor":10,"key":"Meat on the Bone"},{"floor":13,"key":"Nunchaku"}],"event_choices":[{"cards_removed":["Strike_G"],"damage_healed":0,"gold_gain":0,"player_choice":"Card Removal","damage_taken":0,"max_hp_gain":0,"max_hp_loss":0,"event_name":"The Cleric","floor":2,"gold_loss":50},{"damage_healed":0,"gold_gain":75,"player_choice":"Gather Gold","damage_taken":11,"max_hp_gain":0,"max_hp_loss":0,"event_name":"World of Goop","floor":4,"gold_loss":0},{"cards_removed":["Strike_G"],"damage_healed":0,"gold_gain":0,"player_choice":"Purged","damage_taken":0,"max_hp_gain":0,"max_hp_loss":0,"event_name":"Purifier","floor":11,"gold_loss":0}],"is_beta":false,"boss_relics":[],"items_purged_floors":[],"is_endless":false,"potions_floor_spawned":[3,6,8,10],"killed_by":"Hexaghost","ascension_level":6}