{"gold_per_floor":[113,113,127,142,157,187,187,212,212,232,250,265,265,298,298,402,402,417,121,131,46,46,80,80,115,115,115,140,157,157,157,157,260,260,275,289,302,272,286,320,320,347,399,36,50,70,89,89,89,89,89,89,9,34,34],"floor_reached":56,"playtime":5166,"items_purged":["Strike_G","Strike_G"],"score":1465,"play_id":"5faf4039-8914-4e68-903b-1a750f2ad25d","local_time":"20190201013406","is_ascension_mode":true,"campfire_choices":[{"data":"Cloak And Dagger","floor":7.0,"key":"SMITH"},{"floor":15.0,"key":"RECALL"},{"floor":27.0,"key":"REST"},{"data":"Infinite Blades","floor":32.0,"key":"SMITH"},{"data":"After Image","floor":41.0,"key":"SMITH"},{"data":"Accuracy","floor":49.0,"key":"SMITH"},{"data":"Footwork","floor":52,"key":"SMITH"}],"neow_cost":"NONE","seed_source_timestamp":0,"circlet_count":0,"master_deck":["Defend_G","Defend_G","Defend_G","Defend_G","Defend_G","Strike_G","Strike_G","Survivor","Neutralize+1","Dodge and Roll","Cloak And Dagger+1","Blur","Well Laid Plans","Die Die Die","Prepared","Cloak And Dagger","Accuracy","Footwork","Infinite Blades+1","Calculated Gamble","Dodge and Roll","Die Die Die","PiercingWail","Footwork+1","Terror","PiercingWail","Backflip","Escape Plan","After Image+1","Accuracy+1","Dodge and Roll","Prepared","A Thousand Cuts","Setup+1","Prepared+1","Slice","Blade Dance+1","Cloak And Dagger+1","Backflip+1","Slice+1","Infinite Blades+1","Adrenaline","Blade Dance+1","Outmaneuver+1","Dodge and Roll","Footwork"],"special_seed":0,"relics":["Ring of the Snake","Prayer Wheel","Orichalcum","Ninja Scroll","Ice Cream","Black Star","Bag of Preparation","Potion Belt","Nilry\u0027s Codex","Incense Burner","Shuriken","Mango","Paper Crane","The Courier","Lantern","Mummified Hand","MutagenicStrength","WristBlade","Happy Flower","Meat on the Bone","Snake Skull","Omamori","Vajra","DollysMirror","Pear","Pantograph","Pocketwatch"],"potions_floor_usage":[55,55,55,55],"damage_taken":[{"damage":0.0,"enemies":"Jaw Worm","floor":1.0,"turns":4.0},{"damage":0.0,"enemies":"Cultist","floor":3.0,"turns":4.0},{"damage":0.0,"enemies":"Small Slimes","floor":4.0,"turns":3.0},{"damage":3.0,"enemies":"Looter","floor":5.0,"turns":3.0},{"damage":20.0,"enemies":"3 Sentries","floor":6.0,"turns":17.0},{"damage":17.0,"enemies":"Gremlin Nob","floor":8.0,"turns":6.0},{"damage":0.0,"enemies":"3 Louse","floor":10.0,"turns":3.0},{"damage":0.0,"enemies":"2 Fungi Beasts","floor":11.0,"turns":2.0},{"damage":2.0,"enemies":"Gremlin Gang","floor":12.0,"turns":6.0},{"damage":8.0,"enemies":"3 Sentries","floor":14.0,"turns":9.0},{"damage":4.0,"enemies":"Hexaghost","floor":16.0,"turns":13.0},{"damage":0.0,"enemies":"Chosen","floor":18.0,"turns":5.0},{"damage":14.0,"enemies":"Spheric Guardian","floor":20.0,"turns":6.0},{"damage":39.0,"enemies":"Gremlin Leader","floor":23.0,"turns":12.0},{"damage":3.0,"enemies":"Slavers","floor":25.0,"turns":10.0},{"damage":5.0,"enemies":"Book of Stabbing","floor":28.0,"turns":7.0},{"damage":0.0,"enemies":"Centurion and Healer","floor":29.0,"turns":8.0},{"damage":34.0,"enemies":"Automaton","floor":33.0,"turns":10.0},{"damage":0.0,"enemies":"3 Darklings","floor":35.0,"turns":3.0},{"damage":0.0,"enemies":"3 Shapes","floor":36.0,"turns":3.0},{"damage":8.0,"enemies":"Transient","floor":37.0,"turns":5.0},{"damage":0.0,"enemies":"Spire Growth","floor":39.0,"turns":3.0},{"damage":0.0,"enemies":"Reptomancer","floor":40.0,"turns":2.0},{"damage":0.0,"enemies":"Giant Head","floor":42.0,"turns":6.0},{"damage":0.0,"enemies":"3 Darklings","floor":45.0,"turns":3.0},{"damage":0.0,"enemies":"4 Shapes","floor":46.0,"turns":3.0},{"damage":0.0,"enemies":"Transient","floor":47.0,"turns":5.0},{"damage":34.0,"enemies":"Time Eater","floor":50.0,"turns":11.0},{"damage":6,"enemies":"Shield and Spear","floor":54,"turns":6},{"damage":6,"enemies":"The Heart","floor":55,"turns":8}],"seed_played":"-5657838979018884427","potions_obtained":[{"floor":3.0,"key":"FearPotion"},{"floor":5.0,"key":"Dexterity Potion"},{"floor":6.0,"key":"EntropicBrew"},{"floor":12.0,"key":"GamblersBrew"},{"floor":16.0,"key":"SkillPotion"},{"floor":20.0,"key":"SkillPotion"},{"floor":23.0,"key":"Dexterity Potion"},{"floor":35.0,"key":"EssenceOfSteel"},{"floor":36.0,"key":"Ancient Potion"},{"floor":37.0,"key":"LiquidBronze"},{"floor":38.0,"key":"Energy Potion"},{"floor":38.0,"key":"EssenceOfSteel"},{"floor":54,"key":"GhostInAJar"}],"is_trial":false,"path_per_floor":["M","?","M","M","M","E","R","E","T","M","M","M","?","E","R","B",null,"M","$","M","?","?","E","?","E","T","R","E","M","?","?","R","B",null,"M","M","M","?","M","E","R","E","T","$","M","M","M","?","R","B",null,"R","$","E","B",null],"character_chosen":"THE_SILENT","items_purchased":["Bag of Preparation","Terror","DollysMirror","Pear"],"campfire_rested":1,"item_purchase_floors":[19,19,44,44],"current_hp_per_floor":[77,77,77,77,74,54,54,37,37,37,37,35,35,27,27,23,77,77,77,63,63,47,8,8,19,19,46,41,41,41,91,91,57,91,91,91,83,83,83,83,83,83,83,93,93,93,93,93,93,59,101,101,101,95,95],"gold":34,"neow_bonus":"TEN_PERCENT_HP_BONUS","is_prod":false,"is_daily":false,"chose_seed":false,"campfire_upgraded":5,"win_rate":0,"timestamp":1548974046,"path_taken":["M","?","?","M","M","E","R","E","T","?","M","M","?","E","R","BOSS","M","$","M","?","?","E","?","E","T","R","E","M","?","?","R","BOSS","M","?","M","?","M","E","R","E","T","$","M","?","M","?","R","BOSS","R","$","E","BOSS"],"build_version":"2019-01-23","purchased_purges":2,"victory":true,"max_hp_per_floor":[77,77,77,77,77,77,77,77,77,77,77,77,77,77,77,77,77,77,77,77,77,77,77,77,91,91,91,91,91,91,91,91,91,91,91,91,91,91,91,91,91,91,91,101,101,101,101,101,101,101,101,101,101,101,101],"card_choices":[{"not_picked":["Masterful Stab","Dash"],"picked":"Dodge and Roll","floor":1.0},{"not_picked":["Terror","Dagger Throw"],"picked":"Cloak And Dagger","floor":3.0},{"not_picked":["Dodge and Roll","Backflip"],"picked":"Blur","floor":4.0},{"not_picked":["Underhanded Strike","Dagger Throw"],"picked":"Well Laid Plans","floor":5.0},{"not_picked":["Choke","Dagger Throw"],"picked":"Die Die Die","floor":6.0},{"not_picked":["Setup","Dagger Throw"],"picked":"Prepared","floor":8.0},{"not_picked":["Poisoned Stab","Dagger Spray"],"picked":"Expertise","floor":10.0},{"not_picked":["Finisher","Poisoned Stab"],"picked":"Cloak And Dagger","floor":10.0},{"not_picked":["Deflect","Calculated Gamble"],"picked":"Accuracy","floor":11.0},{"not_picked":["Reflex","Bane"],"picked":"Footwork","floor":11.0},{"not_picked":["PiercingWail","Slice"],"picked":"Infinite Blades","floor":12.0},{"not_picked":["Deflect","Outmaneuver"],"picked":"Calculated Gamble","floor":12.0},{"not_picked":["Catalyst","Endless Agony"],"picked":"Dodge and Roll","floor":14.0},{"not_picked":["Bullet Time","Glass Knife"],"picked":"Die Die Die","floor":16.0},{"not_picked":["Noxious Fumes","Eviscerate+1"],"picked":"PiercingWail","floor":18.0},{"not_picked":["Deflect","Underhanded Strike"],"picked":"Footwork","floor":18.0},{"not_picked":["Dagger Spray","Bane+1"],"picked":"PiercingWail","floor":20.0},{"not_picked":["Bane","Heel Hook+1"],"picked":"Backflip","floor":20.0},{"not_picked":["Flying Knee","Caltrops"],"picked":"Escape Plan","floor":23.0},{"not_picked":["Masterful Stab","Poisoned Stab"],"picked":"After Image","floor":25.0},{"not_picked":["Sucker Punch","Blade Dance"],"picked":"Accuracy","floor":28.0},{"not_picked":["Quick Slash","PiercingWail+1"],"picked":"Dodge and Roll","floor":29.0},{"not_picked":["Bouncing Flask","Deadly Poison+1"],"picked":"Prepared","floor":29.0},{"not_picked":["Phantasmal Killer","Envenom"],"picked":"A Thousand Cuts","floor":33.0},{"not_picked":["Dagger Spray","Bane"],"picked":"Setup+1","floor":35.0},{"not_picked":["Leg Sweep","PiercingWail+1"],"picked":"Prepared+1","floor":35.0},{"not_picked":["Poisoned Stab","Crippling Poison"],"picked":"Slice","floor":36.0},{"not_picked":["PiercingWail","Concentrate","Poisoned Stab"],"picked":"SKIP","floor":36.0},{"not_picked":["Predator","Cloak And Dagger"],"picked":"Blade Dance+1","floor":37.0},{"not_picked":["Riddle With Holes","Quick Slash","Acrobatics+1"],"picked":"SKIP","floor":37.0},{"not_picked":["PiercingWail+1","Well Laid Plans"],"picked":"Cloak And Dagger+1","floor":39.0},{"not_picked":["Dagger Spray+1","Concentrate"],"picked":"Backflip+1","floor":39.0},{"not_picked":["Catalyst+1","Slice","Quick Slash+1"],"picked":"SKIP","floor":40.0},{"not_picked":["PiercingWail+1","Bouncing Flask"],"picked":"Slice+1","floor":42.0},{"not_picked":["Terror","Prepared+1"],"picked":"Adrenaline","floor":45.0},{"not_picked":["Sucker Punch+1","Flying Knee"],"picked":"Blade Dance+1","floor":45.0},{"not_picked":["PiercingWail","Dash+1"],"picked":"Outmaneuver+1","floor":46.0},{"not_picked":["Acrobatics+1","Quick Slash","Dagger Spray+1"],"picked":"SKIP","floor":46.0},{"not_picked":["Noxious Fumes","Outmaneuver"],"picked":"Dodge and Roll","floor":47.0},{"not_picked":["Masterful Stab+1","Calculated Gamble","Concentrate"],"picked":"SKIP","floor":47.0},{"not_picked":["Cloak And Dagger+1","PiercingWail"],"picked":"Footwork","floor":54}],"player_experience":224321,"relics_obtained":[{"floor":6.0,"key":"Prayer Wheel"},{"floor":8.0,"key":"Orichalcum"},{"floor":14.0,"key":"Ice Cream"},{"floor":22.0,"key":"Nilry\u0027s Codex"},{"floor":23.0,"key":"Incense Burner"},{"floor":23.0,"key":"Shuriken"},{"floor":25.0,"key":"Mango"},{"floor":25.0,"key":"Paper Crane"},{"floor":26.0,"key":"The Courier"},{"floor":28.0,"key":"Lantern"},{"floor":28.0,"key":"Mummified Hand"},{"floor":40.0,"key":"Happy Flower"},{"floor":40.0,"key":"Meat on the Bone"},{"floor":42.0,"key":"Snake Skull"},{"floor":42.0,"key":"Omamori"},{"floor":43.0,"key":"Vajra"},{"floor":54,"key":"Pantograph"},{"floor":54,"key":"Pocketwatch"}],"event_choices":[{"damage_healed":0.0,"max_hp_gain":0.0,"max_hp_loss":0.0,"gold_gain":0.0,"event_name":"Upgrade Shrine","player_choice":"Upgraded","floor":2.0,"gold_loss":0.0,"damage_taken":0.0,"cards_upgraded":["Neutralize"]},{"damage_healed":0.0,"max_hp_gain":0.0,"max_hp_loss":0.0,"gold_gain":0.0,"event_name":"WeMeetAgain","player_choice":"Gave Potion","floor":13.0,"gold_loss":0.0,"damage_taken":0.0,"relics_obtained":["Ninja Scroll"]},{"damage_healed":0.0,"max_hp_gain":0.0,"max_hp_loss":0.0,"gold_gain":0.0,"event_name":"Addict","player_choice":"Obtained Relic","floor":21.0,"gold_loss":85.0,"damage_taken":0.0,"relics_obtained":["Potion Belt"]},{"damage_healed":0.0,"max_hp_gain":0.0,"max_hp_loss":0.0,"gold_gain":0.0,"event_name":"Cursed Tome","player_choice":"Obtained Book","floor":22.0,"gold_loss":0.0,"damage_taken":16.0},{"damage_healed":0.0,"max_hp_gain":0.0,"max_hp_loss":0.0,"gold_gain":0.0,"event_name":"Vampires","player_choice":"Ignored","floor":24.0,"gold_loss":0.0,"damage_taken":0.0},{"damage_healed":0.0,"max_hp_gain":0.0,"max_hp_loss":0.0,"gold_gain":0.0,"event_name":"Drug Dealer","player_choice":"Inject Mutagens","floor":30.0,"gold_loss":0.0,"damage_taken":0.0,"relics_obtained":["MutagenicStrength"]},{"cards_removed":["Expertise"],"damage_healed":50.0,"max_hp_gain":0.0,"max_hp_loss":0.0,"gold_gain":0.0,"event_name":"Bonfire Elementals","player_choice":"Offered Uncommon","floor":31.0,"gold_loss":0.0,"damage_taken":0.0},{"damage_healed":0.0,"max_hp_gain":0.0,"max_hp_loss":0.0,"gold_gain":0.0,"event_name":"The Woman in Blue","player_choice":"Bought 2 Potions","floor":38.0,"gold_loss":0.0,"damage_taken":0.0},{"cards_removed":["Strike_G"],"damage_healed":0.0,"max_hp_gain":0.0,"max_hp_loss":0.0,"gold_gain":0.0,"event_name":"Purifier","player_choice":"Purged","floor":48.0,"gold_loss":0.0,"damage_taken":0.0}],"is_beta":false,"boss_relics":[{"not_picked":["Velvet Choker","Ring of the Serpent"],"picked":"Black Star"},{"not_picked":["Tiny House","Pandora\u0027s Box"],"picked":"WristBlade"}],"items_purged_floors":[19,53],"is_endless":false,"potions_floor_spawned":[3,5,6,12,16,20,23,35,36,37,40,54],"ascension_level":1}