{"gold_per_floor":[216,216,3,18,18,43,43,56,80,92,103,16,16,28,28,107,107,126,126,126,51,51,76,76,88,88,88,116,133,133,150,150,150],"floor_reached":33,"playtime":1106,"items_purged":["Strike_R"],"score":570,"play_id":"a14708e6-6d45-42e3-b29c-0fea32a834da","local_time":"20190212211405","is_ascension_mode":true,"campfire_choices":[{"floor":7,"key":"REST"},{"floor":13,"key":"REST"},{"data":"Uppercut","floor":15,"key":"SMITH"},{"floor":24,"key":"REST"},{"floor":27,"key":"REST"},{"floor":32,"key":"REST"}],"neow_cost":"NONE","seed_source_timestamp":896655856036725,"circlet_count":0,"master_deck":["AscendersBane","Strike_R+1","Strike_R+1","Strike_R","Defend_R","Defend_R+1","Defend_R","Bash","Shrug It Off+1","Twin Strike","Uppercut+1","Spot Weakness","Offering","Inflame","Inflame","Barricade","Headbutt+1","Metallicize","Shrug It Off","Shrug It Off+1","Fiend Fire"],"relics":["Burning Blood","Oddly Smooth Stone","Strawberry","Fusion Hammer","War Paint","Blood Vial","Mercury Hourglass","Whetstone"],"potions_floor_usage":[6,16,28,28],"damage_taken":[{"damage":16,"enemies":"Jaw Worm","floor":1,"turns":5},{"damage":4,"enemies":"Cultist","floor":4,"turns":3},{"damage":57,"enemies":"3 Sentries","floor":6,"turns":9},{"damage":0,"enemies":"2 Louse","floor":8,"turns":4},{"damage":4,"enemies":"Looter","floor":10,"turns":3},{"damage":4,"enemies":"Blue Slaver","floor":11,"turns":4},{"damage":19,"enemies":"Exordium Wildlife","floor":14,"turns":5},{"damage":22,"enemies":"The Guardian","floor":16,"turns":9},{"damage":15,"enemies":"Chosen","floor":18,"turns":4},{"damage":31,"enemies":"Book of Stabbing","floor":23,"turns":4},{"damage":25,"enemies":"Shell Parasite","floor":25,"turns":4},{"damage":51,"enemies":"Slavers","floor":28,"turns":5},{"damage":6,"enemies":"Snecko","floor":29,"turns":5},{"damage":16,"enemies":"Chosen and Byrds","floor":31,"turns":5},{"damage":49,"enemies":"Collector","floor":33,"turns":7}],"seed_played":"4434482899633587613","potions_obtained":[{"floor":4,"key":"FearPotion"},{"floor":6,"key":"Ancient Potion"},{"floor":16,"key":"Ancient Potion"},{"floor":23,"key":"Weak Potion"},{"floor":25,"key":"Strength Potion"}],"is_trial":false,"path_per_floor":["M","?","$","M","?","E","R","M","T","M","M","$","R","M","R","B",null,"M","?","?","?","$","E","R","M","T","R","E","M","?","M","R","B"],"character_chosen":"IRONCLAD","items_purchased":["Uppercut","PowerPotion","Inflame"],"campfire_rested":5,"item_purchase_floors":[3,3,12],"current_hp_per_floor":[58,58,58,60,60,9,31,37,44,46,48,48,72,59,59,43,72,63,63,63,63,63,38,62,45,45,69,26,28,28,20,44,0],"gold":150,"neow_bonus":"HUNDRED_GOLD","is_prod":false,"is_daily":false,"chose_seed":false,"campfire_upgraded":1,"win_rate":0,"timestamp":1550034845,"path_taken":["M","?","$","M","?","E","R","M","T","M","M","$","R","?","R","BOSS","M","?","?","?","$","E","R","M","T","R","E","?","?","?","R","BOSS"],"build_version":"2019-01-23","purchased_purges":1,"victory":false,"max_hp_per_floor":[75,75,75,75,75,75,75,75,82,82,82,82,82,82,82,82,82,82,82,82,82,82,82,82,82,82,82,82,82,82,82,82,82],"card_choices":[{"not_picked":["Havoc","Hemokinesis"],"picked":"Shrug It Off","floor":1},{"not_picked":["Flex","Heavy Blade","Anger"],"picked":"SKIP","floor":4},{"not_picked":["Clothesline","Headbutt"],"picked":"Spot Weakness","floor":6},{"not_picked":["Armaments","Pommel Strike","Hemokinesis"],"picked":"SKIP","floor":8},{"not_picked":["Sword Boomerang","Clash","Armaments"],"picked":"SKIP","floor":10},{"not_picked":["Clothesline","Sever Soul"],"picked":"Offering","floor":11},{"not_picked":["Havoc","Fire Breathing"],"picked":"Inflame","floor":14},{"not_picked":["Bludgeon","Dark Embrace"],"picked":"Barricade","floor":16},{"not_picked":["Thunderclap+1","Havoc"],"picked":"Headbutt+1","floor":18},{"not_picked":["Dark Embrace","Spot Weakness","Sentinel"],"picked":"SKIP","floor":23},{"not_picked":["Evolve","Havoc","Warcry"],"picked":"SKIP","floor":25},{"not_picked":["Sentinel","Sever Soul+1"],"picked":"Metallicize","floor":28},{"not_picked":["Cleave","True Grit"],"picked":"Shrug It Off","floor":29},{"not_picked":["Cleave","Pommel Strike"],"picked":"Fiend Fire","floor":31}],"player_experience":720699,"relics_obtained":[{"floor":6,"key":"Oddly Smooth Stone"},{"floor":9,"key":"Strawberry"},{"floor":23,"key":"Blood Vial"},{"floor":26,"key":"Mercury Hourglass"},{"floor":28,"key":"Whetstone"}],"event_choices":[{"damage_healed":0,"gold_gain":0,"cards_transformed":["Strike_R"],"player_choice":"Change","damage_taken":0,"max_hp_gain":0,"max_hp_loss":0,"event_name":"Living Wall","floor":2,"gold_loss":0,"cards_obtained":["Twin Strike"]},{"cards_removed":["Defend_R"],"damage_healed":0,"gold_gain":0,"player_choice":"Purged","damage_taken":0,"max_hp_gain":0,"max_hp_loss":0,"event_name":"Purifier","floor":5,"gold_loss":0},{"damage_healed":0,"gold_gain":0,"player_choice":"Ignored","damage_taken":0,"max_hp_gain":0,"max_hp_loss":0,"event_name":"Ghosts","floor":19,"gold_loss":0},{"damage_healed":0,"gold_gain":0,"player_choice":"Opened","damage_taken":0,"relics_obtained":["War Paint"],"max_hp_gain":0,"max_hp_loss":0,"event_name":"The Mausoleum","floor":20,"gold_loss":0,"cards_obtained":["Writhe"]},{"cards_removed":["Writhe"],"damage_healed":0,"gold_gain":0,"player_choice":"Gave Gold","damage_taken":0,"max_hp_gain":0,"max_hp_loss":0,"event_name":"Beggar","floor":21,"gold_loss":75},{"damage_healed":0,"gold_gain":0,"player_choice":"Copied","damage_taken":0,"max_hp_gain":0,"max_hp_loss":0,"event_name":"Duplicator","floor":30,"gold_loss":0,"cards_obtained":["Shrug It Off"]}],"is_beta":false,"boss_relics":[{"not_picked":["Lizard Tail","Philosopher\u0027s Stone"],"picked":"Fusion Hammer"}],"items_purged_floors":[3],"is_endless":false,"potions_floor_spawned":[4,6,8,11,16,23,25],"killed_by":"Collector","ascension_level":20}