{"gold_per_floor":[363,438,452,66,66,66,93,93,93,120,132,162,187,264,276,288],"floor_reached":16,"playtime":804,"items_purged":["Strike_G"],"score":212,"play_id":"74e8c6b8-3adb-4c27-ba64-77535a3b9908","local_time":"20190219152831","is_ascension_mode":true,"campfire_choices":[{"data":"Terror","floor":6.0,"key":"SMITH"},{"data":"Endless Agony","floor":8.0,"key":"SMITH"},{"data":"Calculated Gamble","floor":15.0,"key":"SMITH"}],"neow_cost":"PERCENT_DAMAGE","seed_source_timestamp":147052810631795,"circlet_count":0,"master_deck":["AscendersBane","Defend_G","Defend_G","Defend_G","Defend_G","Defend_G","Strike_G","Strike_G","Strike_G","Strike_G","Survivor","Neutralize","Terror+1","All Out Attack","Flash of Steel","Endless Agony+1","Escape Plan","Calculated Gamble+1","Noxious Fumes","Tools of the Trade"],"special_seed":0,"relics":["Ring of the Snake","OrangePellets","Meat on the Bone","Du-Vu Doll","MawBank","Tiny Chest"],"potions_floor_usage":[16],"damage_taken":[{"damage":0.0,"enemies":"Jaw Worm","floor":1.0,"turns":5.0},{"damage":0.0,"enemies":"Cultist","floor":3.0,"turns":4.0},{"damage":5.0,"enemies":"Gremlin Nob","floor":7.0,"turns":4.0},{"damage":17.0,"enemies":"Lagavulin","floor":10.0,"turns":6.0},{"damage":0.0,"enemies":"2 Louse","floor":12.0,"turns":3.0},{"damage":6.0,"enemies":"Exordium Thugs","floor":13.0,"turns":3.0},{"damage":16.0,"enemies":"Gremlin Nob","floor":14.0,"turns":4.0},{"damage":55,"enemies":"Slime Boss","floor":16,"turns":8}],"seed_played":"-2194328658846744110","potions_obtained":[{"floor":1.0,"key":"FearPotion"},{"floor":10.0,"key":"SpeedPotion"},{"floor":12.0,"key":"FairyPotion"}],"is_trial":false,"path_per_floor":["M","?","M","$","?","R","E","R","T","E","$","M","M","E","R","B"],"character_chosen":"THE_SILENT","items_purchased":["OrangePellets","Flash of Steel"],"campfire_rested":0,"item_purchase_floors":[4,4],"current_hp_per_floor":[44,33,33,33,55,55,50,50,50,45,45,45,39,35,35,0],"gold":288,"neow_bonus":"TWO_FIFTY_GOLD","is_prod":false,"is_daily":false,"chose_seed":false,"campfire_upgraded":3,"win_rate":0,"timestamp":1550608111,"path_taken":["M","?","M","$","?","R","E","R","T","E","?","M","M","E","R","BOSS"],"build_version":"2019-01-23","purchased_purges":1,"victory":false,"max_hp_per_floor":[66,66,66,66,66,66,66,66,66,66,66,66,66,66,66,66],"card_choices":[{"not_picked":["Expertise","Outmaneuver"],"picked":"Terror","floor":1.0},{"not_picked":["Dodge and Roll","Slice"],"picked":"All Out Attack","floor":3.0},{"not_picked":["Poisoned Stab","Bouncing Flask"],"picked":"Endless Agony","floor":7.0},{"not_picked":["Slice","Catalyst"],"picked":"Escape Plan","floor":10.0},{"not_picked":["Dodge and Roll","Outmaneuver"],"picked":"Calculated Gamble","floor":12.0},{"not_picked":["PiercingWail","Predator"],"picked":"Noxious Fumes","floor":13.0},{"not_picked":["Calculated Gamble","Underhanded Strike"],"picked":"Tools of the Trade","floor":14.0}],"player_experience":495262,"relics_obtained":[{"floor":7.0,"key":"Meat on the Bone"},{"floor":9.0,"key":"Du-Vu Doll"},{"floor":10.0,"key":"MawBank"},{"floor":14.0,"key":"Tiny Chest"}],"event_choices":[{"damage_healed":0.0,"max_hp_gain":0.0,"max_hp_loss":0.0,"gold_gain":75.0,"event_name":"World of Goop","player_choice":"Gather Gold","floor":2.0,"gold_loss":0.0,"damage_taken":11.0},{"damage_healed":22.0,"max_hp_gain":0.0,"max_hp_loss":0.0,"gold_gain":0.0,"event_name":"Big Fish","player_choice":"Banana","floor":5.0,"gold_loss":0.0,"damage_taken":0.0}],"is_beta":false,"boss_relics":[],"items_purged_floors":[4],"is_endless":false,"potions_floor_spawned":[1,10,12,13],"killed_by":"Slime Boss","ascension_level":16}