{"gold_per_floor":[116,132,30,47,59,88,107,7,7,26,26,41,41,54,54,149,149,159,176,203,40,53,84,84,101,182,52,69,69,69,87,87,188,188,207,137,137,137,147,147,166,166,193,210,210,226,238,15,15,15],"floor_reached":51,"playtime":6231,"items_purged":["Zap","Defend_B","Strike_B","Defend_B+1"],"score":725,"play_id":"c220e8b3-3432-44f3-8089-e3fcc9e469ce","local_time":"20180816185407","is_ascension_mode":false,"campfire_choices":[{"data":"Coolheaded","floor":11,"key":"SMITH"},{"data":"Cold Snap","floor":13,"key":"SMITH"},{"data":"Coolheaded","floor":15,"key":"SMITH"},{"data":"Fission","floor":24,"key":"SMITH"},{"data":"Defragment","floor":32,"key":"SMITH"},{"data":"Blizzard","floor":49,"key":"SMITH"}],"neow_cost":"NONE","seed_source_timestamp":50384942966634,"circlet_count":0,"master_deck":["Strike_B+1","Strike_B+1","Defend_B+1","Defend_B+1","Dualcast+1","Coolheaded+1","Coolheaded+1","Cold Snap+1","Coolheaded+1","Coolheaded+1","Darkness+1","Coolheaded+1","Fission+1","Blizzard+1","Barrage+1","Loop+1","Double Energy+1","Creative AI+1","Capacitor+1","Barrage+1","Defragment+1","Chill+1","Creative AI+1","Heatsinks+1","Hologram+1","Blizzard+1"],"relics":["Nuclear Battery","Gremlin Horn","Meat on the Bone","Coffee Dripper","Red Mask","War Paint","Mummified Hand","Mercury Hourglass","Lizard Tail","Mark of the Bloom","Vajra"],"potions_floor_usage":[20,20,25,31,33,35,46,47,50,50],"damage_taken":[{"damage":2,"enemies":"2 Louse","floor":1,"turns":3},{"damage":5,"enemies":"Small Slimes","floor":2,"turns":5},{"damage":0,"enemies":"Jaw Worm","floor":4,"turns":4},{"damage":7,"enemies":"Lots of Slimes","floor":5,"turns":7},{"damage":15,"enemies":"3 Sentries","floor":6,"turns":15},{"damage":9,"enemies":"Red Slaver","floor":7,"turns":6},{"damage":4,"enemies":"Exordium Thugs","floor":10,"turns":7},{"damage":3,"enemies":"Looter","floor":12,"turns":3},{"damage":7,"enemies":"Blue Slaver","floor":14,"turns":3},{"damage":30,"enemies":"Slime Boss","floor":16,"turns":16},{"damage":0,"enemies":"Shell Parasite","floor":18,"turns":7},{"damage":13,"enemies":"Chosen","floor":19,"turns":5},{"damage":0,"floor":20,"turns":1},{"damage":6,"enemies":"Snake Plant","floor":22,"turns":4},{"damage":15,"enemies":"Slavers","floor":23,"turns":6},{"damage":4,"enemies":"3 Cultists","floor":25,"turns":5},{"damage":10,"enemies":"Centurion and Healer","floor":28,"turns":6},{"damage":1,"enemies":"Cultist and Chosen","floor":31,"turns":6},{"damage":0,"enemies":"Collector","floor":33,"turns":7},{"damage":0,"enemies":"3 Darklings","floor":35,"turns":5},{"damage":0,"enemies":"Flame Bruiser 1 Orb","floor":39,"turns":6},{"damage":0,"enemies":"Sphere and 2 Shapes","floor":41,"turns":3},{"damage":0,"enemies":"Spire Growth","floor":44,"turns":5},{"damage":0,"enemies":"4 Shapes","floor":46,"turns":5},{"damage":2,"enemies":"Maw","floor":47,"turns":5},{"damage":21,"enemies":"Time Eater","floor":50,"turns":8}],"seed_played":"-5936480459233323771","potions_obtained":[{"floor":4,"key":"LiquidBronze"},{"floor":6,"key":"SpeedPotion"},{"floor":10,"key":"AttackPotion"},{"floor":12,"key":"Poison Potion"},{"floor":22,"key":"Energy Potion"},{"floor":23,"key":"GamblersBrew"},{"floor":28,"key":"Explosive Potion"},{"floor":31,"key":"AttackPotion"},{"floor":33,"key":"SkillPotion"},{"floor":41,"key":"SpeedPotion"},{"floor":46,"key":"LiquidBronze"}],"is_trial":false,"path_per_floor":["M","M","$","M","M","E","M","$","T","M","R","M","R","M","R","B",null,"M","M","?","$","M","E","R","M","T","$","M","T","$","M","R","B",null,"M","$","?","?","M","?","M","R","T","M","R","M","M","$","R","B"],"character_chosen":"DEFECT","items_purchased":["Cold Snap","Loop","Capacitor","Barrage","Heatsinks","FocusPotion"],"campfire_rested":0,"item_purchase_floors":[3,21,27,27,36,48],"current_hp_per_floor":[73,68,68,68,61,46,37,37,37,45,45,42,42,47,47,29,75,75,62,62,62,56,41,41,49,49,49,39,39,39,38,38,38,75,75,75,75,75,75,75,75,75,75,75,75,75,73,73,73,52],"gold":15,"neow_bonus":"BOSS_RELIC","is_prod":false,"is_daily":false,"chose_seed":false,"campfire_upgraded":6,"win_rate":0,"timestamp":1534460047,"path_taken":["M","M","$","M","M","E","M","$","T","M","R","M","R","M","R","BOSS","M","M","?","$","M","E","R","M","T","$","?","?","$","M","R","BOSS","M","$","?","?","?","?","M","R","T","M","R","M","M","$","R","BOSS"],"build_version":"2018-08-09","purchased_purges":4,"victory":true,"max_hp_per_floor":[75,75,75,75,75,75,75,75,75,75,75,75,75,75,75,75,75,75,75,75,75,75,75,75,75,75,75,75,75,75,75,75,75,75,75,75,75,75,75,75,75,75,75,75,75,75,75,75,75,75],"card_choices":[{"not_picked":["Streamline","Cold Snap"],"picked":"Coolheaded","floor":1},{"not_picked":["Compile Driver","Hologram"],"picked":"Coolheaded","floor":2},{"not_picked":["Double Energy","Force Field"],"picked":"Coolheaded","floor":4},{"not_picked":["Rip and Tear","Rebound","Auto Shields"],"picked":"SKIP","floor":5},{"not_picked":["Stack","Go for the Eyes"],"picked":"Coolheaded","floor":6},{"not_picked":["Leap","Genetic Algorithm","Amplify"],"picked":"SKIP","floor":7},{"not_picked":["Leap","Ball Lightning"],"picked":"Darkness","floor":10},{"not_picked":["Sweeping Beam","Gash"],"picked":"Coolheaded","floor":12},{"not_picked":["Chaos","Go for the Eyes","Sunder"],"picked":"SKIP","floor":14},{"not_picked":["Seek","Meteor Strike"],"picked":"Fission","floor":16},{"not_picked":["Cold Snap","Leap"],"picked":"Blizzard+1","floor":18},{"not_picked":["Gash","Streamline"],"picked":"Barrage","floor":19},{"not_picked":["Turbo","Go for the Eyes"],"picked":"Double Energy","floor":22},{"not_picked":["Hello World+1","Coolheaded+1"],"picked":"Creative AI","floor":23},{"not_picked":["Redo","Lockon","Aggregate"],"picked":"SKIP","floor":25},{"not_picked":["Scrape","Streamline"],"picked":"Defragment","floor":28},{"not_picked":["Conserve Battery","Go for the Eyes"],"picked":"Chill","floor":31},{"not_picked":["Biased Cognition","Buffer"],"picked":"Creative AI","floor":33},{"not_picked":["Coolheaded","Streamline","Leap+1"],"picked":"SKIP","floor":35},{"not_picked":["BootSequence","Redo","Go for the Eyes+1"],"picked":"SKIP","floor":39},{"not_picked":["Barrage+1","Fusion"],"picked":"Hologram+1","floor":41},{"not_picked":["Gash","Stack+1","Ball Lightning+1"],"picked":"SKIP","floor":44},{"not_picked":["Steam","Reprogram+1","Stack+1"],"picked":"SKIP","floor":46},{"not_picked":["Loop","Double Energy"],"picked":"Blizzard","floor":47}],"player_experience":50276,"relics_obtained":[{"floor":6,"key":"Gremlin Horn"},{"floor":9,"key":"Meat on the Bone"},{"floor":20,"key":"Red Mask"},{"floor":23,"key":"War Paint"},{"floor":26,"key":"Mummified Hand"},{"floor":29,"key":"Mercury Hourglass"},{"floor":43,"key":"Vajra"}],"event_choices":[{"event_name":"Masked Bandits","player_choice":"Fought Bandits","floor":20,"damage_taken":0},{"event_name":"Falling","player_choice":"Removed Attack","floor":37,"damage_taken":0},{"event_name":"SecretPortal","player_choice":"Rejected Portal.","floor":38,"damage_taken":0},{"event_name":"MindBloom","player_choice":"Upgrade","floor":40,"damage_taken":0}],"is_beta":false,"boss_relics":[{"not_picked":["Eternal Feather","Calling Bell"],"picked":"Coffee Dripper"},{"not_picked":["Philosopher\u0027s Stone","Cursed Key"],"picked":"Lizard Tail"}],"items_purged_floors":[3,8,21,48],"is_endless":false,"potions_floor_spawned":[4,6,10,12,16,19,22,23,28,31,33,41,46],"ascension_level":0}