{"path_per_floor":["M","M","M","M","M","R","M","E","T","E","R","M","$","M","R","B",null,"M","$","M","M","T","E","R","E","T"],"character_chosen":"DEFECT","items_purchased":["Gremlin Horn","Turbo"],"gold_per_floor":[109,129,143,154,165,165,185,212,212,243,243,257,17,33,33,135,135,150,24,42,59,59,90,90,118,118,118],"floor_reached":27,"campfire_rested":2,"playtime":1288,"current_hp_per_floor":[74,74,71,67,63,63,54,38,38,20,20,20,20,4,26,9,75,59,59,59,52,52,8,30,22,22,0],"items_purged":["Strike_B"],"gold":118,"score":307,"play_id":"8d081f8d-7fe9-4502-bd77-33f3a107b3ef","local_time":"20180515212233","is_prod":false,"is_daily":false,"chose_seed":false,"is_ascension_mode":true,"campfire_upgraded":2,"timestamp":1526386953,"path_taken":["M","?","M","M","M","R","M","E","T","E","R","M","?","M","R","BOSS","M","?","M","M","?","E","R","E","T","M"],"build_version":"2018-05-14v2","seed_source_timestamp":165319075813852,"purchased_purges":1,"victory":false,"master_deck":["Strike_B","Strike_B","Strike_B","Defend_B","Defend_B","Defend_B","Defend_B","Zap","Dualcast","Stack","Sunder+1","Reinforced Body","Ball Lightning+1","Cold Snap","Skim","BootSequence","Reboot","Streamline","Turbo","Stack+1","White Noise"],"max_hp_per_floor":[75,75,75,75,75,75,75,75,75,75,75,75,75,75,75,75,75,75,75,75,75,75,75,75,75,75,75],"relics":["Cracked Core","Pen Nib","Anchor","Darkstone Periapt","Oddly Smooth Stone","Gremlin Horn","Lizard Tail","Pantograph","Girya","Blue Candle","Prayer Wheel"],"card_choices":[{"not_picked":["Conserve Battery","Steam"],"picked":"Stack","floor":1},{"not_picked":["Hologram","Storm","Loop"],"picked":"SKIP","floor":2},{"not_picked":["Axe Kick","Stack"],"picked":"Sunder","floor":3},{"not_picked":["Loop","Heatsinks"],"picked":"Reinforced Body","floor":4},{"not_picked":["Force Field","Hologram"],"picked":"Ball Lightning","floor":5},{"not_picked":["Double Energy","Steam","Coolheaded"],"picked":"SKIP","floor":7},{"not_picked":["Double Energy","Steam","Coolheaded"],"picked":"SKIP","floor":7},{"not_picked":["Sweeping Beam","Tempest"],"picked":"Cold Snap","floor":8},{"not_picked":["Scrape","Chaos"],"picked":"Skim","floor":10},{"not_picked":["Redo","Steam"],"picked":"BootSequence","floor":12},{"not_picked":["Stack","Multi-Cast","Rebound"],"picked":"SKIP","floor":14},{"not_picked":["Multi-Cast","All For One"],"picked":"Reboot","floor":16},{"not_picked":["Ball Lightning","Self Repair+1"],"picked":"Streamline","floor":18},{"not_picked":["Sweeping Beam","Steam"],"picked":"Stack+1","floor":20},{"not_picked":["Reprogram","FTL","Cold Snap"],"picked":"SKIP","floor":21},{"not_picked":["Steam Power","Auto Shields"],"picked":"White Noise","floor":23},{"not_picked":["Recycle","Barrage","Nova"],"picked":"SKIP","floor":25}],"player_experience":488220,"potions_floor_usage":[8,16,23,23,27],"damage_taken":[{"damage":1,"enemies":"Cultist","floor":1,"turns":4},{"damage":0,"enemies":"2 Louse","floor":2,"turns":3},{"damage":3,"enemies":"Small Slimes","floor":3,"turns":3},{"damage":4,"enemies":"Blue Slaver","floor":4,"turns":3},{"damage":4,"enemies":"Large Slime","floor":5,"turns":6},{"damage":9,"enemies":"Lots of Slimes","floor":7,"turns":3},{"damage":16,"enemies":"Gremlin Nob","floor":8,"turns":3},{"damage":18,"enemies":"Lagavulin","floor":10,"turns":6},{"damage":0,"enemies":"Looter","floor":12,"turns":2},{"damage":16,"enemies":"Gremlin Gang","floor":14,"turns":4},{"damage":17,"enemies":"Hexaghost","floor":16,"turns":9},{"damage":16,"enemies":"2 Thieves","floor":18,"turns":4},{"damage":0,"enemies":"Chosen","floor":20,"turns":2},{"damage":7,"enemies":"Centurion and Healer","floor":21,"turns":9},{"damage":44,"enemies":"Gremlin Leader","floor":23,"turns":10},{"damage":49,"enemies":"Slavers","floor":25,"turns":8},{"damage":24,"enemies":"Sentry and Sphere","floor":27,"turns":5}],"relics_obtained":[{"floor":8,"key":"Anchor"},{"floor":9,"key":"Darkstone Periapt"},{"floor":10,"key":"Oddly Smooth Stone"},{"floor":22,"key":"Pantograph"},{"floor":23,"key":"Girya"},{"floor":25,"key":"Blue Candle"},{"floor":26,"key":"Prayer Wheel"}],"event_choices":[],"boss_relics":[{"not_picked":["Philosopher\u0027s Stone","Runic Pyramid"],"picked":"Lizard Tail"}],"potions_floor_spawned":[2,3,8,12,14,16,18,21,25],"seed_played":"2939665562816701521","killed_by":"Sentry and Sphere","ascension_level":3,"potions_obtained":[{"floor":2,"key":"PowerPotion"},{"floor":3,"key":"FearPotion"},{"floor":8,"key":"Weak Potion"},{"floor":12,"key":"GamblersBrew"},{"floor":14,"key":"Block Potion"},{"floor":16,"key":"Dexterity Potion"},{"floor":21,"key":"SpeedPotion"},{"floor":25,"key":"Swift Potion"}],"is_trial":false}