{"gold_per_floor":[115,128,51,68,87,87,118,118,118,134,134,149,4,16,16,118,118,129,139,139,39,54,54,66,19,43,54,70,70,70,86,86,86],"floor_reached":33,"playtime":1568,"items_purged":["Accuracy","Strike_G"],"score":278,"play_id":"17219b98-f28c-4237-98a2-d5498232b485","local_time":"20181207055443","is_ascension_mode":false,"campfire_choices":[{"data":"Poisoned Stab","floor":6,"key":"SMITH"},{"data":"Noxious Fumes","floor":8,"key":"SMITH"},{"data":"Bouncing Flask","floor":11,"key":"SMITH"},{"data":"Crippling Poison","floor":15,"key":"SMITH"},{"data":"Adrenaline","floor":23,"key":"SMITH"},{"data":"Backstab","floor":30,"key":"SMITH"},{"data":"Backstab","floor":32,"key":"SMITH"}],"neow_cost":"NONE","seed_source_timestamp":630921663870487,"circlet_count":0,"master_deck":["Defend_G","Defend_G","Defend_G","Defend_G","Defend_G","Strike_G+1","Strike_G","Strike_G","Strike_G","Survivor","Neutralize+1","Bouncing Flask+1","Noxious Fumes+1","Poisoned Stab+1","Crippling Poison+1","Backstab+1","Adrenaline+1","Deadly Poison","Backstab+1","Backstab+1"],"relics":["Ring of the Serpent","Whetstone","Pear","Ninja Scroll","Bronze Scales","Orichalcum"],"potions_floor_usage":[5,7,7,19,24,33,33],"damage_taken":[{"damage":0,"enemies":"Cultist","floor":1,"turns":3},{"damage":0,"enemies":"2 Louse","floor":2,"turns":3},{"damage":0,"enemies":"Small Slimes","floor":4,"turns":3},{"damage":7,"enemies":"Blue Slaver","floor":5,"turns":4},{"damage":8,"enemies":"Gremlin Nob","floor":7,"turns":4},{"damage":5,"enemies":"Red Slaver","floor":10,"turns":4},{"damage":0,"enemies":"Exordium Wildlife","floor":12,"turns":3},{"damage":8,"enemies":"Blue Slaver","floor":14,"turns":3},{"damage":10,"enemies":"The Guardian","floor":16,"turns":8},{"damage":10,"enemies":"Chosen","floor":18,"turns":4},{"damage":7,"enemies":"Spheric Guardian","floor":19,"turns":3},{"damage":12,"enemies":"Shelled Parasite and Fungi","floor":22,"turns":6},{"damage":8,"enemies":"Chosen and Byrds","floor":24,"turns":6},{"damage":2,"enemies":"Cultist and Chosen","floor":27,"turns":4},{"damage":9,"enemies":"Snake Plant","floor":28,"turns":3},{"damage":0,"enemies":"3 Cultists","floor":31,"turns":4},{"damage":43,"enemies":"Champ","floor":33,"turns":6}],"seed_played":"7805785138711875010","potions_obtained":[{"floor":1,"key":"Energy Potion"},{"floor":4,"key":"FearPotion"},{"floor":5,"key":"EssenceOfSteel"},{"floor":16,"key":"Swift Potion"},{"floor":19,"key":"FearPotion"},{"floor":22,"key":"SkillPotion"},{"floor":27,"key":"Fire Potion"},{"floor":28,"key":"Block Potion"}],"is_trial":false,"path_per_floor":["M","M","$","M","M","R","E","R","T","M","R","M","$","M","R","B",null,"M","M","?","$","M","R","M","$","T","M","M","?","R","M","R","B"],"character_chosen":"THE_SILENT","items_purchased":["Bouncing Flask","Crippling Poison","Deadly Poison"],"campfire_rested":0,"item_purchase_floors":[3,13,25],"current_hp_per_floor":[77,77,77,77,70,70,62,62,72,67,67,67,67,59,59,49,87,77,70,70,70,58,58,50,50,50,48,39,39,39,39,39,0],"gold":86,"neow_bonus":"TEN_PERCENT_HP_BONUS","is_prod":false,"is_daily":false,"chose_seed":false,"campfire_upgraded":7,"win_rate":0.0,"timestamp":1544180083,"path_taken":["M","M","$","M","M","R","E","R","T","M","R","M","$","M","R","BOSS","M","M","?","$","M","R","M","$","T","M","?","?","R","M","R","BOSS"],"build_version":"2018-12-06","purchased_purges":2,"victory":false,"max_hp_per_floor":[77,77,77,77,77,77,77,77,87,87,87,87,87,87,87,87,87,87,87,87,87,87,87,87,87,87,87,87,87,87,87,87,87],"card_choices":[{"not_picked":["PiercingWail","Distraction"],"picked":"Accuracy","floor":1},{"not_picked":["Acrobatics","Deflect","Bane"],"picked":"SKIP","floor":2},{"not_picked":["PiercingWail","Blade Dance"],"picked":"Noxious Fumes","floor":4},{"not_picked":["Dash","Dodge and Roll"],"picked":"Poisoned Stab","floor":5},{"not_picked":["Tactician","Dagger Throw","Acrobatics"],"picked":"SKIP","floor":7},{"not_picked":["Escape Plan","Acrobatics","PiercingWail"],"picked":"SKIP","floor":10},{"not_picked":["Flying Knee","Infinite Blades","Blade Dance"],"picked":"SKIP","floor":12},{"not_picked":["Finisher","Prepared"],"picked":"Backstab","floor":14},{"not_picked":["Venomology","After Image"],"picked":"Adrenaline","floor":16},{"not_picked":["Cloak And Dagger","Tactician","Bane"],"picked":"SKIP","floor":18},{"not_picked":["Deflect+1","Acrobatics","Bane"],"picked":"SKIP","floor":19},{"not_picked":["PiercingWail","Riddle With Holes+1","Blade Dance"],"picked":"SKIP","floor":22},{"not_picked":["Quick Slash","Sucker Punch","Predator"],"picked":"SKIP","floor":24},{"not_picked":["Blade Dance","Quick Slash","Deflect"],"picked":"SKIP","floor":27},{"not_picked":["Poisoned Stab+1","All Out Attack"],"picked":"Backstab+1","floor":28},{"not_picked":["Dash+1","Tactician"],"picked":"Backstab","floor":31}],"player_experience":184008,"relics_obtained":[{"floor":7,"key":"Whetstone"},{"floor":9,"key":"Pear"},{"floor":26,"key":"Bronze Scales"},{"floor":29,"key":"Orichalcum"}],"event_choices":[{"damage_healed":0,"gold_gain":0,"player_choice":"Gave Potion","damage_taken":0,"relics_obtained":["Ninja Scroll"],"max_hp_gain":0,"max_hp_loss":0,"event_name":"WeMeetAgain","floor":20,"gold_loss":0},{"damage_healed":0,"gold_gain":0,"player_choice":"Relic","damage_taken":0,"max_hp_gain":0,"max_hp_loss":0,"event_name":"Wheel of Change","floor":29,"gold_loss":0}],"is_beta":false,"boss_relics":[{"not_picked":["Velvet Choker","Coffee Dripper"],"picked":"Ring of the Serpent"}],"items_purged_floors":[13,21],"is_endless":false,"potions_floor_spawned":[1,4,5,16,19,22,27,28],"killed_by":"Champ","ascension_level":0}