{"gold_per_floor":[119,294,152,164,178,178,188,204,204,215,250,250,282,301,301,397,397,380,380],"floor_reached":19,"playtime":725,"items_purged":["Doubt"],"score":181,"play_id":"71cc52d7-f65d-47b6-a032-40fd2905f6f7","local_time":"20181002213307","is_ascension_mode":false,"campfire_choices":[{"data":"Heavy Blade","floor":12,"key":"SMITH"},{"data":"Clash","floor":15,"key":"SMITH"}],"neow_cost":"NONE","seed_source_timestamp":94805772977589,"circlet_count":0,"master_deck":["Strike_R","Strike_R","Strike_R","Strike_R","Strike_R","Defend_R","Defend_R","Defend_R","Defend_R","Bash","Inflame","Twin Strike","Clash+1","Bash","Twin Strike","Heavy Blade+1","Clash","Pommel Strike","Twin Strike"],"relics":["Burning Blood","Bottled Lightning","Juzu Bracelet","Charon\u0027s Ashes","White Beast Statue"],"potions_floor_usage":[8,10,18],"damage_taken":[{"damage":0,"enemies":"2 Louse","floor":1,"turns":3},{"damage":7,"enemies":"Small Slimes","floor":4,"turns":4},{"damage":1,"enemies":"Cultist","floor":5,"turns":3},{"damage":1,"enemies":"Exordium Thugs","floor":7,"turns":3},{"damage":10,"enemies":"Looter","floor":8,"turns":3},{"damage":14,"enemies":"3 Louse","floor":10,"turns":3},{"damage":26,"enemies":"Lagavulin","floor":11,"turns":5},{"damage":14,"enemies":"Gremlin Nob","floor":13,"turns":3},{"damage":7,"enemies":"2 Fungi Beasts","floor":14,"turns":2},{"damage":26,"enemies":"Slime Boss","floor":16,"turns":7},{"damage":25,"enemies":"2 Thieves","floor":18,"turns":4},{"damage":0,"enemies":"3 Byrds","floor":19,"turns":1}],"seed_played":"5621552411268640454","potions_obtained":[{"floor":1,"key":"Poison Potion"},{"floor":4,"key":"SpeedPotion"},{"floor":8,"key":"SteroidPotion"},{"floor":11,"key":"SneckoOil"},{"floor":14,"key":"LiquidBronze"},{"floor":16,"key":"Swift Potion"},{"floor":18,"key":"Ancient Potion"}],"is_trial":false,"path_per_floor":["M","?","$","M","M","?","M","M","T","M","E","R","E","M","R","B",null,"M"],"character_chosen":"IRONCLAD","items_purchased":["Inflame"],"campfire_rested":0,"item_purchase_floors":[3],"current_hp_per_floor":[88,88,88,87,88,88,88,84,84,76,56,56,48,47,47,27,88,69,69],"gold":380,"neow_bonus":"TEN_PERCENT_HP_BONUS","is_prod":false,"is_daily":false,"chose_seed":false,"campfire_upgraded":2,"win_rate":0,"timestamp":1538530387,"path_taken":["M","?","$","M","M","?","M","M","T","M","E","R","E","M","R","BOSS","M","M"],"build_version":"2018-09-27","purchased_purges":1,"victory":false,"max_hp_per_floor":[88,88,88,88,88,88,88,88,88,88,88,88,88,88,88,88,88,88,88],"card_choices":[{"not_picked":["Flame Barrier","Metallicize","Sentinel"],"picked":"SKIP","floor":1},{"not_picked":["Twin Strike","Entrench","Havoc"],"picked":"SKIP","floor":4},{"not_picked":["Rage","Sentinel"],"picked":"Twin Strike","floor":5},{"not_picked":["Carnage","Body Slam","Dropkick"],"picked":"SKIP","floor":7},{"not_picked":["Shockwave","Carnage","Dual Wield"],"picked":"SKIP","floor":8},{"not_picked":["Inflame","Pummel"],"picked":"Twin Strike","floor":10},{"not_picked":["Shockwave","Barricade"],"picked":"Heavy Blade","floor":11},{"not_picked":["Reckless Charge","Sword Boomerang"],"picked":"Clash","floor":13},{"not_picked":["Shrug It Off","Burning Pact"],"picked":"Pommel Strike","floor":14},{"not_picked":["Perfected Strike+1","Infernal Blade"],"picked":"Twin Strike","floor":18}],"player_experience":162186,"relics_obtained":[{"floor":9,"key":"Bottled Lightning"},{"floor":11,"key":"Juzu Bracelet"},{"floor":13,"key":"Charon\u0027s Ashes"}],"event_choices":[{"event_name":"Liars Game","player_choice":"agreed","floor":2,"damage_taken":0},{"event_name":"Match and Keep!","player_choice":"2 cards matched","floor":6,"damage_taken":0}],"is_beta":false,"boss_relics":[{"not_picked":["Mark of Pain","Snecko Eye"],"picked":"White Beast Statue"}],"items_purged_floors":[3],"is_endless":false,"potions_floor_spawned":[1,4,8,11,14,16,18],"killed_by":"3 Byrds","ascension_level":0}