{"gold_per_floor":[147,161,177,188,200,234,234,252,252,55,55,87,97,132,132,228,228,239,45,61,160,175,175],"floor_reached":23,"playtime":1012,"items_purged":["Strike_G","Strike_G"],"score":215,"play_id":"629aa87c-f4c0-47f6-8f8c-f455996f8c03","local_time":"20180904152009","is_ascension_mode":false,"campfire_choices":[{"data":"Deadly Poison","floor":7,"key":"SMITH"},{"data":"Glass Knife","floor":11,"key":"SMITH"},{"data":"Catalyst","floor":15,"key":"SMITH"}],"neow_cost":"NONE","seed_source_timestamp":206656144081905,"circlet_count":0,"master_deck":["Defend_G","Defend_G","Defend_G","Defend_G","Defend_G","Strike_G","Strike_G","Strike_G","Survivor","Neutralize","Deadly Poison+1","Calculated Gamble","Dash","Blur","Glass Knife+1","Unload","Escape Plan","Catalyst+1","Skewer","Burst","Tactician","Footwork","Backflip","Acrobatics","Expertise"],"relics":["Ring of the Snake","Tiny Chest","Ice Cream","The Courier","Happy Flower","Matryoshka","Black Star"],"potions_floor_usage":[20,22,23],"damage_taken":[{"damage":0,"enemies":"Cultist","floor":1,"turns":4},{"damage":2,"enemies":"2 Louse","floor":2,"turns":3},{"damage":1,"enemies":"Jaw Worm","floor":3,"turns":5},{"damage":8,"enemies":"Exordium Thugs","floor":4,"turns":4},{"damage":0,"enemies":"Exordium Wildlife","floor":5,"turns":3},{"damage":28,"enemies":"Lagavulin","floor":6,"turns":9},{"damage":0,"enemies":"Blue Slaver","floor":8,"turns":4},{"damage":8,"enemies":"Gremlin Nob","floor":12,"turns":4},{"damage":0,"enemies":"2 Fungi Beasts","floor":13,"turns":2},{"damage":1,"enemies":"3 Sentries","floor":14,"turns":6},{"damage":1,"enemies":"Hexaghost","floor":16,"turns":7},{"damage":17,"enemies":"2 Thieves","floor":18,"turns":4},{"damage":10,"enemies":"3 Byrds","floor":20,"turns":5},{"damage":32,"enemies":"3 Cultists","floor":22,"turns":9},{"damage":19,"enemies":"Slavers","floor":23,"turns":2}],"seed_played":"-4633714292013046271","potions_obtained":[{"floor":5,"key":"FairyPotion"},{"floor":6,"key":"Energy Potion"},{"floor":12,"key":"Swift Potion"},{"floor":22,"key":"Fruit Juice"}],"is_trial":false,"path_per_floor":["M","M","M","M","M","E","R","M","T","$","R","E","M","E","R","B",null,"M","$","M","?","M"],"character_chosen":"THE_SILENT","items_purchased":["Unload","Escape Plan","Footwork","Backflip","Acrobatics"],"campfire_rested":0,"item_purchase_floors":[10,10,19,19,19],"current_hp_per_floor":[70,68,67,59,59,31,31,31,31,31,31,23,23,22,22,21,70,53,53,43,43,11,7],"gold":175,"neow_bonus":"RANDOM_COMMON_RELIC","is_prod":false,"is_daily":false,"chose_seed":false,"campfire_upgraded":3,"win_rate":0,"timestamp":1536042009,"path_taken":["M","?","M","M","M","E","R","M","T","$","R","E","?","E","R","BOSS","M","$","?","?","M","E"],"build_version":"2018-08-30","purchased_purges":2,"victory":false,"max_hp_per_floor":[70,70,70,70,70,70,70,70,70,70,70,70,70,70,70,70,70,70,70,70,70,70,75],"card_choices":[{"not_picked":["Flying Knee","Prepared"],"picked":"Deadly Poison","floor":1},{"not_picked":["Dash","Choke"],"picked":"Calculated Gamble","floor":2},{"not_picked":["Dash","PiercingWail","Prepared"],"picked":"SKIP","floor":3},{"not_picked":["PiercingWail","Prepared"],"picked":"Dash","floor":3},{"not_picked":["Prepared","Setup","Bane"],"picked":"SKIP","floor":4},{"not_picked":["Cloak And Dagger","Leg Sweep","Distraction"],"picked":"SKIP","floor":5},{"not_picked":["Predator","Leg Sweep"],"picked":"Blur","floor":6},{"not_picked":["Poisoned Stab","Underhanded Strike"],"picked":"Glass Knife","floor":8},{"not_picked":["Choke","Outmaneuver"],"picked":"Catalyst","floor":12},{"not_picked":["Masterful Stab","PiercingWail"],"picked":"Skewer","floor":13},{"not_picked":["Concentrate","Doppelganger","Finisher"],"picked":"SKIP","floor":14},{"not_picked":["Wraith Form v2","Tools of the Trade"],"picked":"Burst","floor":16},{"not_picked":["Masterful Stab","Riddle With Holes"],"picked":"Tactician","floor":18},{"not_picked":["Deflect","Flying Knee","Endless Agony"],"picked":"SKIP","floor":20},{"not_picked":["Infinite Blades","Heel Hook"],"picked":"Expertise","floor":22}],"player_experience":628811,"relics_obtained":[{"floor":6,"key":"Ice Cream"},{"floor":9,"key":"The Courier"},{"floor":12,"key":"Happy Flower"},{"floor":14,"key":"Matryoshka"}],"event_choices":[{"event_name":"Nest","player_choice":"Stole From Cult","floor":21,"damage_taken":0}],"is_beta":false,"boss_relics":[{"not_picked":["Eternal Feather","Velvet Choker"],"picked":"Black Star"}],"items_purged_floors":[10,19],"is_endless":false,"potions_floor_spawned":[5,6,12,13,16,18,22],"killed_by":"Slavers","ascension_level":0}