{"path_per_floor":["M","M","?","M","M","R","E","R","T","R","?","M","R","E","R","B",null,"M","?","$","?","?","E","R","M","T","?","M","T","$","M","R","B",null,"M","M","?","M","$","R","E","R","T","R","?","E","?","M","R","B"],"character_chosen":"DEFECT","items_purchased":["Toxic Egg 2","Stack","Hello World","Orichalcum","Capacitor+1","LiquidBronze","Self Repair+1","Pen Nib"],"gold_per_floor":[114,127,127,144,158,158,489,489,489,489,489,506,506,536,536,613,613,632,632,124,124,124,156,156,138,138,138,155,155,16,29,29,106,106,126,140,188,206,18,18,81,81,126,126,126,156,136,151,151,151],"floor_reached":51,"campfire_rested":5,"playtime":3054,"item_purchase_floors":[20,20,20,20,30,30,39,39],"current_hp_per_floor":[63,61,61,61,52,52,24,45,45,45,50,50,50,19,41,20,62,61,38,38,32,32,16,27,27,27,27,27,27,27,27,27,21,34,27,27,5,5,5,16,26,26,26,26,26,36,36,30,38,38],"items_purged":[],"gold":151,"score":1423,"play_id":"1024a415-219e-465e-8291-6c927c425bef","local_time":"20180621215614","is_prod":false,"is_daily":false,"chose_seed":false,"is_ascension_mode":true,"campfire_upgraded":3,"win_rate":0,"timestamp":1529610974,"campfire_choices":[{"data":"Go for the Eyes","floor":6,"key":"SMITH"},{"floor":8,"key":"REST"},{"data":"1","floor":10,"key":"LIFT"},{"data":"Loop","floor":13,"key":"SMITH"},{"floor":15,"key":"REST"},{"floor":24,"key":"REST"},{"data":"Ghostly","floor":32,"key":"SMITH"},{"floor":40,"key":"REST"},{"data":"2","floor":42,"key":"LIFT"},{"data":"3","floor":44,"key":"LIFT"},{"floor":49,"key":"REST"}],"path_taken":["M","M","?","M","?","R","E","R","T","R","?","?","R","E","R","BOSS","M","?","?","?","?","E","R","M","T","?","?","?","?","M","R","BOSS","M","?","?","M","$","R","E","R","T","R","?","E","?","M","R","BOSS"],"build_version":"2018-06-14v2","seed_source_timestamp":344746756686542,"purchased_purges":0,"victory":true,"master_deck":["Defend_B","Defend_B","Defend_B","Defend_B","Zap+1","Dualcast","AscendersBane","Compile Driver","Conserve Battery+1","Capacitor+1","Go for the Eyes+1","Loop+1","Compile Driver","Coolheaded+1","Electrodynamics","Compile Driver+1","Aggregate+1","Reboot+1","Barrage","Ghostly","Ghostly","Ghostly+1","Ghostly","Ghostly","Stack+1","Hello World","RitualDagger","Undo+1","Chaos+1","Leap+1","Capacitor+1","Machine Learning+1","Barrage","Force Field+1","Skim+1","Self Repair+1","Buffer+1","Beam Cell"],"max_hp_per_floor":[71,71,71,71,71,71,71,71,71,71,76,76,76,76,76,76,76,76,38,38,38,38,38,38,38,38,38,38,38,38,38,38,38,38,38,38,38,38,38,38,38,38,38,38,38,38,38,38,38,38],"relics":["Cracked Core","Old Coin","Girya","Mummified Hand","Astrolabe","Toxic Egg 2","Orichalcum","War Paint","Calipers","Frozen Egg 2","Sozu","Ice Cream","Pen Nib","Tiny Chest","Bag of Marbles","Gambling Chip"],"card_choices":[{"not_picked":["Beam Cell","Redo"],"picked":"Compile Driver","floor":1},{"not_picked":["Leap","Coolheaded"],"picked":"Conserve Battery","floor":2},{"not_picked":["Undo","Compile Driver"],"picked":"Go for the Eyes","floor":4},{"not_picked":["Heatsinks","Rebound"],"picked":"Loop","floor":5},{"not_picked":["Rip and Tear","Turbo"],"picked":"Compile Driver","floor":7},{"not_picked":["Redo","Steam"],"picked":"Coolheaded","floor":12},{"not_picked":["Undo","Streamline"],"picked":"Darkness","floor":14},{"not_picked":["Fission","Reboot"],"picked":"Electrodynamics","floor":16},{"not_picked":["Streamline","Turbo"],"picked":"Barrage","floor":18},{"not_picked":["Recycle+1","Go for the Eyes"],"picked":"Undo+1","floor":23},{"not_picked":["Turbo+1","Melter"],"picked":"Chaos+1","floor":25},{"not_picked":["Doom and Gloom","Auto Shields+1"],"picked":"Leap+1","floor":28},{"not_picked":["Capacitor+1","Electrodynamics+1","Aggregate+1"],"picked":"SKIP","floor":31},{"not_picked":["Hyperbeam","All For One"],"picked":"Machine Learning+1","floor":33},{"not_picked":["Genetic Algorithm+1","Steam+1"],"picked":"Barrage","floor":35},{"not_picked":["Barrage+1","Go for the Eyes","Sweeping Beam"],"picked":"SKIP","floor":36},{"not_picked":["Cold Snap","Self Repair+1"],"picked":"Force Field+1","floor":37},{"not_picked":["Cold Snap+1","Undo+1"],"picked":"Skim+1","floor":38},{"not_picked":["Go for the Eyes","Gash"],"picked":"Buffer+1","floor":41},{"not_picked":["Turbo+1","FTL","Stack+1"],"picked":"SKIP","floor":46},{"not_picked":["Reinforced Body+1","Genetic Algorithm+1","Go for the Eyes+1"],"picked":"SKIP","floor":48}],"player_experience":645304,"potions_floor_usage":[16,18,33,50],"damage_taken":[{"damage":1,"enemies":"2 Louse","floor":1,"turns":2},{"damage":2,"enemies":"Jaw Worm","floor":2,"turns":3},{"damage":0,"enemies":"Cultist","floor":4,"turns":3},{"damage":9,"enemies":"3 Louse","floor":5,"turns":3},{"damage":28,"enemies":"3 Sentries","floor":7,"turns":8},{"damage":0,"enemies":"Large Slime","floor":12,"turns":4},{"damage":31,"enemies":"Gremlin Nob","floor":14,"turns":5},{"damage":21,"enemies":"Slime Boss","floor":16,"turns":9},{"damage":1,"enemies":"Spheric Guardian","floor":18,"turns":4},{"damage":16,"enemies":"Book of Stabbing","floor":23,"turns":6},{"damage":0,"enemies":"2 Thieves","floor":25,"turns":4},{"damage":0,"enemies":"Chosen and Byrds","floor":28,"turns":7},{"damage":0,"enemies":"Snake Plant","floor":31,"turns":3},{"damage":6,"enemies":"Champ","floor":33,"turns":10},{"damage":7,"enemies":"3 Darklings","floor":35,"turns":7},{"damage":0,"enemies":"3 Shapes","floor":36,"turns":5},{"damage":22,"floor":37,"turns":5},{"damage":0,"enemies":"3 Darklings","floor":38,"turns":5},{"damage":0,"enemies":"2 Orb Walkers","floor":41,"turns":6},{"damage":0,"enemies":"Giant Head","floor":46,"turns":6},{"damage":6,"enemies":"Sphere and 2 Shapes","floor":48,"turns":4},{"damage":10,"enemies":"Time Eater","floor":50,"turns":10}],"relics_obtained":[{"floor":7,"key":"Old Coin"},{"floor":9,"key":"Girya"},{"floor":14,"key":"Mummified Hand"},{"floor":23,"key":"War Paint"},{"floor":26,"key":"Calipers"},{"floor":29,"key":"Frozen Egg 2"},{"floor":37,"key":"Ice Cream"},{"floor":41,"key":"Tiny Chest"},{"floor":43,"key":"Bag of Marbles"},{"floor":46,"key":"Gambling Chip"}],"event_choices":[{"event_name":"Living Wall","player_choice":"Change","floor":3,"damage_taken":0},{"event_name":"Big Fish","player_choice":"Donut","floor":11,"damage_taken":0},{"event_name":"Ghosts","player_choice":"Became a Ghost","floor":19,"damage_taken":0},{"event_name":"Nest","player_choice":"Joined the Cult","floor":21,"damage_taken":0},{"event_name":"Accursed Blacksmith","player_choice":"Forge","floor":22,"damage_taken":0},{"event_name":"Purifier","player_choice":"One Purge","floor":27,"damage_taken":0},{"event_name":"Mysterious Sphere","player_choice":"Fight","floor":37,"damage_taken":0},{"event_name":"Transmorgrifier","player_choice":"Transform","floor":45,"damage_taken":0},{"event_name":"The Woman in Blue","player_choice":"Bought 1 Potion","floor":47,"damage_taken":0}],"boss_relics":[{"not_picked":["Calling Bell","Eternal Feather"],"picked":"Astrolabe"},{"not_picked":["Orrery","Runic Dome"],"picked":"Sozu"}],"items_purged_floors":[],"is_endless":false,"potions_floor_spawned":[2,7,18,25,33,36,37,46,48],"seed_played":"2383028820789847523","ascension_level":15,"potions_obtained":[{"floor":2,"key":"Ancient Potion"},{"floor":7,"key":"SteroidPotion"},{"floor":18,"key":"SkillPotion"},{"floor":25,"key":"GamblersBrew"},{"floor":33,"key":"SteroidPotion"}],"is_trial":false}