{"gold_per_floor":[119,119,139,154,4,33,33,61,61,91,103,143,168,197,209,296,308,339,375,412,424,436,467,479,526,538,550,587,614,639,678,690,776,788,810,17,35,50,50],"floor_reached":39,"playtime":1986,"items_purged":["Doom and Gloom"],"score":871,"play_id":"084bc6e8-9cff-46f0-b9e6-be9c7b99f958","local_time":"20190304201445","is_ascension_mode":true,"campfire_choices":[{"floor":7,"key":"REST"},{"floor":11,"key":"REST"},{"data":"Defragment","floor":15,"key":"SMITH"},{"floor":24,"key":"REST"},{"data":"Hologram","floor":27,"key":"SMITH"},{"data":"Buffer","floor":32,"key":"SMITH"}],"neow_cost":"NONE","seed_source_timestamp":126689882692708,"circlet_count":0,"master_deck":["AscendersBane","Zap+1","Dualcast","Hologram+1","Defragment+1","Cold Snap","Self Repair","Rip and Tear","Ball Lightning","White Noise","Cold Snap+1","Hologram","Buffer+1","White Noise","Undo","Coolheaded","Compile Driver","Writhe","FTL","Coolheaded+1","Machine Learning","White Noise","Electrodynamics","Hello World","Skim","Fusion","Static Discharge","Gash","White Noise","Tempest","Auto Shields+1","Conserve Battery+1","Self Repair","Loop","Capacitor","Static Discharge","Self Repair","Hello World","Leap"],"relics":["Cracked Core","Regal Pillow","DataDisk","Cables","Omamori","MawBank","Vajra","Cursed Key","PreservedInsect","Red Mask","The Courier","Whetstone","Shuriken","Emotion Chip","Pen Nib","Pandora\u0027s Box","War Paint","Gambling Chip"],"potions_floor_usage":[6,8,18,28,31,33,33,39],"damage_taken":[{"damage":7,"enemies":"Jaw Worm","floor":1,"turns":4},{"damage":0,"enemies":"Cultist","floor":3,"turns":4},{"damage":15,"enemies":"2 Louse","floor":4,"turns":3},{"damage":17,"enemies":"Lagavulin","floor":6,"turns":6},{"damage":24,"enemies":"3 Sentries","floor":8,"turns":6},{"damage":23,"enemies":"Lagavulin","floor":10,"turns":5},{"damage":29,"enemies":"Gremlin Nob","floor":12,"turns":4},{"damage":1,"enemies":"2 Fungi Beasts","floor":13,"turns":3},{"damage":7,"enemies":"Looter","floor":14,"turns":3},{"damage":21,"enemies":"Hexaghost","floor":16,"turns":7},{"damage":3,"enemies":"3 Byrds","floor":18,"turns":3},{"damage":16,"enemies":"Masked Bandits","floor":20,"turns":3},{"damage":4,"enemies":"Shell Parasite","floor":23,"turns":4},{"damage":8,"enemies":"Book of Stabbing","floor":25,"turns":5},{"damage":28,"enemies":"Slavers","floor":28,"turns":4},{"damage":2,"enemies":"Snake Plant","floor":29,"turns":5},{"damage":14,"enemies":"Shelled Parasite and Fungi","floor":30,"turns":4},{"damage":7,"enemies":"Book of Stabbing","floor":31,"turns":6},{"damage":33,"enemies":"Collector","floor":33,"turns":8},{"damage":22,"enemies":"3 Darklings","floor":35,"turns":3},{"damage":20,"enemies":"3 Shapes","floor":37,"turns":3},{"damage":26,"enemies":"3 Darklings","floor":38,"turns":4},{"damage":7,"enemies":"Spire Growth","floor":39,"turns":2}],"seed_played":"-4150701825258815465","potions_obtained":[{"floor":3,"key":"Strength Potion"},{"floor":4,"key":"FocusPotion"},{"floor":10,"key":"Regen Potion"},{"floor":14,"key":"Fire Potion"},{"floor":20,"key":"Strength Potion"},{"floor":28,"key":"GamblersBrew"},{"floor":31,"key":"SteroidPotion"},{"floor":33,"key":"Strength Potion"},{"floor":38,"key":"FocusPotion"}],"is_trial":false,"path_per_floor":["M","?","M","M","$","E","R","E","T","E","R","E","M","M","R","B",null,"M","T","?","?","T","M","R","E","T","R","E","M","M","E","R","B",null,"M","$","M","M","M"],"character_chosen":"DEFECT","items_purchased":["Self Repair","Rip and Tear","Conserve Battery","Self Repair","Loop","Capacitor","Static Discharge","Self Repair","Hello World","War Paint","Gambling Chip"],"campfire_rested":3,"item_purchase_floors":[5,5,36,36,36,36,36,36,36,36,36],"current_hp_per_floor":[57,57,57,42,42,25,61,44,44,28,64,42,48,48,48,34,62,66,66,50,30,30,33,70,69,69,69,48,60,46,46,46,35,66,44,44,31,5,0],"gold":50,"neow_bonus":"RANDOM_COMMON_RELIC","is_prod":false,"is_daily":false,"chose_seed":false,"campfire_upgraded":3,"win_rate":0,"timestamp":1551726885,"path_taken":["M","?","?","M","$","E","R","E","T","E","R","E","M","M","R","BOSS","M","?","?","?","?","M","R","E","T","R","E","M","M","E","R","BOSS","M","$","M","M","M"],"build_version":"2019-01-23","purchased_purges":1,"victory":false,"max_hp_per_floor":[71,71,71,71,71,71,71,71,71,71,71,71,71,71,71,71,71,71,71,71,76,76,76,76,76,76,76,76,76,76,76,76,76,76,76,76,76,76,76],"card_choices":[{"not_picked":["Static Discharge","Fusion"],"picked":"Hologram","floor":1},{"not_picked":["Aggregate","Leap"],"picked":"Defragment","floor":3},{"not_picked":["Gash","Leap"],"picked":"Cold Snap","floor":4},{"not_picked":["Beam Cell","Sweeping Beam"],"picked":"Ball Lightning","floor":6},{"not_picked":["Reboot","Recycle"],"picked":"White Noise","floor":8},{"not_picked":["Fusion","Barrage","Redo"],"picked":"SKIP","floor":10},{"not_picked":["Barrage","Self Repair","Streamline"],"picked":"SKIP","floor":12},{"not_picked":["Gash","Barrage"],"picked":"Cold Snap","floor":13},{"not_picked":["Conserve Battery","Ball Lightning"],"picked":"Hologram","floor":14},{"not_picked":["Thunder Strike","All For One"],"picked":"Buffer","floor":16},{"not_picked":["Conserve Battery","Static Discharge"],"picked":"White Noise","floor":18},{"not_picked":["Aggregate","Redo"],"picked":"Undo","floor":20},{"not_picked":["Ball Lightning","Leap"],"picked":"Coolheaded","floor":23},{"not_picked":["Scrape","Static Discharge"],"picked":"Compile Driver","floor":25},{"not_picked":["Leap","Scrape+1"],"picked":"FTL","floor":28},{"not_picked":["Force Field","Streamline"],"picked":"Coolheaded","floor":29},{"not_picked":["Leap","White Noise"],"picked":"Machine Learning","floor":30},{"not_picked":["Conserve Battery","Fusion"],"picked":"White Noise","floor":31},{"not_picked":["All For One","Amplify"],"picked":"Electrodynamics","floor":33},{"not_picked":["Stack","Gash"],"picked":"Auto Shields+1","floor":35},{"not_picked":["Coolheaded","Double Energy","Doom and Gloom"],"picked":"SKIP","floor":37},{"not_picked":["Sunder","White Noise"],"picked":"Leap","floor":38}],"player_experience":1059949,"relics_obtained":[{"floor":6,"key":"DataDisk"},{"floor":8,"key":"Cables"},{"floor":9,"key":"Omamori"},{"floor":10,"key":"MawBank"},{"floor":12,"key":"Vajra"},{"floor":19,"key":"PreservedInsect"},{"floor":20,"key":"Red Mask"},{"floor":22,"key":"The Courier"},{"floor":25,"key":"Whetstone"},{"floor":26,"key":"Shuriken"},{"floor":28,"key":"Emotion Chip"},{"floor":31,"key":"Pen Nib"}],"event_choices":[{"damage_healed":0,"gold_gain":0,"player_choice":"Upgraded","damage_taken":0,"max_hp_gain":0,"max_hp_loss":0,"event_name":"Upgrade Shrine","floor":2,"gold_loss":0,"cards_upgraded":["Zap"]},{"damage_healed":0,"gold_gain":0,"player_choice":"Fought Bandits","damage_taken":0,"max_hp_gain":0,"max_hp_loss":0,"event_name":"Masked Bandits","floor":20,"gold_loss":0},{"damage_healed":0,"gold_gain":0,"player_choice":"Shed Blood","damage_taken":25,"max_hp_gain":5,"max_hp_loss":0,"event_name":"Forgotten Altar","floor":21,"gold_loss":0}],"is_beta":false,"boss_relics":[{"not_picked":["Sozu","Orrery"],"picked":"Cursed Key"},{"not_picked":["Tiny House","Fusion Hammer"],"picked":"Pandora\u0027s Box"}],"items_purged_floors":[36],"is_endless":false,"potions_floor_spawned":[3,4,10,14,16,20,28,30,31,33,38],"killed_by":"Spire Growth","ascension_level":15}