{"path_per_floor":["M","?","M","?","$","E","R","$","T","?","M","R","M","$","R","B",null,"M","M","$","?","M","R","?","M","T","M","M","R"],"character_chosen":"IRONCLAD","items_purchased":["Pen Nib","Orichalcum"],"gold_per_floor":[119,119,130,80,5,36,36,36,91,166,179,179,199,45,45,142,142,159,179,30,30,40,40,40,52,52,67,86,86],"floor_reached":30,"campfire_rested":1,"playtime":728,"current_hp_per_floor":[80,64,70,70,70,76,76,76,76,65,71,71,71,71,71,61,80,55,43,43,43,42,42,42,14,14,13,19,58],"items_purged":["Defend_R"],"gold":86,"score":255,"play_id":"0549a92d-713a-417f-8687-0e79ce72902d","is_prod":false,"is_daily":false,"is_ascension_mode":false,"campfire_upgraded":1,"path_taken":["M","?","?","?","$","E","R","$","T","?","M","R","M","$","R","BOSS","M","M","$","?","?","R","?","M","T","?","M","R","E"],"build_version":"2018-02-22-PROD2","purchased_purges":1,"victory":false,"master_deck":["Strike_R","Strike_R","Strike_R","Strike_R","Strike_R","Defend_R+1","Defend_R+1","Bash","Rampage+1","Pommel Strike","Battle Trance+1","Brutality","Flex+1","Writhe"],"max_hp_per_floor":[80,80,80,80,80,80,80,80,80,80,80,80,80,80,80,80,80,80,80,80,80,80,80,80,80,80,80,80,80],"relics":["Burning Blood","NeowsBlessing","Girya","Regal Pillow","Pen Nib","Black Star","Orichalcum","Sundial","War Paint"],"card_choices":[{"not_picked":["Headbutt","Burning Pact"],"picked":"Rampage"},{"not_picked":["Hemokinesis","Impervious"],"picked":"Pommel Strike"},{"not_picked":["Flame Barrier","Shockwave"],"picked":"Battle Trance"},{"not_picked":["Bludgeon","Immolate"],"picked":"Brutality"},{"not_picked":["Combust","Twin Strike"],"picked":"Flex"}],"player_experience":229711,"potions_floor_usage":[],"damage_taken":[{"damage":0,"enemies":"Jaw Worm","floor":1,"turns":1},{"damage":0,"enemies":"Small Slimes","floor":3,"turns":1},{"damage":0,"enemies":"Gremlin Nob","floor":6,"turns":1},{"damage":0,"enemies":"Cultist","floor":11,"turns":3},{"damage":6,"enemies":"3 Louse","floor":13,"turns":3},{"damage":16,"enemies":"Slime Boss","floor":16,"turns":6},{"damage":31,"enemies":"2 Thieves","floor":18,"turns":3},{"damage":18,"enemies":"Shell Parasite","floor":19,"turns":4},{"damage":7,"enemies":"Snecko","floor":22,"turns":3},{"damage":34,"enemies":"Cultist and Chosen","floor":25,"turns":6},{"damage":7,"enemies":"3 Cultists","floor":27,"turns":4},{"damage":0,"enemies":"Centurion and Healer","floor":28,"turns":4},{"damage":67,"enemies":"Gremlin Leader","floor":30,"turns":8}],"event_choices":[{"event_name":"Shining Light","player_choice":"Entered Light","floor":2,"damage_taken":0},{"event_name":"The Cleric","player_choice":"Card Removal","floor":4,"damage_taken":0},{"event_name":"World of Goop","player_choice":"Gather Gold","floor":10,"damage_taken":0},{"event_name":"Beggar","player_choice":"Ignored","floor":21,"damage_taken":0},{"event_name":"The Mausoleum","player_choice":"Yes","floor":24,"damage_taken":0}],"boss_relics":[{"not_picked":["Astrolabe","Cursed Key"],"picked":"Black Star"}],"potions_floor_spawned":[3,19,28],"seed_played":"830089998838494565","killed_by":"Gremlin Leader","ascension_level":0,"is_trial":false}