{"gold_per_floor":[364,374,391,21,35,35,62,62,88,120,120,150,150,168,168,241,241,260,274,72,72,82,82],"floor_reached":23,"playtime":997,"items_purged":["Strike_B"],"score":448,"play_id":"cd6307bc-fe09-49b9-b1d6-62030c123c13","local_time":"20190219211156","is_ascension_mode":true,"campfire_choices":[{"data":"Sunder","floor":6.0,"key":"SMITH"},{"data":"Zap","floor":8.0,"key":"SMITH"},{"floor":11,"key":"REST"},{"data":"Turbo","floor":15,"key":"SMITH"}],"neow_cost":"TEN_PERCENT_HP_LOSS","seed_source_timestamp":239950359394761,"circlet_count":0,"master_deck":["AscendersBane","Strike_B","Defend_B+1","Defend_B","Defend_B+1","Zap+1","Dualcast","Cold Snap","Rebound","Sunder+1","Gash+1","Go for the Eyes+1","Turbo+1","Auto Shields","Core Surge+1","Fusion+1","Meteor Strike+1","Gash+1","Defragment"],"special_seed":0,"relics":["Cracked Core","Gremlin Horn","Orichalcum","Happy Flower","Whetstone","War Paint","Lantern","Astrolabe"],"potions_floor_usage":[23,23],"damage_taken":[{"damage":1.0,"enemies":"Cultist","floor":1.0,"turns":3.0},{"damage":6.0,"enemies":"2 Louse","floor":2.0,"turns":3.0},{"damage":5.0,"enemies":"Small Slimes","floor":3.0,"turns":3.0},{"damage":4.0,"enemies":"3 Louse","floor":5.0,"turns":2.0},{"damage":0.0,"enemies":"Gremlin Nob","floor":7.0,"turns":2.0},{"damage":22,"enemies":"Lagavulin","floor":10,"turns":6},{"damage":17,"enemies":"3 Sentries","floor":12,"turns":7},{"damage":0,"enemies":"Gremlin Gang","floor":14,"turns":3},{"damage":15,"enemies":"The Guardian","floor":16,"turns":12},{"damage":9,"enemies":"Shell Parasite","floor":18,"turns":5},{"damage":6,"enemies":"2 Thieves","floor":19,"turns":4},{"damage":4,"enemies":"Centurion and Healer","floor":22,"turns":5},{"damage":52,"enemies":"Gremlin Leader","floor":23,"turns":7}],"seed_played":"8522115840398039214","potions_obtained":[{"floor":1.0,"key":"SpeedPotion"},{"floor":5.0,"key":"FearPotion"},{"floor":10,"key":"Poison Potion"},{"floor":14,"key":"Swift Potion"},{"floor":19,"key":"FocusPotion"}],"is_trial":false,"path_per_floor":["M","M","M","$","M","R","E","R","T","E","R","E","?","M","R","B",null,"M","M","$","?","M","E"],"character_chosen":"DEFECT","items_purchased":["Sunder","Gremlin Horn","Defragment","Regen Potion"],"campfire_rested":1,"item_purchase_floors":[4,4,20,20],"current_hp_per_floor":[63,57,52,52,48,48,48,48,48,26,45,28,28,28,28,13,51,42,36,36,36,32,0],"gold":82,"neow_bonus":"TWO_FIFTY_GOLD","is_prod":false,"is_daily":false,"chose_seed":false,"campfire_upgraded":3,"win_rate":0,"timestamp":1550578316,"path_taken":["M","M","?","$","M","R","E","R","T","E","R","E","?","?","R","BOSS","M","M","$","?","M","E"],"build_version":"2019-01-23","purchased_purges":1,"victory":false,"max_hp_per_floor":[64,64,64,64,64,64,64,64,64,64,64,64,64,64,64,64,64,64,64,64,64,64,64],"card_choices":[{"not_picked":["Chaos","FTL"],"picked":"Cold Snap","floor":1.0},{"not_picked":["Cold Snap","BootSequence","Coolheaded"],"picked":"SKIP","floor":2.0},{"not_picked":["Go for the Eyes","Stack"],"picked":"Rebound","floor":3.0},{"not_picked":["Undo","Sweeping Beam","Coolheaded"],"picked":"SKIP","floor":5.0},{"not_picked":["Redo","Fusion"],"picked":"Gash","floor":7.0},{"not_picked":["Redo","Melter"],"picked":"Go for the Eyes","floor":10},{"not_picked":["Meteor Strike","Lockon"],"picked":"Turbo","floor":12},{"not_picked":["Double Energy","Turbo"],"picked":"Auto Shields","floor":14},{"not_picked":["Beam Cell","Genetic Algorithm"],"picked":"Gash+1","floor":18},{"not_picked":["Barrage+1","Hologram","Genetic Algorithm"],"picked":"SKIP","floor":19},{"not_picked":["Redo","Lockon","FTL"],"picked":"SKIP","floor":22}],"player_experience":804269,"relics_obtained":[{"floor":7.0,"key":"Orichalcum"},{"floor":9.0,"key":"Happy Flower"},{"floor":10,"key":"Whetstone"},{"floor":12,"key":"War Paint"}],"event_choices":[{"damage_healed":0,"gold_gain":0,"player_choice":"Gave Potion","damage_taken":0,"relics_obtained":["Lantern"],"max_hp_gain":0,"max_hp_loss":0,"event_name":"WeMeetAgain","floor":13,"gold_loss":0},{"damage_healed":0,"gold_gain":0,"player_choice":"Ignored","damage_taken":0,"max_hp_gain":0,"max_hp_loss":0,"event_name":"Cursed Tome","floor":21,"gold_loss":0}],"is_beta":false,"boss_relics":[{"not_picked":["Cursed Key","Calling Bell"],"picked":"Astrolabe"}],"items_purged_floors":[20],"is_endless":false,"potions_floor_spawned":[1,5,10,14,18,19],"killed_by":"Gremlin Leader","ascension_level":18}