{"gold_per_floor":[114,131,56,131,143,178,178,78,78,78,88,107,121,131,131,228,228,240,240,250,283,293,293,293,305,317,254,266,293,317,347,359,468,480,507,741,753,783,805,817,844,874,913,144,156,168,168,187,187,187],"floor_reached":50,"playtime":2160,"items_purged":["Uppercut","Feel No Pain","Flex"],"score":577,"play_id":"9a2d20c5-b1c8-4980-9fd1-79448a6fbfb9","local_time":"20180911113314","daily_mods":["Draft"],"is_ascension_mode":false,"campfire_choices":[{"data":"Perfected Strike","floor":10.0,"key":"SMITH"},{"data":"Perfected Strike","floor":15.0,"key":"SMITH"},{"data":"Perfected Strike","floor":23.0,"key":"SMITH"},{"data":"Double Tap","floor":25.0,"key":"SMITH"},{"data":"Offering","floor":28.0,"key":"SMITH"},{"data":"Pommel Strike","floor":32.0,"key":"SMITH"},{"data":"Double Tap","floor":40,"key":"SMITH"},{"floor":47,"key":"REST"},{"floor":49,"key":"REST"}],"neow_cost":"","seed_source_timestamp":0,"circlet_count":0,"master_deck":["Clash","Perfected Strike+1","Wild Strike","Twin Strike","Flex","Warcry","Perfected Strike+1","Sword Boomerang","Pommel Strike","Perfected Strike+1","Pommel Strike","Wild Strike","Offering+1","Twin Strike","Wild Strike","Wild Strike","Double Tap+1","Wild Strike+1","Twin Strike+1","Twin Strike","Pommel Strike+1","Double Tap+1","Seeing Red+1","Pommel Strike+1","Perfected Strike+1","Perfected Strike+1"],"special_seed":0,"relics":["Burning Blood","Ice Cream","Thread and Needle","Velvet Choker","Red Mask","MawBank","Frozen Egg 2","White Beast Statue","Potion Belt","DollysMirror","Happy Flower","PreservedInsect"],"potions_floor_usage":[39,39,41,41,42,45,45,46,48,48,50,50],"damage_taken":[{"damage":0.0,"enemies":"Jaw Worm","floor":1.0,"turns":1.0},{"damage":0.0,"enemies":"Cultist","floor":2.0,"turns":1.0},{"damage":2.0,"enemies":"2 Louse","floor":5.0,"turns":2.0},{"damage":15.0,"enemies":"3 Sentries","floor":6.0,"turns":3.0},{"damage":0.0,"enemies":"Looter","floor":11.0,"turns":1.0},{"damage":6.0,"enemies":"Exordium Thugs","floor":12.0,"turns":1.0},{"damage":0.0,"enemies":"3 Louse","floor":13.0,"turns":2.0},{"damage":6.0,"enemies":"Blue Slaver","floor":14.0,"turns":1.0},{"damage":43.0,"enemies":"Hexaghost","floor":16.0,"turns":4.0},{"damage":3.0,"enemies":"3 Byrds","floor":18.0,"turns":3.0},{"damage":0.0,"enemies":"Spheric Guardian","floor":20.0,"turns":1.0},{"damage":5.0,"enemies":"Masked Bandits","floor":21.0,"turns":3.0},{"damage":2.0,"enemies":"Cultist and Chosen","floor":22.0,"turns":3.0},{"damage":6.0,"enemies":"Sentry and Sphere","floor":29.0,"turns":2.0},{"damage":0.0,"enemies":"Shelled Parasite and Fungi","floor":30.0,"turns":1.0},{"damage":11.0,"enemies":"Snake Plant","floor":31.0,"turns":2.0},{"damage":32.0,"enemies":"Champ","floor":33.0,"turns":4.0},{"damage":11.0,"enemies":"3 Darklings","floor":35.0,"turns":4.0},{"damage":13.0,"enemies":"Orb Walker","floor":38.0,"turns":2.0},{"damage":26,"enemies":"Maw","floor":39,"turns":5},{"damage":22,"enemies":"Spire Growth","floor":41,"turns":3},{"damage":7,"enemies":"4 Shapes","floor":42,"turns":2},{"damage":1,"enemies":"Maw","floor":45,"turns":4},{"damage":0,"enemies":"Reptomancer","floor":46,"turns":1},{"damage":53,"enemies":"4 Shapes","floor":48,"turns":3},{"damage":65,"enemies":"Awakened One","floor":50,"turns":3}],"seed_played":"-4245434049428537944","potions_obtained":[{"floor":6.0,"key":"EssenceOfSteel"},{"floor":12.0,"key":"GamblersBrew"},{"floor":14.0,"key":"Fire Potion"},{"floor":16.0,"key":"Dexterity Potion"},{"floor":18.0,"key":"AttackPotion"},{"floor":22.0,"key":"BloodPotion"},{"floor":33.0,"key":"AttackPotion"},{"floor":35.0,"key":"EssenceOfSteel"},{"floor":39,"key":"Explosive Potion"},{"floor":41,"key":"Explosive Potion"},{"floor":42,"key":"Dexterity Potion"},{"floor":45,"key":"BloodPotion"},{"floor":46,"key":"Block Potion"},{"floor":48,"key":"Dexterity Potion"}],"is_trial":true,"path_per_floor":["M","M","$","?","M","E","?","$","T","R","M","M","M","M","R","B",null,"M","?","M","?","M","R","T","R","T","?","R","M","M","M","R","B",null,"M","?","?","M","M","R","M","M","T","$","M","M","R","M","R"],"character_chosen":"IRONCLAD","items_purchased":["DollysMirror","Happy Flower","PreservedInsect","Swift Potion","AttackPotion","Poison Potion"],"campfire_rested":2,"item_purchase_floors":[44,44,44,44,44,44],"current_hp_per_floor":[80,80,80,72,76,67,60,60,60,60,66,66,72,72,72,35,80,80,65,71,72,76,76,76,76,76,76,76,76,82,77,77,51,85,80,80,80,73,61,61,45,44,44,44,49,55,79,40,64,0],"gold":187,"neow_bonus":"","is_prod":false,"is_daily":false,"chose_seed":false,"campfire_upgraded":7,"win_rate":0,"timestamp":1536679994,"path_taken":["M","M","$","?","M","E","?","$","T","R","M","M","M","M","R","BOSS","M","?","M","?","?","R","?","R","T","?","R","?","M","M","R","BOSS","M","?","?","M","M","R","M","M","T","$","M","M","R","M","R","BOSS"],"build_version":"2018-09-06","purchased_purges":3,"victory":false,"max_hp_per_floor":[80,80,80,80,80,80,80,80,80,80,80,80,80,80,80,80,80,80,85,85,85,85,85,85,85,85,85,85,85,85,85,85,85,85,85,85,81,81,81,81,81,81,81,81,81,81,81,81,81,81],"card_choices":[{"not_picked":["Iron Wave","Shrug It Off"],"picked":"Clash","floor":0.0},{"not_picked":["Iron Wave","Headbutt"],"picked":"Flex","floor":0.0},{"not_picked":["True Grit","Hemokinesis"],"picked":"Battle Trance","floor":0.0},{"not_picked":["Clothesline","Cleave"],"picked":"Perfected Strike","floor":0.0},{"not_picked":["Infernal Blade","Thunderclap"],"picked":"Wild Strike","floor":0.0},{"not_picked":["Heavy Blade","Wild Strike"],"picked":"Twin Strike","floor":0.0},{"not_picked":["Combust","Sword Boomerang"],"picked":"Flex","floor":0.0},{"not_picked":["Pummel","Dropkick"],"picked":"Warcry","floor":0.0},{"not_picked":["Headbutt","Blood for Blood"],"picked":"Rage","floor":0.0},{"not_picked":["Uppercut","Armaments"],"picked":"Perfected Strike","floor":0.0},{"not_picked":["Body Slam","Cleave"],"picked":"Sword Boomerang","floor":0.0},{"not_picked":["Heavy Blade","Rupture"],"picked":"Feel No Pain","floor":0.0},{"not_picked":["Body Slam","Hemokinesis"],"picked":"Uppercut","floor":0.0},{"not_picked":["Ghostly Armor","Power Through"],"picked":"Pommel Strike","floor":0.0},{"not_picked":["Heavy Blade","Thunderclap"],"picked":"Perfected Strike","floor":0.0},{"not_picked":["Headbutt","Anger"],"picked":"Pommel Strike","floor":1.0},{"not_picked":["Armaments","Shrug It Off"],"picked":"Wild Strike","floor":2.0},{"not_picked":["Heavy Blade","Infernal Blade"],"picked":"Offering","floor":5.0},{"not_picked":["Shrug It Off","Armaments"],"picked":"Twin Strike","floor":6.0},{"not_picked":["Whirlwind","Armaments"],"picked":"Wild Strike","floor":11.0},{"not_picked":["Spot Weakness","Shrug It Off"],"picked":"Wild Strike","floor":12.0},{"not_picked":["Anger","Battle Trance","Sentinel"],"picked":"SKIP","floor":13.0},{"not_picked":["Havoc","Iron Wave","Fiend Fire"],"picked":"SKIP","floor":14.0},{"not_picked":["Barricade","Berserk"],"picked":"Double Tap","floor":16.0},{"not_picked":["Battle Trance+1","Dropkick"],"picked":"Wild Strike+1","floor":18.0},{"not_picked":["Second Wind+1","Flame Barrier","Uppercut"],"picked":"SKIP","floor":20.0},{"not_picked":["Heavy Blade","Evolve"],"picked":"Twin Strike+1","floor":21.0},{"not_picked":["Sentinel+1","Sword Boomerang","Iron Wave"],"picked":"SKIP","floor":22.0},{"not_picked":["Ghostly Armor","Fiend Fire","Flex"],"picked":"SKIP","floor":29.0},{"not_picked":["Sword Boomerang","Flex+1"],"picked":"Twin Strike","floor":30.0},{"not_picked":["Evolve+1","Havoc"],"picked":"Pommel Strike","floor":31.0},{"not_picked":["Juggernaut+1","Dark Embrace+1"],"picked":"Double Tap","floor":33.0},{"not_picked":["Dual Wield+1","Hemokinesis","Thunderclap"],"picked":"SKIP","floor":35.0},{"not_picked":["Flame Barrier+1","Wild Strike"],"picked":"Seeing Red+1","floor":38.0},{"not_picked":["Shrug It Off+1","Thunderclap","Warcry"],"picked":"SKIP","floor":39},{"not_picked":["Spot Weakness+1","Anger+1","Headbutt"],"picked":"SKIP","floor":41},{"not_picked":["Inflame+1","Heavy Blade"],"picked":"Pommel Strike+1","floor":42},{"not_picked":["Corruption+1","Demon Form+1","True Grit"],"picked":"SKIP","floor":45},{"not_picked":["Wild Strike","Sever Soul+1"],"picked":"Perfected Strike+1","floor":46},{"not_picked":["Sword Boomerang","Whirlwind","Second Wind+1"],"picked":"SKIP","floor":48}],"player_experience":100135,"relics_obtained":[{"floor":6.0,"key":"Ice Cream"},{"floor":9.0,"key":"Thread and Needle"},{"floor":21.0,"key":"Red Mask"},{"floor":24.0,"key":"MawBank"},{"floor":26.0,"key":"Frozen Egg 2"},{"floor":43,"key":"Potion Belt"}],"event_choices":[{"event_name":"FaceTrader","player_choice":"Touch","floor":4.0,"damage_taken":0.0},{"event_name":"Golden Wing","player_choice":"Card Removal","floor":7.0,"damage_taken":0.0},{"event_name":"Forgotten Altar","player_choice":"Shed Blood","floor":19.0,"damage_taken":0.0},{"event_name":"Masked Bandits","player_choice":"Fought Bandits","floor":21.0,"damage_taken":0.0},{"event_name":"Beggar","player_choice":"Gave Gold","floor":27.0,"damage_taken":0.0},{"event_name":"Tomb of Lord Red Mask","player_choice":"Wore Mask","floor":36.0,"damage_taken":0.0},{"event_name":"Winding Halls","player_choice":"Max HP","floor":37.0,"damage_taken":0.0}],"is_beta":false,"boss_relics":[{"not_picked":["Ectoplasm","Snecko Eye"],"picked":"Velvet Choker"},{"not_picked":["Fusion Hammer","Runic Dome"],"picked":"White Beast Statue"}],"items_purged_floors":[3,8,44],"is_endless":false,"potions_floor_spawned":[6,12,14,16,18,22,33,35,38,39,41,42,45,46,48],"killed_by":"Awakened One","ascension_level":0}