{"gold_per_floor":[131,143,168,190,202,214,253,278,290,318,349,372,384,396,408,515,527,550,198,208,221,320,320,235,245,245,245,257,284,134,147,147,252,252,265,0,23,23,38,38,73,73,73,87,87,99,99,118,118,118],"floor_reached":50,"playtime":3981,"items_purged":["Decay"],"score":521,"play_id":"f966e72e-502b-4f2f-ae2b-082a94f98417","local_time":"20190109230046","is_ascension_mode":false,"campfire_choices":[{"floor":6,"key":"RECALL"},{"floor":15,"key":"REST"},{"floor":23,"key":"REST"},{"floor":27,"key":"REST"},{"floor":32,"key":"REST"},{"data":"Infinite Blades","floor":40,"key":"SMITH"},{"floor":45,"key":"REST"},{"floor":49,"key":"REST"}],"neow_cost":"NONE","seed_source_timestamp":81733732284627,"circlet_count":0,"master_deck":["Defend_G","Defend_G","Defend_G","Defend_G","Defend_G","Strike_G","Strike_G","Strike_G","Strike_G","Survivor","Neutralize","Dagger Spray","Underhanded Strike","Terror+1","Underhanded Strike","All Out Attack","Dagger Spray","Predator","Prepared","Bullet Time","Dagger Throw+1","PiercingWail","Infinite Blades+1","Dagger Throw","Flying Knee","Prepared+1","Acrobatics","Blur","Crippling Poison+1","Doppelganger","Eviscerate+1","Bullet Time","Terror+1","Blur+1","PiercingWail","Dagger Throw+1","Corpse Explosion"],"relics":["Ring of the Snake","MawBank","Orichalcum","Runic Pyramid","HandDrill","Pantograph","Blood Vial","Anchor","Vajra","Empty Cage","Red Mask","Pen Nib","Shuriken","Dodecahedron"],"potions_floor_usage":[16,33,41,50,50,50],"damage_taken":[{"damage":4,"enemies":"Cultist","floor":1,"turns":5},{"damage":5,"enemies":"2 Louse","floor":3,"turns":2},{"damage":0,"enemies":"Small Slimes","floor":4,"turns":4},{"damage":28,"enemies":"3 Sentries","floor":7,"turns":10},{"damage":4,"enemies":"Exordium Thugs","floor":8,"turns":4},{"damage":12,"enemies":"Large Slime","floor":10,"turns":5},{"damage":0,"enemies":"Blue Slaver","floor":11,"turns":3},{"damage":4,"enemies":"Exordium Wildlife","floor":12,"turns":4},{"damage":22,"enemies":"Hexaghost","floor":16,"turns":9},{"damage":24,"enemies":"2 Thieves","floor":18,"turns":4},{"damage":13,"enemies":"Spheric Guardian","floor":20,"turns":5},{"damage":8,"enemies":"3 Cultists","floor":21,"turns":4},{"damage":14,"enemies":"Shelled Parasite and Fungi","floor":25,"turns":6},{"damage":7,"enemies":"Centurion and Healer","floor":28,"turns":5},{"damage":28,"enemies":"Slavers","floor":29,"turns":5},{"damage":23,"enemies":"Snecko","floor":31,"turns":5},{"damage":45,"enemies":"Champ","floor":33,"turns":11},{"damage":5,"enemies":"3 Darklings","floor":35,"turns":4},{"damage":1,"enemies":"Orb Walker","floor":39,"turns":2},{"damage":39,"enemies":"Giant Head","floor":41,"turns":7},{"damage":3,"enemies":"Spire Growth","floor":44,"turns":3},{"damage":12,"enemies":"Sphere and 2 Shapes","floor":46,"turns":4},{"damage":21,"enemies":"4 Shapes","floor":48,"turns":9},{"damage":66,"enemies":"Time Eater","floor":50,"turns":8}],"seed_played":"7117391375764559840","potions_obtained":[{"floor":4,"key":"GhostInAJar"},{"floor":8,"key":"Fire Potion"},{"floor":10,"key":"Regen Potion"},{"floor":11,"key":"Ancient Potion"},{"floor":16,"key":"PowerPotion"},{"floor":35,"key":"Fire Potion"},{"floor":44,"key":"SneckoOil"},{"floor":46,"key":"SteroidPotion"},{"floor":48,"key":"LiquidBronze"}],"is_trial":false,"path_per_floor":["M","$","M","M","?","R","E","M","T","M","M","M","?","?","R","B",null,"M","$","M","M","?","R","?","M","T","R","M","E","$","M","R","B",null,"M","?","T","?","M","R","E","?","T","M","R","M","$","M","R","B"],"character_chosen":"THE_SILENT","items_purchased":["PiercingWail","Infinite Blades","HandDrill","Vajra"],"campfire_rested":6,"item_purchase_floors":[19,19,19,30],"current_hp_per_floor":[66,66,61,61,61,61,33,29,29,17,17,13,30,30,51,44,70,46,46,33,25,25,46,46,32,32,53,48,22,22,1,22,4,67,62,62,62,62,63,63,26,26,26,25,45,35,35,16,36,0],"gold":118,"neow_bonus":"RANDOM_COMMON_RELIC","is_prod":false,"is_daily":false,"chose_seed":false,"campfire_upgraded":1,"win_rate":0,"timestamp":1547092846,"path_taken":["M","?","M","M","?","R","E","M","T","?","M","M","?","?","R","BOSS","M","$","M","?","?","R","?","M","T","R","M","E","$","M","R","BOSS","M","?","?","?","?","R","E","?","T","M","R","M","?","M","R","BOSS"],"build_version":"2019-01-03v4","purchased_purges":1,"victory":false,"max_hp_per_floor":[70,70,70,70,70,70,70,70,70,70,70,70,70,70,70,70,70,70,70,70,70,70,70,70,70,70,70,70,70,70,70,70,70,67,67,67,67,67,67,67,67,67,67,67,67,67,67,67,67,67],"card_choices":[{"not_picked":["Backflip","Poisoned Stab"],"picked":"Dagger Spray","floor":1},{"not_picked":["Tactician","Deadly Poison"],"picked":"Underhanded Strike","floor":3},{"not_picked":["Sucker Punch","Backflip"],"picked":"Terror","floor":4},{"not_picked":["Sucker Punch","Dodge and Roll"],"picked":"Underhanded Strike","floor":7},{"not_picked":["Sucker Punch","Quick Slash"],"picked":"All Out Attack","floor":8},{"not_picked":["Night Terror","Finisher"],"picked":"Dagger Spray","floor":10},{"not_picked":["Outmaneuver","Sucker Punch"],"picked":"Predator","floor":11},{"not_picked":["Deadly Poison","Outmaneuver"],"picked":"Prepared","floor":12},{"not_picked":["Unload","Doppelganger"],"picked":"Bullet Time","floor":16},{"not_picked":["Dagger Spray","Deflect"],"picked":"Dagger Throw+1","floor":18},{"not_picked":["Blade Dance","Deadly Poison"],"picked":"Dagger Throw","floor":20},{"not_picked":["Dagger Spray","PiercingWail"],"picked":"Flying Knee","floor":21},{"not_picked":["Catalyst","Dodge and Roll"],"picked":"Prepared+1","floor":25},{"not_picked":["Poisoned Stab","Masterful Stab"],"picked":"Acrobatics","floor":28},{"not_picked":["Poisoned Stab","Bane"],"picked":"Blur","floor":29},{"not_picked":["Dodge and Roll","Flechettes"],"picked":"Crippling Poison+1","floor":31},{"not_picked":["Envenom","Night Terror"],"picked":"Doppelganger","floor":33},{"not_picked":["Infinite Blades","Bouncing Flask+1"],"picked":"Eviscerate+1","floor":35},{"not_picked":["Dodge and Roll","Dagger Throw"],"picked":"Terror+1","floor":39},{"not_picked":["Infinite Blades","Caltrops"],"picked":"Blur+1","floor":41},{"not_picked":["Backflip+1","Quick Slash+1"],"picked":"PiercingWail","floor":44},{"not_picked":["Bane+1","Expertise+1"],"picked":"Dagger Throw+1","floor":46},{"not_picked":["Bane+1","Distraction"],"picked":"Corpse Explosion","floor":48}],"player_experience":46823,"relics_obtained":[{"floor":7,"key":"Orichalcum"},{"floor":26,"key":"Blood Vial"},{"floor":29,"key":"Anchor"},{"floor":37,"key":"Pen Nib"},{"floor":41,"key":"Shuriken"},{"floor":43,"key":"Dodecahedron"}],"event_choices":[{"damage_healed":0,"gold_gain":0,"player_choice":"Upgraded","damage_taken":0,"max_hp_gain":0,"max_hp_loss":0,"event_name":"Upgrade Shrine","floor":5,"gold_loss":0,"cards_upgraded":["Terror"]},{"damage_healed":17,"gold_gain":0,"player_choice":"Healed and dodged fight","damage_taken":0,"max_hp_gain":0,"max_hp_loss":0,"event_name":"Mushrooms","floor":13,"gold_loss":0,"cards_obtained":["Parasite"]},{"damage_healed":0,"gold_gain":0,"player_choice":"Cursed","damage_taken":0,"max_hp_gain":0,"max_hp_loss":0,"event_name":"Wheel of Change","floor":14,"gold_loss":0,"cards_obtained":["Decay"]},{"damage_healed":0,"gold_gain":99,"player_choice":"Stole From Cult","damage_taken":0,"max_hp_gain":0,"max_hp_loss":0,"event_name":"Nest","floor":22,"gold_loss":0},{"damage_healed":0,"gold_gain":0,"player_choice":"Obtained Relic","damage_taken":0,"relics_obtained":["Pantograph"],"max_hp_gain":0,"max_hp_loss":0,"event_name":"Addict","floor":24,"gold_loss":85},{"damage_healed":0,"gold_gain":0,"player_choice":"Paid","damage_taken":0,"relics_obtained":["Red Mask"],"max_hp_gain":0,"max_hp_loss":0,"event_name":"Tomb of Lord Red Mask","floor":36,"gold_loss":265},{"damage_healed":0,"gold_gain":0,"player_choice":"Copied","damage_taken":0,"max_hp_gain":0,"max_hp_loss":0,"event_name":"Duplicator","floor":38,"gold_loss":0,"cards_obtained":["Bullet Time"]},{"damage_healed":0,"gold_gain":0,"player_choice":"Ignored","damage_taken":0,"max_hp_gain":0,"max_hp_loss":0,"event_name":"Mysterious Sphere","floor":42,"gold_loss":0}],"is_beta":false,"boss_relics":[{"not_picked":["WristBlade","Ring of the Serpent"],"picked":"Runic Pyramid"},{"not_picked":["Sozu","HoveringKite"],"picked":"Empty Cage"}],"items_purged_floors":[19],"is_endless":false,"potions_floor_spawned":[4,8,10,11,16,18,28,29,35,44,46,48],"killed_by":"Time Eater","ascension_level":0}