{"gold_per_floor":[10,21,21,31,50,50,50,83,109,109,109,141,151,168,168,243,243,256,181,181,196,176,176,201,214,238,238,238,55,68,16,16,16],"floor_reached":33,"playtime":1720,"items_purged":["Defend_G"],"score":481,"play_id":"afa710a3-77d7-4462-9640-7bbda804cd52","local_time":"20180911141221","is_ascension_mode":true,"campfire_choices":[{"data":"Neutralize","floor":6.0,"key":"SMITH"},{"floor":10,"key":"REST"},{"data":"Noxious Fumes","floor":15,"key":"SMITH"},{"data":"Outmaneuver","floor":23,"key":"SMITH"},{"data":"Acrobatics","floor":28,"key":"SMITH"},{"data":"Expertise","floor":32,"key":"SMITH"}],"neow_cost":"NO_GOLD","seed_source_timestamp":550454602759152,"circlet_count":0,"master_deck":["Defend_G","Defend_G","Defend_G","Defend_G+1","Survivor","Neutralize+1","AscendersBane","Skewer+1","Dagger Throw","Flying Knee","Noxious Fumes+1","Backflip","Deflect","Acrobatics+1","PiercingWail","Unload","Outmaneuver+1","Terror","Concentrate","Acrobatics","Expertise+1"],"special_seed":0,"relics":["Ring of the Snake","Orichalcum","Blood Vial","Dream Catcher","Coffee Dripper","Art of War"],"potions_floor_usage":[8,12,16,24,33],"damage_taken":[{"damage":0.0,"enemies":"Cultist","floor":1.0,"turns":4.0},{"damage":0.0,"enemies":"2 Louse","floor":2.0,"turns":2.0},{"damage":7.0,"enemies":"Small Slimes","floor":4.0,"turns":4.0},{"damage":7.0,"enemies":"3 Louse","floor":5.0,"turns":3.0},{"damage":23,"enemies":"Gremlin Nob","floor":8,"turns":4},{"damage":7,"enemies":"3 Sentries","floor":12,"turns":7},{"damage":13,"enemies":"2 Fungi Beasts","floor":13,"turns":5},{"damage":7,"enemies":"Exordium Thugs","floor":14,"turns":6},{"damage":3,"enemies":"The Guardian","floor":16,"turns":11},{"damage":0,"enemies":"Chosen","floor":18,"turns":4},{"damage":2,"enemies":"3 Byrds","floor":21,"turns":5},{"damage":15,"enemies":"Book of Stabbing","floor":24,"turns":6},{"damage":5,"enemies":"Centurion and Healer","floor":25,"turns":5},{"damage":14,"enemies":"Shelled Parasite and Fungi","floor":30,"turns":5},{"damage":37,"enemies":"Automaton","floor":33,"turns":12}],"seed_played":"3256173732043967519","potions_obtained":[{"floor":5.0,"key":"Regen Potion"},{"floor":8,"key":"Energy Potion"},{"floor":13,"key":"Poison Potion"},{"floor":16,"key":"Explosive Potion"},{"floor":22,"key":"Block Potion"},{"floor":25,"key":"GhostInAJar"}],"is_trial":false,"path_per_floor":["M","M","?","M","M","R","?","E","T","R","?","E","M","M","R","B",null,"M","?","?","M","?","R","E","M","T","?","R","$","M","$","R"],"character_chosen":"THE_SILENT","items_purchased":["Concentrate","Acrobatics","Energy Potion"],"campfire_rested":1,"item_purchase_floors":[29,29,31],"current_hp_per_floor":[59,59,39,32,25,25,18,7,7,26,48,43,32,27,27,26,56,58,58,58,58,58,58,45,42,42,42,42,42,30,30,30,0],"gold":16,"neow_bonus":"TRANSFORM_TWO_CARDS","is_prod":false,"is_daily":false,"chose_seed":false,"campfire_upgraded":5,"win_rate":0,"timestamp":1536642741,"path_taken":["M","?","?","M","M","R","?","E","T","R","?","E","?","M","R","BOSS","M","?","?","M","?","R","E","?","T","?","R","$","M","?","R","BOSS"],"build_version":"2018-09-06","purchased_purges":1,"victory":false,"max_hp_per_floor":[66,66,66,66,66,66,66,66,66,66,66,66,66,66,66,66,66,66,66,66,66,66,66,66,66,66,66,66,66,66,66,66,66],"card_choices":[{"not_picked":["Deadly Poison","Sucker Punch"],"picked":"Flying Knee","floor":1.0},{"not_picked":["Choke","Flying Knee"],"picked":"Noxious Fumes","floor":2.0},{"not_picked":["Poisoned Stab","Underhanded Strike"],"picked":"Backflip","floor":4.0},{"not_picked":["Noxious Fumes","Poisoned Stab"],"picked":"Deflect","floor":5.0},{"not_picked":["Noxious Fumes","Underhanded Strike"],"picked":"Acrobatics","floor":8},{"not_picked":["Setup","Dodge and Roll"],"picked":"PiercingWail","floor":12},{"not_picked":["Deflect","Accuracy","Sucker Punch"],"picked":"SKIP","floor":13},{"not_picked":["Dodge and Roll","Leg Sweep","Setup"],"picked":"SKIP","floor":14},{"not_picked":["Venomology","Night Terror"],"picked":"Unload","floor":16},{"not_picked":["Quick Slash+1","Heel Hook"],"picked":"Outmaneuver","floor":18},{"not_picked":["Crippling Poison","Distraction","Deflect"],"picked":"SKIP","floor":21},{"not_picked":["Caltrops","Blade Dance","PiercingWail"],"picked":"SKIP","floor":24},{"not_picked":["Caltrops","Blade Dance","PiercingWail"],"picked":"SKIP","floor":24},{"not_picked":["Eviscerate","Riddle With Holes"],"picked":"Terror","floor":25},{"not_picked":["Accuracy","Prepared"],"picked":"Expertise","floor":30}],"player_experience":646541,"relics_obtained":[{"floor":8,"key":"Orichalcum"},{"floor":9,"key":"Blood Vial"},{"floor":12,"key":"Dream Catcher"},{"floor":26,"key":"Art of War"}],"event_choices":[{"event_name":"Shining Light","player_choice":"Entered Light","floor":3.0,"damage_taken":0.0},{"event_name":"Golden Wing","player_choice":"Card Removal","floor":7.0,"damage_taken":0.0},{"event_name":"Big Fish","player_choice":"Banana","floor":11,"damage_taken":0},{"event_name":"Beggar","player_choice":"Gave Gold","floor":19,"damage_taken":0},{"event_name":"Vampires","player_choice":"Ignored","floor":20,"damage_taken":0},{"event_name":"The Woman in Blue","player_choice":"Bought 1 Potion","floor":22,"damage_taken":0},{"event_name":"Purifier","player_choice":"One Purge","floor":27,"damage_taken":0}],"is_beta":false,"boss_relics":[{"not_picked":["Ectoplasm","Philosopher\u0027s Stone"],"picked":"Coffee Dripper"}],"items_purged_floors":[29],"is_endless":false,"potions_floor_spawned":[5,8,13,16,25,30],"killed_by":"Automaton","ascension_level":15}