{"gold_per_floor":[13,188,263,82,82,111,111,129,154,212,226,226,30,44,44,140,170,183,200,226,241,260,286,286,286,333,344,354,367,547,567,567,665,665,679,679,726,743,743,776,776,5,51,64,64,64,99,99,99,99],"floor_reached":51,"playtime":2138,"items_purged":["Doubt","Strike_B","Strike_B"],"score":1316,"play_id":"984e1aa1-6c35-4a58-8f3f-f2a9d920ffb6","local_time":"20180709020326","is_ascension_mode":true,"campfire_choices":[{"data":"Coolheaded","floor":7,"key":"SMITH"},{"floor":12,"key":"REST"},{"data":"Defragment","floor":15,"key":"SMITH"},{"data":"Electrodynamics","floor":24,"key":"SMITH"},{"floor":32,"key":"REST"},{"floor":41,"key":"REST"},{"data":"Static Discharge","floor":45,"key":"SMITH"},{"floor":49,"key":"REST"}],"neow_cost":"NO_GOLD","seed_source_timestamp":1132846456521472,"circlet_count":0,"master_deck":["Strike_B","Defend_B","Defend_B","Defend_B","Defend_B","Zap","Dualcast","AscendersBane","Electrodynamics+1","Conserve Battery","Cold Snap","Coolheaded+1","Go for the Eyes","Chill+1","Defragment+1","Ball Lightning","Static Discharge+1","Coolheaded+1","Compile Driver+1","Stack+1","Seek","Force Field","Go for the Eyes+1","Self Repair","Flash of Steel+1","Master of Strategy","Finesse"],"relics":["Cracked Core","DataDisk","Lantern","Tiny Chest","Tiny House","Red Mask","Matryoshka","Omamori","Molten Egg 2","Pen Nib","Bag of Marbles","Inserter","Centennial Puzzle","Orichalcum","Medical Kit","Anchor","Blood Vial","Juzu Bracelet","Symbiotic Virus"],"potions_floor_usage":[16,23,40,40,47,47,50],"damage_taken":[{"damage":1,"enemies":"Small Slimes","floor":1,"turns":3},{"damage":35,"enemies":"Gremlin Nob","floor":6,"turns":4},{"damage":5,"enemies":"2 Louse","floor":8,"turns":3},{"damage":7,"enemies":"Lagavulin","floor":10,"turns":7},{"damage":0,"enemies":"Jaw Worm","floor":11,"turns":4},{"damage":1,"enemies":"2 Fungi Beasts","floor":14,"turns":2},{"damage":0,"enemies":"Slime Boss","floor":16,"turns":8},{"damage":0,"enemies":"Spheric Guardian","floor":18,"turns":3},{"damage":2,"enemies":"3 Byrds","floor":19,"turns":4},{"damage":0,"floor":20,"turns":4},{"damage":0,"enemies":"Cultist and Chosen","floor":21,"turns":5},{"damage":5,"enemies":"3 Cultists","floor":22,"turns":4},{"damage":0,"enemies":"Slavers","floor":23,"turns":3},{"damage":10,"enemies":"Snake Plant","floor":27,"turns":3},{"damage":11,"enemies":"Snecko","floor":28,"turns":5},{"damage":0,"enemies":"Chosen and Byrds","floor":29,"turns":4},{"damage":12,"enemies":"Snake Plant","floor":31,"turns":5},{"damage":33,"enemies":"Collector","floor":33,"turns":13},{"damage":0,"enemies":"3 Shapes","floor":35,"turns":2},{"damage":19,"enemies":"3 Darklings","floor":38,"turns":3},{"damage":54,"enemies":"2 Orb Walkers","floor":40,"turns":6},{"damage":0,"enemies":"Sphere and 2 Shapes","floor":44,"turns":5},{"damage":38,"enemies":"Giant Head","floor":47,"turns":10},{"damage":28,"enemies":"Donu and Deca","floor":50,"turns":9}],"seed_played":"3985097766247761210","potions_obtained":[{"floor":10,"key":"Poison Potion"},{"floor":16,"key":"Explosive Potion"},{"floor":23,"key":"FearPotion"},{"floor":27,"key":"Explosive Potion"},{"floor":33,"key":"Regen Potion"},{"floor":40,"key":"EssenceOfSteel"},{"floor":47,"key":"Ancient Potion"}],"is_trial":false,"path_per_floor":["M","?","?","$","?","E","R","M","T","E","M","R","$","M","R","B",null,"M","M","?","M","M","E","R","T","T","M","M","M","?","M","R","B",null,"M","?","T","M","?","E","R","$","T","M","R","?","E","?","R","B"],"character_chosen":"DEFECT","items_purchased":["Cold Snap","Coolheaded","FairyPotion","Medical Kit","Anchor","Blood Vial","Self Repair","Regen Potion"],"campfire_rested":4,"item_purchase_floors":[4,4,13,42,42,42,42,42],"current_hp_per_floor":[67,67,56,56,56,21,21,16,16,9,9,31,31,30,30,30,69,69,67,67,67,62,62,62,62,62,52,41,41,17,5,29,4,61,61,80,80,61,61,21,45,45,45,54,54,44,30,30,54,35],"gold":99,"neow_bonus":"THREE_RARE_CARDS","is_prod":false,"is_daily":false,"chose_seed":false,"campfire_upgraded":4,"win_rate":0,"timestamp":1531069406,"path_taken":["M","?","?","$","?","E","R","?","T","E","M","R","$","M","R","BOSS","M","M","?","?","M","E","R","?","T","M","M","?","?","M","R","BOSS","M","?","?","M","?","E","R","?","T","M","R","?","E","?","R","BOSS"],"build_version":"2018-07-05","purchased_purges":3,"victory":true,"max_hp_per_floor":[75,75,75,75,75,75,75,75,75,75,75,75,75,75,75,75,80,80,80,80,80,80,80,80,80,80,80,80,80,80,80,80,80,80,80,80,80,80,80,80,80,80,80,80,80,80,80,80,80,80],"card_choices":[{"not_picked":["Creative AI","Amplify"],"picked":"Electrodynamics","floor":0},{"not_picked":["Redo","Beam Cell"],"picked":"Conserve Battery","floor":1},{"not_picked":["Darkness","FTL"],"picked":"Go for the Eyes","floor":6},{"not_picked":["Auto Shields","Tempest"],"picked":"Chill","floor":8},{"not_picked":["Static Discharge","Reboot"],"picked":"Defragment","floor":10},{"not_picked":["Streamline","Beam Cell"],"picked":"Go for the Eyes","floor":11},{"not_picked":["Fusion","Go for the Eyes","Tempest"],"picked":"SKIP","floor":14},{"not_picked":["Redo","Barrage+1","Gash"],"picked":"SKIP","floor":18},{"not_picked":["Undo+1","Redo","Streamline"],"picked":"SKIP","floor":19},{"not_picked":["Loop","Cold Snap"],"picked":"Ball Lightning","floor":20},{"not_picked":["Chaos","Static Discharge","Hello World+1"],"picked":"SKIP","floor":21},{"not_picked":["Chaos","Hello World+1"],"picked":"Static Discharge","floor":21},{"not_picked":["Leap","Stack","Undo+1"],"picked":"SKIP","floor":22},{"not_picked":["Thunder Strike","Fusion+1","Doom and Gloom"],"picked":"SKIP","floor":23},{"not_picked":["Barrage+1","White Noise","Sweeping Beam+1"],"picked":"SKIP","floor":27},{"not_picked":["Streamline+1","Skim"],"picked":"Coolheaded+1","floor":28},{"not_picked":["Ball Lightning+1","White Noise"],"picked":"Compile Driver+1","floor":29},{"not_picked":["Barrage+1","Sweeping Beam+1"],"picked":"Stack+1","floor":31},{"not_picked":["All For One+1","Core Surge+1"],"picked":"Seek","floor":33},{"not_picked":["Hologram","Sweeping Beam+1"],"picked":"Force Field","floor":35},{"not_picked":["Melter+1","Heatsinks","Fusion+1"],"picked":"SKIP","floor":38},{"not_picked":["Rip and Tear+1","Beam Cell+1"],"picked":"Go for the Eyes+1","floor":40},{"not_picked":["Steam","Gash+1","Recycle"],"picked":"SKIP","floor":44},{"not_picked":["Panacea","Magnetism"],"picked":"Flash of Steel+1","floor":46},{"not_picked":["Jack Of All Trades","Secret Technique"],"picked":"Master of Strategy","floor":46},{"not_picked":["Sadistic Nature","Jack Of All Trades"],"picked":"Finesse","floor":46},{"not_picked":["Ball Lightning+1","Streamline+1","Undo"],"picked":"SKIP","floor":47}],"player_experience":539396,"relics_obtained":[{"floor":6,"key":"DataDisk"},{"floor":9,"key":"Lantern"},{"floor":10,"key":"Tiny Chest"},{"floor":20,"key":"Red Mask"},{"floor":23,"key":"Matryoshka"},{"floor":25,"key":"Omamori"},{"floor":25,"key":"Molten Egg 2"},{"floor":26,"key":"Pen Nib"},{"floor":26,"key":"Bag of Marbles"},{"floor":37,"key":"Centennial Puzzle"},{"floor":40,"key":"Orichalcum"},{"floor":43,"key":"Juzu Bracelet"},{"floor":47,"key":"Symbiotic Virus"}],"event_choices":[{"event_name":"Liars Game","player_choice":"agreed","floor":2,"damage_taken":0},{"event_name":"World of Goop","player_choice":"Gather Gold","floor":3,"damage_taken":0},{"event_name":"Golden Idol","player_choice":"Ignored","floor":5,"damage_taken":0},{"event_name":"Masked Bandits","player_choice":"Fought over 200 gold","floor":20,"damage_taken":0},{"event_name":"Knowing Skull","player_choice":"GOLD GOLD ","floor":30,"damage_taken":0},{"event_name":"Winding Halls","player_choice":"Writhe","floor":36,"damage_taken":0},{"event_name":"Falling","player_choice":"Removed Attack","floor":39,"damage_taken":0},{"event_name":"SensoryStone","player_choice":"Memory 3","floor":46,"damage_taken":0},{"event_name":"Purifier","player_choice":"One Purge","floor":48,"damage_taken":0}],"boss_relics":[{"not_picked":["Runic Pyramid","Fusion Hammer"],"picked":"Tiny House"},{"not_picked":["Calling Bell","Velvet Choker"],"picked":"Inserter"}],"items_purged_floors":[4,13,42],"is_endless":false,"potions_floor_spawned":[10,16,19,23,27,31,33,40,47],"ascension_level":12}