{"gold_per_floor":[115,115,65,13,24,50,61,16,98,98,108,141,141,157,157,256,256,268,74,74,91,91,116,116,116,143,163,174,208,208,243,243,243],"floor_reached":33,"playtime":1927,"items_purged":[],"score":431,"play_id":"cf66e3ca-4e64-43a7-9ff9-26ddaaa2ca2c","local_time":"20190116154204","is_ascension_mode":true,"campfire_choices":[{"data":"Neutralize","floor":10,"key":"SMITH"},{"data":"Impatience","floor":15,"key":"SMITH"},{"data":"Catalyst","floor":24,"key":"SMITH"},{"data":"A Thousand Cuts","floor":32,"key":"SMITH"}],"neow_cost":"NONE","seed_source_timestamp":514722646315900,"circlet_count":0,"master_deck":["Defend_G+1","Defend_G+1","Defend_G+1","Defend_G+1","Defend_G+1","Survivor","Neutralize+1","Impatience+1","Footwork+1","Blur","Riddle With Holes","Sucker Punch","Backflip","Cloak And Dagger","Slice","Corpse Explosion","Night Terror","Skewer+1","Heel Hook","Blur","Catalyst+1","Bite","Bite","Bite","Bite","Bite","Deadly Poison","Deadly Poison","A Thousand Cuts+1","Footwork+1","Infinite Blades+1"],"relics":["Ring of the Snake","Boot","Sundial","Singing Bowl","Snecko Eye","Bag of Preparation","Centennial Puzzle","PreservedInsect","Bottled Tornado","Vajra"],"potions_floor_usage":[6,6,14,16,21,21,23,31],"damage_taken":[{"damage":6,"enemies":"Jaw Worm","floor":1,"turns":5},{"damage":1,"enemies":"Small Slimes","floor":5,"turns":6},{"damage":33,"enemies":"Gremlin Nob","floor":6,"turns":6},{"damage":0,"enemies":"2 Louse","floor":7,"turns":3},{"damage":0,"enemies":"Looter","floor":11,"turns":4},{"damage":2,"enemies":"Lagavulin","floor":12,"turns":8},{"damage":0,"enemies":"Exordium Thugs","floor":14,"turns":5},{"damage":5,"enemies":"Slime Boss","floor":16,"turns":12},{"damage":15,"enemies":"Shell Parasite","floor":18,"turns":9},{"damage":0,"enemies":"3 Byrds","floor":21,"turns":3},{"damage":9,"enemies":"Book of Stabbing","floor":23,"turns":5},{"damage":10,"enemies":"Snecko","floor":27,"turns":5},{"damage":9,"enemies":"Snake Plant","floor":28,"turns":3},{"damage":12,"enemies":"Slavers","floor":29,"turns":2},{"damage":18,"enemies":"Book of Stabbing","floor":31,"turns":4},{"damage":24,"enemies":"Champ","floor":33,"turns":3}],"seed_played":"-239328145384006626","potions_obtained":[{"floor":5,"key":"Poison Potion"},{"floor":6,"key":"PowerPotion"},{"floor":7,"key":"GhostInAJar"},{"floor":12,"key":"Block Potion"},{"floor":18,"key":"AttackPotion"},{"floor":20,"key":"Swift Potion"},{"floor":29,"key":"SneckoOil"}],"is_trial":false,"path_per_floor":["M","?","?","$","M","E","M","$","T","R","M","E","?","M","R","B",null,"M","$","?","M","?","E","R","?","T","M","M","E","?","E","R","B"],"character_chosen":"THE_SILENT","items_purchased":["Fire Potion","Backflip","Bag of Preparation","Heel Hook"],"campfire_rested":0,"item_purchase_floors":[4,8,19,19],"current_hp_per_floor":[64,50,50,50,49,16,16,16,16,16,16,14,19,19,19,14,75,60,60,60,60,60,51,51,51,51,44,41,31,31,19,19,0],"gold":243,"neow_bonus":"RANDOM_COLORLESS","is_prod":false,"is_daily":false,"chose_seed":false,"campfire_upgraded":4,"win_rate":0,"timestamp":1547682124,"path_taken":["M","?","?","$","M","E","M","$","T","R","M","E","?","M","R","BOSS","M","$","?","?","?","E","R","?","T","M","M","E","?","E","R","BOSS"],"build_version":"2019-01-10","purchased_purges":0,"victory":false,"max_hp_per_floor":[70,70,70,70,70,70,70,70,70,70,70,70,75,75,75,75,75,75,75,75,75,75,75,75,52,52,52,52,52,52,52,52,52],"card_choices":[{"not_picked":["Underhanded Strike","Sucker Punch"],"picked":"Footwork","floor":1},{"not_picked":["Dagger Throw","Skewer"],"picked":"Blur","floor":5},{"not_picked":["Endless Agony","Prepared"],"picked":"Riddle With Holes","floor":6},{"not_picked":["Blur","Flying Knee"],"picked":"Sucker Punch","floor":7},{"not_picked":["Underhanded Strike","Blade Dance"],"picked":"Cloak And Dagger","floor":11},{"not_picked":["Calculated Gamble","Deadly Poison"],"picked":"Slice","floor":12},{"not_picked":["Backflip","Dodge and Roll"],"picked":"Corpse Explosion","floor":14},{"not_picked":["Burst","Storm of Steel"],"picked":"Night Terror","floor":16},{"not_picked":["Backflip","Acrobatics"],"picked":"Skewer+1","floor":18},{"not_picked":["Prepared","Deflect"],"picked":"Blur","floor":21},{"not_picked":["Eviscerate","PiercingWail"],"picked":"Catalyst","floor":23},{"not_picked":["Infinite Blades","Deflect+1"],"picked":"Deadly Poison","floor":27},{"not_picked":["Flechettes","Skewer"],"picked":"Deadly Poison","floor":28},{"not_picked":["PiercingWail","Flechettes+1"],"picked":"A Thousand Cuts","floor":29},{"not_picked":["Finisher","Dagger Spray"],"picked":"Infinite Blades+1","floor":31}],"player_experience":508710,"relics_obtained":[{"floor":6,"key":"Boot"},{"floor":9,"key":"Sundial"},{"floor":12,"key":"Singing Bowl"},{"floor":23,"key":"Centennial Puzzle"},{"floor":26,"key":"PreservedInsect"},{"floor":29,"key":"Bottled Tornado"},{"floor":31,"key":"Vajra"}],"event_choices":[{"damage_healed":0,"gold_gain":0,"player_choice":"Entered Light","damage_taken":14,"max_hp_gain":0,"max_hp_loss":0,"event_name":"Shining Light","floor":2,"gold_loss":0,"cards_upgraded":["Defend_G","Footwork"]},{"cards_removed":["Strike_G"],"damage_healed":0,"gold_gain":0,"player_choice":"Card Removal","damage_taken":0,"max_hp_gain":0,"max_hp_loss":0,"event_name":"The Cleric","floor":3,"gold_loss":50},{"damage_healed":0,"gold_gain":0,"player_choice":"Donut","damage_taken":0,"max_hp_gain":5,"max_hp_loss":0,"event_name":"Big Fish","floor":13,"gold_loss":0},{"damage_healed":0,"gold_gain":0,"player_choice":"Got Potions","damage_taken":0,"max_hp_gain":0,"max_hp_loss":0,"event_name":"Lab","floor":20,"gold_loss":0},{"damage_healed":0,"gold_gain":0,"player_choice":"Simplicity","damage_taken":0,"max_hp_gain":0,"max_hp_loss":0,"event_name":"Back to Basics","floor":22,"gold_loss":0,"cards_upgraded":["Defend_G","Defend_G","Defend_G","Defend_G","Strike_G","Strike_G","Strike_G","Strike_G"]},{"damage_healed":0,"gold_gain":0,"player_choice":"Became a vampire","damage_taken":0,"max_hp_gain":0,"max_hp_loss":23,"event_name":"Vampires","floor":25,"gold_loss":0,"cards_obtained":["Bite","Bite","Bite","Bite","Bite"]},{"damage_healed":0,"gold_gain":0,"player_choice":"Copied","damage_taken":0,"max_hp_gain":0,"max_hp_loss":0,"event_name":"Duplicator","floor":30,"gold_loss":0,"cards_obtained":["Footwork"]}],"is_beta":false,"boss_relics":[{"not_picked":["Empty Cage","Pandora\u0027s Box"],"picked":"Snecko Eye"}],"items_purged_floors":[],"is_endless":false,"potions_floor_spawned":[5,6,7,12,18,29],"killed_by":"Champ","ascension_level":4}