{"gold_per_floor":[209,65,83,109,125,125,155,155,179,179,234,190,202,219,219,316,316,326,341,351,251,262,295,295],"floor_reached":24,"playtime":2462,"items_purged":["Defend_B","Strike_B"],"score":228,"play_id":"89d50304-8871-44be-9f76-30e76195da46","local_time":"20181224204823","is_ascension_mode":false,"campfire_choices":[{"data":"White Noise","floor":6,"key":"SMITH"},{"data":"Genetic Algorithm","floor":8,"key":"SMITH"},{"data":"Dualcast","floor":10,"key":"SMITH"},{"floor":15,"key":"REST"}],"neow_cost":"NONE","seed_source_timestamp":263584796402979,"circlet_count":0,"master_deck":["Strike_B","Strike_B","Strike_B","Defend_B","Defend_B","Defend_B","Zap","Dualcast+1","Cold Snap","FTL","White Noise+1","Go for the Eyes","Genetic Algorithm+1","FTL","Beam Cell","Seek","Cold Snap","Cold Snap"],"relics":["Cracked Core","Centennial Puzzle","Bag of Marbles","Dream Catcher","Tiny Chest","Ancient Tea Set"],"potions_floor_usage":[11,16,16,20,22,23],"damage_taken":[{"damage":0,"enemies":"Cultist","floor":1,"turns":4},{"damage":2,"enemies":"2 Louse","floor":3,"turns":3},{"damage":6,"enemies":"Jaw Worm","floor":5,"turns":3},{"damage":12,"enemies":"Gremlin Nob","floor":7,"turns":3},{"damage":7,"enemies":"Lagavulin","floor":11,"turns":4},{"damage":0,"enemies":"Looter","floor":13,"turns":1},{"damage":4,"enemies":"3 Louse","floor":14,"turns":3},{"damage":3,"enemies":"Slime Boss","floor":16,"turns":5},{"damage":0,"enemies":"Chosen","floor":18,"turns":4},{"damage":13,"enemies":"Spheric Guardian","floor":19,"turns":4},{"damage":28,"enemies":"Snake Plant","floor":20,"turns":6},{"damage":17,"enemies":"Snecko","floor":22,"turns":6},{"damage":15,"enemies":"Book of Stabbing","floor":23,"turns":6},{"damage":3,"enemies":"3 Cultists","floor":24,"turns":3}],"seed_played":"-9196072291746183180","potions_obtained":[{"floor":5,"key":"FearPotion"},{"floor":7,"key":"Poison Potion"},{"floor":11,"key":"Block Potion"},{"floor":14,"key":"SteroidPotion"},{"floor":16,"key":"Dexterity Potion"},{"floor":18,"key":"FearPotion"},{"floor":20,"key":"EssenceOfSteel"},{"floor":23,"key":"SpeedPotion"}],"is_trial":false,"path_per_floor":["M","$","M","T","M","R","E","R","T","R","E","?","M","M","R","B",null,"M","M","M","$","M","E","M"],"character_chosen":"DEFECT","items_purchased":["FTL"],"campfire_rested":1,"item_purchase_floors":[2],"current_hp_per_floor":[75,75,73,73,67,67,55,55,55,55,48,48,48,44,66,63,75,75,62,34,34,17,2,0],"gold":295,"neow_bonus":"HUNDRED_GOLD","is_prod":false,"is_daily":false,"chose_seed":false,"campfire_upgraded":3,"win_rate":0.0,"timestamp":1545713303,"path_taken":["M","$","M","?","M","R","E","R","T","R","E","?","?","M","R","BOSS","M","M","M","$","M","E","M"],"build_version":"2018-12-20","purchased_purges":2,"victory":false,"max_hp_per_floor":[75,75,75,75,75,75,75,75,75,75,75,75,75,75,75,75,75,75,75,75,75,75,75,75],"card_choices":[{"not_picked":["Conserve Battery","Defragment"],"picked":"Cold Snap","floor":1},{"not_picked":["Ball Lightning","Hologram"],"picked":"White Noise","floor":3},{"not_picked":["Sweeping Beam","Static Discharge"],"picked":"Go for the Eyes","floor":5},{"not_picked":["Capacitor","Stack"],"picked":"Genetic Algorithm","floor":7},{"not_picked":["BootSequence","Chill"],"picked":"FTL","floor":11},{"not_picked":["FTL","Conserve Battery"],"picked":"Beam Cell","floor":13},{"not_picked":["Aggregate","Conserve Battery","Redo"],"picked":"SKIP","floor":14},{"not_picked":["Creative AI","Multi-Cast"],"picked":"Seek","floor":16},{"not_picked":["Rip and Tear","Ball Lightning"],"picked":"Cold Snap","floor":18},{"not_picked":["Barrage","Stack","Double Energy"],"picked":"SKIP","floor":19},{"not_picked":["Rebound","Stack"],"picked":"Cold Snap","floor":20},{"not_picked":["Heatsinks","Sweeping Beam","Ball Lightning+1"],"picked":"SKIP","floor":22},{"not_picked":["Sweeping Beam","Lockon","Stack"],"picked":"SKIP","floor":23}],"player_experience":232006,"relics_obtained":[{"floor":4,"key":"Centennial Puzzle"},{"floor":7,"key":"Bag of Marbles"},{"floor":9,"key":"Dream Catcher"},{"floor":11,"key":"Tiny Chest"},{"floor":23,"key":"Ancient Tea Set"}],"event_choices":[{"damage_healed":0,"gold_gain":0,"player_choice":"Left Gold","damage_taken":0,"max_hp_gain":0,"max_hp_loss":0,"event_name":"World of Goop","floor":12,"gold_loss":44}],"is_beta":false,"boss_relics":[{"not_picked":["Calling Bell","Busted Crown","Fusion Hammer"]}],"items_purged_floors":[2,21],"is_endless":false,"potions_floor_spawned":[5,7,11,14,16,18,20,23],"killed_by":"3 Cultists","ascension_level":0}