{"path_per_floor":["M","M","$","?","M","R","M","E","T","R","E","M","M","E","R","B",null,"M","$","?","?","M","R","E","R","T","M"],"character_chosen":"DEFECT","items_purchased":["Hello World","Whetstone","Redo","Madness"],"gold_per_floor":[117,134,61,61,73,73,91,125,178,178,208,228,238,267,267,367,367,381,82,82,82,100,100,129,129,183,193,193],"floor_reached":28,"campfire_rested":2,"playtime":1408,"item_purchase_floors":[3,19,19,19],"current_hp_per_floor":[60,60,60,60,56,56,52,37,37,37,33,33,31,22,45,43,69,69,69,69,69,56,56,20,43,43,11,0],"items_purged":[],"gold":193,"score":348,"play_id":"a316e10b-a618-4883-a694-198e4dd7ee84","local_time":"20180526121108","is_prod":false,"is_daily":false,"chose_seed":false,"is_ascension_mode":true,"campfire_upgraded":3,"win_rate":0,"timestamp":1527329468,"campfire_choices":[{"data":"Zap","floor":6,"key":"SMITH"},{"data":"Capacitor","floor":10,"key":"SMITH"},{"floor":15,"key":"REST"},{"data":"Redo","floor":23,"key":"SMITH"},{"floor":25,"key":"REST"}],"path_taken":["M","M","$","?","M","R","M","E","T","R","E","M","M","E","R","BOSS","M","$","?","?","M","R","E","R","T","M","E"],"build_version":"2018-05-25","seed_source_timestamp":280097687356729,"purchased_purges":0,"victory":false,"master_deck":["Strike_B+1","Strike_B+1","Defend_B","Defend_B","Defend_B","Defend_B","Zap+1","Dualcast","Capacitor+1","Cold Snap","Consume","Hello World","All For One","Storm","Steam","Go for the Eyes","Coolheaded","Turbo","All For One","Creative AI","Redo+1","Madness","BootSequence","Capacitor"],"max_hp_per_floor":[75,75,75,75,75,75,75,75,75,75,75,75,75,77,77,77,77,79,79,79,79,79,79,79,79,79,81,81],"relics":["Cracked Core","Pantograph","Ancient Tea Set","Pen Nib","Singing Bowl","Runic Dome","Whetstone","Potion Belt","Tiny Chest"],"card_choices":[{"not_picked":["Beam Cell","Go for the Eyes"],"picked":"Cold Snap","floor":1},{"not_picked":["Defragment","Streamline"],"picked":"Consume","floor":2},{"not_picked":["Double Energy","Blizzard"],"picked":"Storm","floor":5},{"not_picked":["Skim","Double Energy"],"picked":"Steam","floor":7},{"not_picked":["Consume","Tempest"],"picked":"Go for the Eyes","floor":8},{"not_picked":["Steam","Static Discharge"],"picked":"Coolheaded","floor":11},{"not_picked":["Coolheaded","Steam"],"picked":"Turbo","floor":12},{"not_picked":["FTL","Cold Snap"],"picked":"All For One","floor":13},{"not_picked":["Barrage","Rebound","Redo"],"picked":"Singing Bowl","floor":14},{"not_picked":["Multi-Cast","Echo Form"],"picked":"Creative AI","floor":16},{"not_picked":["Tempest+1","Rebound","Coolheaded"],"picked":"Singing Bowl","floor":18},{"not_picked":["Heatsinks","Reprogram"],"picked":"BootSequence","floor":22},{"not_picked":["Barrage","Hologram"],"picked":"Capacitor","floor":24},{"not_picked":["Hello World","Fusion","Reprogram"],"picked":"Singing Bowl","floor":27}],"player_experience":570816,"potions_floor_usage":[11,11,14,24,28,28],"damage_taken":[{"damage":8,"enemies":"Jaw Worm","floor":1,"turns":4},{"damage":0,"enemies":"Cultist","floor":2,"turns":3},{"damage":4,"enemies":"2 Louse","floor":5,"turns":3},{"damage":4,"enemies":"Blue Slaver","floor":7,"turns":5},{"damage":15,"enemies":"Lagavulin","floor":8,"turns":7},{"damage":4,"enemies":"Gremlin Nob","floor":11,"turns":3},{"damage":0,"enemies":"Looter","floor":12,"turns":4},{"damage":2,"enemies":"Exordium Wildlife","floor":13,"turns":4},{"damage":11,"enemies":"3 Sentries","floor":14,"turns":5},{"damage":27,"enemies":"The Guardian","floor":16,"turns":8},{"damage":2,"enemies":"Chosen","floor":18,"turns":5},{"damage":13,"enemies":"Shell Parasite","floor":22,"turns":5},{"damage":36,"enemies":"Book of Stabbing","floor":24,"turns":6},{"damage":34,"enemies":"Cultist and Chosen","floor":27,"turns":6},{"damage":13,"enemies":"Gremlin Leader","floor":28,"turns":2}],"relics_obtained":[{"floor":8,"key":"Pantograph"},{"floor":9,"key":"Ancient Tea Set"},{"floor":11,"key":"Pen Nib"},{"floor":14,"key":"Singing Bowl"},{"floor":24,"key":"Potion Belt"},{"floor":26,"key":"Tiny Chest"}],"event_choices":[{"event_name":"Transmorgrifier","player_choice":"Transform","floor":4,"damage_taken":0},{"event_name":"Vampires","player_choice":"Ignored","floor":20,"damage_taken":0},{"event_name":"Addict","player_choice":"Ignored","floor":21,"damage_taken":0}],"boss_relics":[{"not_picked":["White Beast Statue","Calling Bell"],"picked":"Runic Dome"}],"items_purged_floors":[],"potions_floor_spawned":[2,5,8,13,16,27],"seed_played":"8672368169750542262","killed_by":"Gremlin Leader","ascension_level":7,"potions_obtained":[{"floor":2,"key":"FocusPotion"},{"floor":5,"key":"Energy Potion"},{"floor":8,"key":"SkillPotion"},{"floor":13,"key":"PowerPotion"},{"floor":16,"key":"Energy Potion"},{"floor":27,"key":"Block Potion"}],"is_trial":false}