{"gold_per_floor":[119,133,153,72,72,102,102,102,102,102,102,102,102,118,118,244,244,265,280,195,245,83,83,83],"floor_reached":24,"playtime":1059,"items_purged":["Strike_B"],"score":211,"play_id":"b32eaefb-8960-4a0b-8aa7-7cdf3207179a","local_time":"20180907141037","is_ascension_mode":true,"campfire_choices":[{"data":"Fusion","floor":8,"key":"SMITH"},{"data":"Loop","floor":10,"key":"SMITH"},{"data":"Zap","floor":15,"key":"SMITH"},{"data":"Fission","floor":23,"key":"SMITH"}],"neow_cost":"NONE","seed_source_timestamp":64296947109873,"circlet_count":0,"master_deck":["Strike_B","Strike_B","Strike_B","Defend_B","Defend_B","Defend_B","Zap+1","Dualcast","Coolheaded+1","Auto Shields+1","Reprogram","Conserve Battery","Loop+1","Fusion+1","Injury","Rebound","Fission+1","Compile Driver+1","Consume","Loop","Barrage"],"relics":["Cracked Core","Pear","DataDisk","Ornamental Fan","Golden Idol","Inserter","Oddly Smooth Stone"],"potions_floor_usage":[18],"damage_taken":[{"damage":7,"enemies":"Small Slimes","floor":1,"turns":4},{"damage":0,"enemies":"Jaw Worm","floor":2,"turns":4},{"damage":5,"enemies":"Cultist","floor":3,"turns":4},{"damage":21,"enemies":"Lagavulin","floor":6,"turns":8},{"damage":0,"enemies":"2 Fungi Beasts","floor":14,"turns":3},{"damage":5,"enemies":"The Guardian","floor":16,"turns":12},{"damage":21,"enemies":"3 Byrds","floor":18,"turns":6},{"damage":13,"enemies":"2 Thieves","floor":19,"turns":4},{"damage":51,"enemies":"Slavers","floor":24,"turns":4}],"seed_played":"-1605569749399403866","potions_obtained":[{"floor":2,"key":"SneckoOil"},{"floor":3,"key":"SkillPotion"},{"floor":16,"key":"Dexterity Potion"}],"is_trial":false,"path_per_floor":["M","M","M","$","?","E","?","R","T","R","T","?","?","M","R","B",null,"M","M","?","?","$","R"],"character_chosen":"DEFECT","items_purchased":["Loop","Loop","Barrage"],"campfire_rested":0,"item_purchase_floors":[4,22,22],"current_hp_per_floor":[68,68,63,63,48,37,30,30,30,30,30,58,58,58,58,53,85,64,51,51,51,51,51,0],"gold":83,"neow_bonus":"THREE_CARDS","is_prod":false,"is_daily":false,"chose_seed":false,"campfire_upgraded":4,"win_rate":0,"timestamp":1536343837,"path_taken":["M","M","M","$","?","E","?","R","T","R","?","?","?","?","R","BOSS","M","?","?","?","$","R","E"],"build_version":"2018-09-06","purchased_purges":1,"victory":false,"max_hp_per_floor":[75,75,75,75,75,85,85,85,85,85,85,85,85,85,85,85,85,85,85,85,85,85,85,85],"card_choices":[{"not_picked":["Compile Driver","Conserve Battery"],"picked":"Coolheaded","floor":0},{"not_picked":["Leap","Compile Driver"],"picked":"Auto Shields","floor":1},{"not_picked":["Redo","Lockon"],"picked":"Reprogram","floor":2},{"not_picked":["Sweeping Beam","Leap"],"picked":"Conserve Battery","floor":3},{"not_picked":["Streamline","Consume"],"picked":"Fusion","floor":6},{"not_picked":["Stack","Redo"],"picked":"Rebound","floor":14},{"not_picked":["Buffer","All For One"],"picked":"Fission","floor":16},{"not_picked":["Turbo","Gash"],"picked":"Compile Driver+1","floor":18},{"not_picked":["Sweeping Beam","Force Field"],"picked":"Consume","floor":19}],"player_experience":160186,"relics_obtained":[{"floor":6,"key":"Pear"},{"floor":9,"key":"DataDisk"},{"floor":11,"key":"Ornamental Fan"}],"event_choices":[{"event_name":"Shining Light","player_choice":"Entered Light","floor":5,"damage_taken":0},{"event_name":"Golden Wing","player_choice":"Card Removal","floor":7,"damage_taken":0},{"event_name":"Big Fish","player_choice":"Banana","floor":12,"damage_taken":0},{"event_name":"Golden Idol","player_choice":"Take Wound","floor":13,"damage_taken":0},{"event_name":"Addict","player_choice":"Obtained Relic","floor":20,"damage_taken":0},{"event_name":"The Joust","player_choice":"Bet on Murderer","floor":21,"damage_taken":0}],"is_beta":false,"boss_relics":[{"not_picked":["Astrolabe","Sozu"],"picked":"Inserter"}],"items_purged_floors":[22],"is_endless":false,"potions_floor_spawned":[2,3,16],"killed_by":"Slavers","ascension_level":2}