{"gold_per_floor":[116,131,146,96,96,123,298,298,367,399,399,417,165,194,194,299,299,313,213,393,148,165,165],"floor_reached":23,"playtime":1955,"items_purged":["Doubt","Defend_B","Defend_B"],"score":290,"play_id":"2c6c1f69-5655-4a62-a3a1-eb9e5610ae39","local_time":"20181118040638","is_ascension_mode":true,"campfire_choices":[{"floor":8,"key":"REST"},{"floor":15,"key":"REST"}],"neow_cost":"CURSE","seed_source_timestamp":142328466970851,"circlet_count":0,"master_deck":["Strike_B","Strike_B","Strike_B","Defend_B","Zap","Dualcast","Parasite","Machine Learning","Conserve Battery","Sweeping Beam","Melter","Barrage","Conserve Battery","Defragment","Cold Snap","Discovery","Glacier","Buffer","Cold Snap","Consume","Cold Snap"],"relics":["Cracked Core","Art of War","Matryoshka","Turnip","Oddly Smooth Stone","Orichalcum","Inserter"],"potions_floor_usage":[10,10,20,23,23,23],"damage_taken":[{"damage":4,"enemies":"2 Louse","floor":1,"turns":3},{"damage":4,"enemies":"Small Slimes","floor":2,"turns":4},{"damage":0,"enemies":"Cultist","floor":3,"turns":3},{"damage":18,"enemies":"Lagavulin","floor":6,"turns":7},{"damage":50,"enemies":"3 Sentries","floor":10,"turns":7},{"damage":5,"enemies":"Looter","floor":12,"turns":3},{"damage":8,"enemies":"Lagavulin","floor":14,"turns":6},{"damage":21,"enemies":"Hexaghost","floor":16,"turns":16},{"damage":10,"enemies":"Shell Parasite","floor":18,"turns":5},{"damage":7,"enemies":"Spheric Guardian","floor":22,"turns":4},{"damage":22,"enemies":"Gremlin Leader","floor":23,"turns":5}],"seed_played":"-5526499770092481324","potions_obtained":[{"floor":1,"key":"Strength Potion"},{"floor":6,"key":"FocusPotion"},{"floor":16,"key":"SpeedPotion"},{"floor":18,"key":"Poison Potion"}],"is_trial":false,"path_per_floor":["M","M","M","?","?","E","?","R","T","E","?","M","$","E","R","B",null,"M","$","?","$","M","E"],"character_chosen":"DEFECT","items_purchased":["Defragment","Cold Snap","Discovery","Consume","Cold Snap"],"campfire_rested":2,"item_purchase_floors":[13,13,13,21,21],"current_hp_per_floor":[64,60,60,60,60,42,42,64,64,14,14,9,9,1,23,2,57,47,47,17,17,10,0],"gold":165,"neow_bonus":"THREE_RARE_CARDS","is_prod":false,"is_daily":false,"chose_seed":false,"campfire_upgraded":0,"win_rate":0,"timestamp":1542510398,"path_taken":["M","M","M","?","?","E","?","R","T","E","?","?","$","E","R","BOSS","M","$","?","$","M","E"],"build_version":"2018-11-15","purchased_purges":3,"victory":false,"max_hp_per_floor":[75,75,75,75,75,75,75,75,75,75,75,75,75,75,75,75,75,75,75,80,80,80,80],"card_choices":[{"not_picked":["Multi-Cast","Hyperbeam"],"picked":"Machine Learning","floor":0},{"not_picked":["Turbo","Redo"],"picked":"Barrage","floor":1},{"not_picked":["Gash","Go for the Eyes"],"picked":"Conserve Battery","floor":2},{"not_picked":["Steam","Leap"],"picked":"Sweeping Beam","floor":3},{"not_picked":["Gash","Turbo"],"picked":"Melter","floor":6},{"not_picked":["Compile Driver","Thunder Strike"],"picked":"Barrage","floor":10},{"not_picked":["Rebound","Redo"],"picked":"Conserve Battery","floor":12},{"not_picked":["Chill","Genetic Algorithm"],"picked":"Glacier","floor":14},{"not_picked":["Hyperbeam","Rainbow"],"picked":"Buffer","floor":16},{"not_picked":["Steam Power","Chaos"],"picked":"Cold Snap","floor":18},{"not_picked":["Double Energy","Lockon","Steam"],"picked":"SKIP","floor":22}],"player_experience":426578,"relics_obtained":[{"floor":6,"key":"Art of War"},{"floor":9,"key":"Matryoshka"},{"floor":10,"key":"Turnip"},{"floor":14,"key":"Orichalcum"}],"event_choices":[{"cards_removed":["Strike_B"],"damage_healed":0,"gold_gain":0,"player_choice":"Card Removal","damage_taken":0,"max_hp_gain":0,"max_hp_loss":0,"event_name":"The Cleric","floor":4,"gold_loss":50},{"cards_removed":["Defend_B"],"damage_healed":0,"gold_gain":0,"player_choice":"Forget","damage_taken":0,"max_hp_gain":0,"max_hp_loss":0,"event_name":"Living Wall","floor":5,"gold_loss":0},{"damage_healed":0,"gold_gain":175,"player_choice":"AGREE","damage_taken":0,"max_hp_gain":0,"max_hp_loss":0,"event_name":"Liars Game","floor":7,"gold_loss":0,"cards_obtained":["Doubt"]},{"cards_removed":["Barrage"],"damage_healed":0,"gold_gain":0,"player_choice":"Gave Card","damage_taken":0,"relics_obtained":["Oddly Smooth Stone"],"max_hp_gain":0,"max_hp_loss":0,"event_name":"WeMeetAgain","floor":11,"gold_loss":0},{"damage_healed":0,"gold_gain":180,"player_choice":"POTION POTION GOLD GOLD ","damage_taken":35,"max_hp_gain":0,"max_hp_loss":0,"event_name":"Knowing Skull","floor":20,"potions_obtained":["Fruit Juice","Energy Potion"],"gold_loss":0,"cards_obtained":[]}],"is_beta":true,"boss_relics":[{"not_picked":["Black Star","Tiny House"],"picked":"Inserter"}],"items_purged_floors":[13,19,21],"is_endless":false,"potions_floor_spawned":[1,6,16,18],"killed_by":"Gremlin Leader","ascension_level":8}