{"gold_per_floor":[116,116,127,144,69,103,103,121,146,146,160,192,192,205,205,282,282,301,318,318,318,71,71,84,98,98,129,129,32,47,73,73,73],"floor_reached":33,"playtime":3108,"items_purged":["Doubt","Pain","Strike_B"],"score":471,"play_id":"a489c4bc-e6c4-4313-b064-a64fd1af5b61","local_time":"20190107053719","is_ascension_mode":true,"campfire_choices":[{"floor":7,"key":"REST"},{"floor":10,"key":"REST"},{"floor":15,"key":"REST"},{"floor":23,"key":"REST"},{"floor":28,"key":"REST"},{"floor":32,"key":"REST"}],"neow_cost":"CURSE","seed_source_timestamp":53298798502815,"circlet_count":0,"master_deck":["AscendersBane","Strike_B","Strike_B","Strike_B","Defend_B","Defend_B","Defend_B","Defend_B","Zap","Dualcast","Cold Snap","Skim","Beam Cell","Buffer","Ball Lightning","Genetic Algorithm","Cold Snap","Seek","Conserve Battery","Coolheaded","Glacier","Conserve Battery","Tempest+1","Fusion+1"],"relics":["Cracked Core","Emotion Chip","Potion Belt","Anchor","Smiling Mask","Question Card","WarpedTongs","Velvet Choker","OrangePellets","Red Mask","Bag of Preparation"],"potions_floor_usage":[6,6,16,16,27,30,33,33,33,33],"damage_taken":[{"damage":0,"enemies":"2 Louse","floor":1,"turns":1},{"damage":0,"enemies":"Cultist","floor":3,"turns":4},{"damage":1,"enemies":"Small Slimes","floor":4,"turns":3},{"damage":32,"enemies":"Gremlin Nob","floor":6,"turns":4},{"damage":4,"enemies":"Looter","floor":8,"turns":3},{"damage":0,"enemies":"Exordium Wildlife","floor":11,"turns":5},{"damage":18,"enemies":"Lagavulin","floor":12,"turns":6},{"damage":9,"enemies":"Large Slime","floor":14,"turns":5},{"damage":34,"enemies":"The Guardian","floor":16,"turns":11},{"damage":9,"enemies":"3 Byrds","floor":18,"turns":4},{"damage":4,"enemies":"Chosen","floor":19,"turns":5},{"damage":6,"enemies":"Snecko","floor":24,"turns":6},{"damage":21,"enemies":"Shelled Parasite and Fungi","floor":25,"turns":7},{"damage":20,"enemies":"Masked Bandits","floor":27,"turns":5},{"damage":0,"enemies":"Sentry and Sphere","floor":30,"turns":8},{"damage":47,"enemies":"Slavers","floor":31,"turns":7},{"damage":41,"enemies":"Automaton","floor":33,"turns":10}],"seed_played":"-5635392299032236466","potions_obtained":[{"floor":1,"key":"Regen Potion"},{"floor":3,"key":"Swift Potion"},{"floor":4,"key":"LiquidBronze"},{"floor":12,"key":"Regen Potion"},{"floor":16,"key":"FocusPotion"},{"floor":18,"key":"SneckoOil"},{"floor":27,"key":"Regen Potion"},{"floor":31,"key":"EntropicBrew"}],"is_trial":false,"path_per_floor":["M","?","M","M","$","E","R","M","T","R","M","E","?","M","R","B",null,"M","M","?","?","$","R","M","M","T","?","R","$","M","E","R","B"],"character_chosen":"DEFECT","items_purchased":["OrangePellets","Conserve Battery"],"campfire_rested":6,"item_purchase_floors":[22,29],"current_hp_per_floor":[64,46,46,45,45,25,46,42,42,63,63,45,45,36,57,38,63,54,50,50,37,37,59,53,32,32,12,34,34,49,2,24,0],"gold":73,"neow_bonus":"ONE_RARE_RELIC","is_prod":false,"is_daily":false,"chose_seed":false,"campfire_upgraded":0,"win_rate":0,"timestamp":1546835839,"path_taken":["M","?","M","M","$","E","R","M","T","R","M","E","?","?","R","BOSS","M","M","?","?","$","R","M","M","T","?","R","$","?","E","R","BOSS"],"build_version":"2019-01-03v4","purchased_purges":3,"victory":false,"max_hp_per_floor":[71,71,71,71,71,71,71,71,71,71,71,71,71,71,71,71,71,71,71,71,76,76,76,76,76,76,76,76,76,76,76,76,76],"card_choices":[{"not_picked":["Storm","Consume"],"picked":"Cold Snap","floor":1},{"not_picked":["Sweeping Beam","Turbo"],"picked":"Skim","floor":3},{"not_picked":["Fusion","Scrape"],"picked":"Beam Cell","floor":4},{"not_picked":["Genetic Algorithm","Sweeping Beam"],"picked":"Buffer","floor":6},{"not_picked":["Steam","Stack"],"picked":"Ball Lightning","floor":8},{"not_picked":["Rebound","White Noise"],"picked":"Genetic Algorithm","floor":11},{"not_picked":["Streamline","Turbo","Thunder Strike"],"picked":"SKIP","floor":12},{"not_picked":["Hello World","Stack","Beam Cell"],"picked":"Cold Snap","floor":14},{"not_picked":["Reboot","Buffer","Thunder Strike"],"picked":"Seek","floor":16},{"not_picked":["Stack","Rebound","Melter"],"picked":"Conserve Battery","floor":18},{"not_picked":["Aggregate","Lockon","Steam","Stack"],"picked":"SKIP","floor":19},{"not_picked":["Meteor Strike","Aggregate","Skim+1","Rebound"],"picked":"SKIP","floor":24},{"not_picked":["Skim","Cold Snap","Blizzard+1"],"picked":"Coolheaded","floor":25},{"not_picked":["Sweeping Beam","Double Energy","Chill"],"picked":"Glacier","floor":27},{"not_picked":["Leap+1","Gash","Steam"],"picked":"Tempest+1","floor":30},{"not_picked":["Lockon","Meteor Strike","Go for the Eyes"],"picked":"Fusion+1","floor":31}],"player_experience":712515,"relics_obtained":[{"floor":6,"key":"Anchor"},{"floor":9,"key":"Smiling Mask"},{"floor":12,"key":"Question Card"},{"floor":27,"key":"Red Mask"},{"floor":31,"key":"Bag of Preparation"}],"event_choices":[{"damage_healed":0,"gold_gain":0,"player_choice":"Success","damage_taken":18,"relics_obtained":["Potion Belt"],"max_hp_gain":0,"max_hp_loss":0,"event_name":"Scrap Ooze","floor":2,"gold_loss":0},{"damage_healed":0,"gold_gain":0,"player_choice":"Rummage","damage_taken":0,"relics_obtained":["WarpedTongs"],"max_hp_gain":0,"max_hp_loss":0,"event_name":"Accursed Blacksmith","floor":13,"gold_loss":0,"cards_obtained":["Pain"]},{"damage_healed":0,"gold_gain":0,"player_choice":"Ignored","damage_taken":0,"max_hp_gain":0,"max_hp_loss":0,"event_name":"Ghosts","floor":20,"gold_loss":0},{"damage_healed":0,"gold_gain":0,"player_choice":"Shed Blood","damage_taken":18,"max_hp_gain":5,"max_hp_loss":0,"event_name":"Forgotten Altar","floor":21,"gold_loss":0},{"damage_healed":0,"gold_gain":0,"player_choice":"Fought Bandits","damage_taken":0,"max_hp_gain":0,"max_hp_loss":0,"event_name":"Masked Bandits","floor":27,"gold_loss":0}],"is_beta":true,"boss_relics":[{"not_picked":["White Beast Statue","Eternal Feather"],"picked":"Velvet Choker"}],"items_purged_floors":[5,22,29],"is_endless":false,"potions_floor_spawned":[1,3,4,12,16,18,27,31],"killed_by":"Automaton","ascension_level":14}