{"gold_per_floor":[111,25,40,111,111,111,9,9,34,64,91,91,166,166,166,262,262,274,294,310,310,310],"floor_reached":22,"playtime":653,"items_purged":["Strike_B"],"score":318,"play_id":"015219e4-ce8c-4179-a8a9-314275e9060c","local_time":"20181104153713","is_ascension_mode":true,"campfire_choices":[{"data":"Hologram","floor":6,"key":"SMITH"},{"data":"Scrape","floor":8,"key":"SMITH"},{"data":"Go for the Eyes","floor":15,"key":"SMITH"}],"neow_cost":"NONE","seed_source_timestamp":72938884430709,"circlet_count":0,"master_deck":["AscendersBane","Strike_B+1","Strike_B+1","Defend_B+1","Defend_B+1","Defend_B+1","Defend_B+1","Zap+1","Dualcast","Conserve Battery","Gash","Scrape+1","Hologram+1","Gash","Go for the Eyes+1","All For One","Scrape","White Noise+1"],"relics":["Cracked Core","NeowsBlessing","Letter Opener","Pen Nib","Regal Pillow","Dream Catcher","Juzu Bracelet","Orrery"],"potions_floor_usage":[],"damage_taken":[{"damage":0,"enemies":"Cultist","floor":1,"turns":1},{"damage":0,"enemies":"2 Louse","floor":3,"turns":1},{"damage":0,"enemies":"3 Sentries","floor":10,"turns":1},{"damage":30,"enemies":"Hexaghost","floor":16,"turns":8},{"damage":2,"enemies":"3 Byrds","floor":18,"turns":4},{"damage":28,"enemies":"2 Thieves","floor":19,"turns":3},{"damage":23,"enemies":"Shelled Parasite and Fungi","floor":20,"turns":4},{"damage":31,"enemies":"Chosen and Byrds","floor":22,"turns":6}],"seed_played":"2356687280002442284","potions_obtained":[],"is_trial":false,"path_per_floor":["M","$","M","T","?","R","$","R","T","E","T","?","?","?","R","B",null,"M","M","M","?","M"],"character_chosen":"DEFECT","items_purchased":["Gash","Scrape","Gash"],"campfire_rested":0,"item_purchase_floors":[2,2,7],"current_hp_per_floor":[68,68,68,68,65,65,65,65,65,65,65,65,54,47,47,17,61,59,31,8,8,0],"gold":310,"neow_bonus":"THREE_ENEMY_KILL","is_prod":false,"is_daily":false,"chose_seed":false,"campfire_upgraded":3,"win_rate":0,"timestamp":1541374633,"path_taken":["M","$","M","?","?","R","$","R","T","E","?","?","?","?","R","BOSS","M","M","M","?","M"],"build_version":"2018-11-01","purchased_purges":1,"victory":false,"max_hp_per_floor":[75,75,75,75,75,75,75,75,75,75,75,75,75,75,75,75,75,75,75,75,75,75],"card_choices":[{"not_picked":["Go for the Eyes","Rebound"],"picked":"Conserve Battery","floor":1},{"not_picked":["Ball Lightning","Redo"],"picked":"Hologram","floor":3},{"not_picked":["Coolheaded","Heatsinks"],"picked":"Go for the Eyes","floor":10},{"not_picked":["Seek","Thunder Strike"],"picked":"All For One","floor":16},{"not_picked":["Recycle","Steam"],"picked":"Scrape","floor":17},{"not_picked":["Reinforced Body","Redo","Amplify"],"picked":"SKIP","floor":18},{"not_picked":["Fusion","Stack","Glacier"],"picked":"SKIP","floor":19},{"not_picked":["Defragment","Blizzard"],"picked":"White Noise+1","floor":20}],"player_experience":340128,"relics_obtained":[{"floor":4,"key":"Letter Opener"},{"floor":9,"key":"Regal Pillow"},{"floor":10,"key":"Dream Catcher"},{"floor":11,"key":"Juzu Bracelet"}],"event_choices":[{"damage_healed":0,"gold_gain":0,"player_choice":"Success","damage_taken":3,"relics_obtained":["Pen Nib"],"max_hp_gain":0,"max_hp_loss":0,"event_name":"Scrap Ooze","floor":5,"gold_loss":0},{"damage_healed":0,"gold_gain":0,"player_choice":"Forge","damage_taken":0,"max_hp_gain":0,"max_hp_loss":0,"event_name":"Accursed Blacksmith","floor":12,"gold_loss":0,"cards_upgraded":["Zap"]},{"damage_healed":0,"gold_gain":75,"player_choice":"Gather Gold","damage_taken":11,"max_hp_gain":0,"max_hp_loss":0,"event_name":"World of Goop","floor":13,"gold_loss":0},{"cards_removed":["Strike_B"],"damage_healed":0,"gold_gain":0,"player_choice":"Card Removal","damage_taken":7,"max_hp_gain":0,"max_hp_loss":0,"event_name":"Golden Wing","floor":14,"gold_loss":0},{"damage_healed":0,"gold_gain":0,"player_choice":"Simplicity","damage_taken":0,"max_hp_gain":0,"max_hp_loss":0,"event_name":"Back to Basics","floor":21,"gold_loss":0,"cards_upgraded":["Strike_B","Strike_B","Defend_B","Defend_B","Defend_B","Defend_B"]}],"is_beta":false,"boss_relics":[{"not_picked":["Runic Dome","Eternal Feather"],"picked":"Orrery"}],"items_purged_floors":[7],"is_endless":false,"potions_floor_spawned":[],"killed_by":"Chosen and Byrds","ascension_level":11}