{"gold_per_floor":[115,48,67,67,87,151,151,151,227,238,253,253,267,279,279,384,384,396,356,206,221,121,156,156,173,173,173,193,203,203,229,229,331,331,342,359,359,377,167,167,184,184,208,18,49,69,69,69,69,69,69,69,21,21],"floor_reached":54,"playtime":2745,"items_purged":["Strike_B","Strike_B","Normality","Regret"],"score":689,"play_id":"d94e2727-ba2f-4dc2-b3e1-406743dccea0","local_time":"20190306161843","is_ascension_mode":false,"campfire_choices":[{"data":"Zap","floor":7,"key":"SMITH"},{"data":"Hologram","floor":12,"key":"SMITH"},{"floor":15,"key":"REST"},{"floor":24,"key":"REST"},{"data":"Defragment","floor":27,"key":"SMITH"},{"floor":30,"key":"REST"},{"floor":32,"key":"REST"},{"floor":40,"key":"REST"},{"floor":42,"key":"REST"},{"floor":49,"key":"RECALL"},{"data":"Defragment","floor":52,"key":"SMITH"}],"neow_cost":"NONE","seed_source_timestamp":6920007426423686,"circlet_count":0,"master_deck":["Strike_B","Strike_B","Defend_B","Defend_B","Defend_B","Defend_B","Zap+1","Dualcast","Go for the Eyes+1","Darkness","Capacitor","Coolheaded","Hologram+1","Leap","Loop","Electrodynamics","White Noise","Defragment+1","Defragment+1","Conserve Battery","Defragment","Core Surge","Shame","Ball Lightning+1","Conserve Battery","Enlightenment","White Noise+1","Defragment","Barrage","Leap"],"relics":["Cracked Core","Tiny Chest","Kunai","Runic Pyramid","Letter Opener","Blood Vial","Calling Bell","Bag of Marbles","Mummified Hand","Gambling Chip","Boot","Pear"],"potions_floor_usage":[11,14,23,35,45,50],"damage_taken":[{"damage":3,"enemies":"Jaw Worm","floor":1,"turns":3},{"damage":2,"enemies":"2 Louse","floor":3,"turns":3},{"damage":0,"enemies":"Cultist","floor":5,"turns":3},{"damage":21,"enemies":"Lagavulin","floor":6,"turns":7},{"damage":2,"enemies":"Exordium Thugs","floor":10,"turns":4},{"damage":0,"enemies":"Looter","floor":11,"turns":3},{"damage":0,"enemies":"Large Slime","floor":13,"turns":6},{"damage":2,"enemies":"Gremlin Gang","floor":14,"turns":6},{"damage":40,"enemies":"Hexaghost","floor":16,"turns":10},{"damage":8,"enemies":"Shell Parasite","floor":18,"turns":5},{"damage":15,"enemies":"3 Byrds","floor":21,"turns":3},{"damage":20,"enemies":"Book of Stabbing","floor":23,"turns":9},{"damage":15,"enemies":"Centurion and Healer","floor":25,"turns":5},{"damage":0,"enemies":"3 Cultists","floor":28,"turns":3},{"damage":10,"enemies":"Snecko","floor":29,"turns":5},{"damage":36,"enemies":"Champ","floor":33,"turns":10},{"damage":0,"enemies":"Orb Walker","floor":35,"turns":3},{"damage":10,"enemies":"3 Darklings","floor":36,"turns":2},{"damage":25,"enemies":"Writhing Mass","floor":38,"turns":7},{"damage":23,"enemies":"Spire Growth","floor":41,"turns":6},{"damage":45,"enemies":"Giant Head","floor":45,"turns":8},{"damage":15,"enemies":"4 Shapes","floor":46,"turns":4},{"damage":89,"enemies":"Donu and Deca","floor":50,"turns":8},{"damage":78,"enemies":"Shield and Spear","floor":54,"turns":5}],"seed_played":"6155441068054278260","potions_obtained":[{"floor":0,"key":"FearPotion"},{"floor":0,"key":"Poison Potion"},{"floor":0,"key":"Explosive Potion"},{"floor":1,"key":"FairyPotion"},{"floor":3,"key":"Swift Potion"},{"floor":5,"key":"Energy Potion"},{"floor":14,"key":"AttackPotion"},{"floor":18,"key":"Fire Potion"},{"floor":23,"key":"Weak Potion"},{"floor":35,"key":"GamblersBrew"}],"is_trial":false,"path_per_floor":["M","$","M","?","M","E","R","?","T","M","M","R","M","M","R","B",null,"M","?","$","M","$","E","R","M","T","R","M","M","R","T","R","B",null,"M","M","?","M","$","R","M","R","T","$","E","M","?","?","R","B",null,"R","$","E"],"character_chosen":"DEFECT","items_purchased":["Darkness","Defragment","Enlightenment","Defragment","Leap"],"campfire_rested":6,"item_purchase_floors":[2,20,39,44,53],"current_hp_per_floor":[72,72,70,70,70,49,49,49,49,47,47,47,47,45,67,27,75,67,67,67,52,52,32,54,39,39,39,39,29,51,51,73,39,75,75,65,65,42,42,64,43,65,65,65,32,19,74,74,74,7,74,74,74,0],"gold":21,"neow_bonus":"THREE_SMALL_POTIONS","is_prod":false,"is_daily":false,"chose_seed":false,"campfire_upgraded":4,"win_rate":0,"timestamp":1551907123,"path_taken":["M","$","M","?","M","E","R","?","T","M","M","R","M","M","R","BOSS","M","?","$","M","$","E","R","M","T","R","?","M","R","?","R","BOSS","M","M","?","M","$","R","M","R","T","$","E","M","?","?","R","BOSS","R","$","E"],"build_version":"2019-01-23","purchased_purges":4,"victory":false,"max_hp_per_floor":[75,75,75,75,75,75,75,75,75,75,75,75,75,75,75,75,75,75,75,75,75,75,75,75,75,75,75,75,75,75,75,75,75,75,75,75,75,75,75,75,75,75,75,75,85,85,74,74,74,74,74,74,74,74],"card_choices":[{"not_picked":["Skim","Hologram"],"picked":"Go for the Eyes","floor":1},{"not_picked":["Beam Cell","White Noise"],"picked":"Capacitor","floor":3},{"not_picked":["Barrage","Heatsinks","Rebound"],"picked":"SKIP","floor":5},{"not_picked":["Redo","Hello World"],"picked":"Coolheaded","floor":6},{"not_picked":["Rip and Tear","Auto Shields"],"picked":"Hologram","floor":10},{"not_picked":["Double Energy","Capacitor"],"picked":"Leap","floor":11},{"not_picked":["Skim","Tempest","Hologram"],"picked":"SKIP","floor":13},{"not_picked":["Blizzard","Streamline"],"picked":"Loop","floor":14},{"not_picked":["Multi-Cast","Meteor Strike"],"picked":"Electrodynamics","floor":16},{"not_picked":["Cold Snap","Fusion"],"picked":"White Noise","floor":18},{"not_picked":["Steam","Rip and Tear"],"picked":"Defragment","floor":21},{"not_picked":["Fusion+1","Storm+1","Force Field"],"picked":"SKIP","floor":23},{"not_picked":["Tempest","Turbo"],"picked":"Conserve Battery","floor":25},{"not_picked":["Skim","Sweeping Beam"],"picked":"Coolheaded","floor":28},{"not_picked":["Sunder","Turbo"],"picked":"Defragment","floor":29},{"not_picked":["Electrodynamics","Meteor Strike"],"picked":"Core Surge","floor":33},{"not_picked":["Double Energy","Hello World+1"],"picked":"Ball Lightning+1","floor":35},{"not_picked":["Steam","Leap"],"picked":"Conserve Battery","floor":36},{"not_picked":["Doom and Gloom+1","FTL","Redo+1"],"picked":"SKIP","floor":38},{"not_picked":["Fission","Conserve Battery"],"picked":"White Noise+1","floor":41},{"not_picked":["Compile Driver","Steam+1"],"picked":"Barrage","floor":45},{"not_picked":["Stack","Turbo+1","Hello World"],"picked":"SKIP","floor":46}],"player_experience":107071,"relics_obtained":[{"floor":6,"key":"Tiny Chest"},{"floor":9,"key":"Kunai"},{"floor":23,"key":"Letter Opener"},{"floor":31,"key":"Blood Vial"},{"floor":34,"key":"Bag of Marbles"},{"floor":34,"key":"Mummified Hand"},{"floor":34,"key":"Gambling Chip"},{"floor":43,"key":"Boot"},{"floor":45,"key":"Pear"}],"event_choices":[{"damage_healed":0,"gold_gain":0,"player_choice":"Leave","damage_taken":0,"max_hp_gain":0,"max_hp_loss":0,"event_name":"The Cleric","floor":4,"gold_loss":0},{"damage_healed":0,"gold_gain":0,"player_choice":"Ignored","damage_taken":0,"max_hp_gain":0,"max_hp_loss":0,"event_name":"Golden Wing","floor":8,"gold_loss":0},{"damage_healed":0,"gold_gain":0,"player_choice":"Upgrade","damage_taken":0,"max_hp_gain":0,"max_hp_loss":0,"event_name":"Designer","floor":19,"gold_loss":40,"cards_upgraded":["Go for the Eyes"]},{"cards_removed":["Coolheaded"],"damage_healed":0,"gold_gain":0,"player_choice":"Removed Skill","damage_taken":0,"max_hp_gain":0,"max_hp_loss":0,"event_name":"Falling","floor":37,"gold_loss":0},{"damage_healed":74,"gold_gain":0,"player_choice":"Heal","damage_taken":0,"max_hp_gain":0,"max_hp_loss":11,"event_name":"The Moai Head","floor":47,"gold_loss":0},{"damage_healed":0,"gold_gain":0,"player_choice":"Ignored","damage_taken":0,"max_hp_gain":0,"max_hp_loss":0,"event_name":"Mysterious Sphere","floor":48,"gold_loss":0}],"is_beta":false,"boss_relics":[{"not_picked":["Astrolabe","Philosopher\u0027s Stone"],"picked":"Runic Pyramid"},{"not_picked":["Pandora\u0027s Box","Snecko Eye"],"picked":"Calling Bell"}],"items_purged_floors":[20,22,39,44],"is_endless":false,"potions_floor_spawned":[1,3,5,14,18,23,25,28,35,38],"killed_by":"Shield and Spear","ascension_level":0}