{"gold_per_floor":[112,129,147,161,181,181,206,206,233,247,247,118,177,187,187,283,283,300,346,358,115,125,125,157,157,180,205,205,224,237,252,252,348,348,368,393,393,403,419,419,452,452,524,543,561,89,189,0,0,0],"floor_reached":51,"playtime":2749,"items_purged":["Strike_G","Defend_G","Terror"],"score":776,"play_id":"9d1be47b-1f5e-4df3-80b0-7abfda27aae1","local_time":"20180817174739","is_ascension_mode":false,"campfire_choices":[{"data":"Noxious Fumes","floor":6,"key":"SMITH"},{"floor":11,"key":"REST"},{"data":"Deadly Poison","floor":15,"key":"SMITH"},{"data":"Catalyst","floor":23,"key":"SMITH"},{"data":"Burst","floor":28,"key":"SMITH"},{"floor":32,"key":"REST"},{"floor":40,"key":"REST"},{"floor":49,"key":"REST"}],"neow_cost":"NONE","seed_source_timestamp":136297750641127,"circlet_count":0,"master_deck":["Defend_G+1","Defend_G","Strike_G+1","Survivor+1","Neutralize","Noxious Fumes+1","Leg Sweep","Bane","Catalyst+1","Dodge and Roll","Deadly Poison+1","Catalyst+1","Burst+1","Footwork+1","Accuracy+1","Phantasmal Killer+1","Well Laid Plans+1","Noxious Fumes+1","PiercingWail","Corpse Explosion","Poisoned Stab","Doppelganger","Poisoned Stab+1","Deadly Poison","Malaise"],"relics":["Velvet Choker","Dream Catcher","Vajra","Strawberry","Astrolabe","Bag of Preparation","War Paint","Pen Nib","Bag of Marbles","Happy Flower","Empty Cage","Lantern","Boot","StoneCalendar","Darkstone Periapt","Potion Belt","Red Mask"],"potions_floor_usage":[24,33,33,33],"damage_taken":[{"damage":4,"enemies":"Cultist","floor":1,"turns":4},{"damage":2,"enemies":"2 Louse","floor":2,"turns":4},{"damage":0,"enemies":"Small Slimes","floor":3,"turns":4},{"damage":1,"enemies":"Exordium Thugs","floor":4,"turns":6},{"damage":0,"enemies":"Red Slaver","floor":5,"turns":4},{"damage":3,"enemies":"Gremlin Nob","floor":7,"turns":4},{"damage":9,"enemies":"Blue Slaver","floor":10,"turns":4},{"damage":9,"enemies":"3 Sentries","floor":13,"turns":6},{"damage":0,"enemies":"Looter","floor":14,"turns":3},{"damage":20,"enemies":"Hexaghost","floor":16,"turns":7},{"damage":4,"enemies":"Spheric Guardian","floor":18,"turns":7},{"damage":13,"enemies":"2 Thieves","floor":20,"turns":4},{"damage":6,"enemies":"Chosen and Byrds","floor":22,"turns":5},{"damage":22,"enemies":"Slavers","floor":24,"turns":6},{"damage":0,"enemies":"3 Cultists","floor":29,"turns":2},{"damage":5,"enemies":"Snake Plant","floor":30,"turns":4},{"damage":6,"enemies":"Cultist and Chosen","floor":31,"turns":2},{"damage":10,"enemies":"Collector","floor":33,"turns":6},{"damage":13,"enemies":"3 Darklings","floor":35,"turns":6},{"damage":15,"enemies":"Flame Bruiser 1 Orb","floor":38,"turns":6},{"damage":0,"enemies":"Transient","floor":39,"turns":4},{"damage":3,"enemies":"Nemesis","floor":41,"turns":3},{"damage":0,"floor":42,"turns":4},{"damage":6,"enemies":"Sphere and 2 Shapes","floor":44,"turns":4},{"damage":1,"enemies":"Maw","floor":45,"turns":5},{"damage":0,"enemies":"Time Eater","floor":50,"turns":2}],"seed_played":"-1154993692806651024","potions_obtained":[{"floor":3,"key":"SneckoOil"},{"floor":5,"key":"Strength Potion"},{"floor":7,"key":"Fire Potion"},{"floor":16,"key":"Swift Potion"},{"floor":22,"key":"Regen Potion"},{"floor":30,"key":"SpeedPotion"},{"floor":31,"key":"Fruit Juice"},{"floor":35,"key":"FearPotion"},{"floor":41,"key":"SpeedPotion"},{"floor":44,"key":"EssenceOfSteel"},{"floor":45,"key":"Regen Potion"}],"is_trial":false,"path_per_floor":["M","M","M","M","M","R","E","?","T","M","R","$","?","M","R","B",null,"M","T","M","$","M","R","E","?","T","T","R","M","M","M","R","B",null,"M","T","$","M","M","R","E","?","T","M","M","$","?","?","R","B"],"character_chosen":"THE_SILENT","items_purchased":["Deadly Poison","War Paint","Potion Belt","EntropicBrew","Deadly Poison","PowerPotion"],"campfire_rested":4,"item_purchase_floors":[12,21,46,46,46,46],"current_hp_per_floor":[66,64,64,63,63,63,60,46,46,37,58,58,56,56,56,36,77,73,73,60,60,54,54,32,32,32,32,32,32,27,21,44,54,82,69,69,69,54,54,78,75,75,75,69,68,68,68,68,82,82],"gold":0,"neow_bonus":"BOSS_RELIC","is_prod":false,"is_daily":false,"chose_seed":false,"campfire_upgraded":4,"win_rate":0,"timestamp":1534542459,"path_taken":["M","M","?","?","M","R","E","?","T","?","R","$","?","M","R","BOSS","M","?","M","$","?","R","E","?","T","?","R","M","?","M","R","BOSS","M","?","$","M","M","R","E","?","T","M","M","$","?","?","R","BOSS"],"build_version":"2018-08-16","purchased_purges":3,"victory":true,"max_hp_per_floor":[70,70,70,70,70,70,70,70,70,70,70,70,77,77,77,77,77,77,77,77,77,77,77,77,77,77,77,77,77,77,77,77,82,82,82,82,82,82,82,82,82,82,82,82,82,82,82,82,82,82],"card_choices":[{"not_picked":["Slice","Acrobatics","Quick Slash"],"picked":"SKIP","floor":1},{"not_picked":["Masterful Stab","Reflex"],"picked":"Noxious Fumes","floor":2},{"not_picked":["Backstab","Endless Agony"],"picked":"Leg Sweep","floor":3},{"not_picked":["PiercingWail","Underhanded Strike","Deflect"],"picked":"SKIP","floor":4},{"not_picked":["Dodge and Roll","Prepared"],"picked":"Terror","floor":5},{"not_picked":["Blur","All Out Attack"],"picked":"Bane","floor":7},{"not_picked":["Dodge and Roll","Bane"],"picked":"Catalyst","floor":10},{"not_picked":["Underhanded Strike","Wraith Form v2"],"picked":"Dodge and Roll","floor":11},{"not_picked":["Leg Sweep","Quick Slash"],"picked":"Catalyst","floor":14},{"not_picked":["Storm of Steel","Night Terror"],"picked":"Burst","floor":16},{"not_picked":["Eviscerate","Endless Agony"],"picked":"Well Laid Plans+1","floor":18},{"not_picked":["Dagger Throw","Blade Dance+1"],"picked":"Noxious Fumes+1","floor":20},{"not_picked":["Cloak And Dagger","Sucker Punch"],"picked":"PiercingWail","floor":22},{"not_picked":["Flying Knee","Dagger Throw"],"picked":"Corpse Explosion","floor":24},{"not_picked":["Predator","Underhanded Strike"],"picked":"Poisoned Stab","floor":29},{"not_picked":["Finisher","All Out Attack+1","Quick Slash"],"picked":"SKIP","floor":30},{"not_picked":["Deflect","Underhanded Strike","Infinite Blades"],"picked":"SKIP","floor":31},{"not_picked":["Storm of Steel","After Image"],"picked":"Doppelganger","floor":33},{"not_picked":["Poisoned Stab","Outmaneuver+1","Underhanded Strike+1"],"picked":"SKIP","floor":35},{"not_picked":["Eviscerate","Quick Slash+1","Tactician"],"picked":"SKIP","floor":38},{"not_picked":["Choke","Flying Knee","Outmaneuver"],"picked":"SKIP","floor":39},{"not_picked":["Slice","Quick Slash+1"],"picked":"Poisoned Stab+1","floor":40},{"not_picked":["A Thousand Cuts","Cloak And Dagger+1","Expertise+1"],"picked":"SKIP","floor":41},{"not_picked":["Tactician","Cloak And Dagger+1","Skewer+1"],"picked":"SKIP","floor":44},{"not_picked":["Quick Slash+1","Riddle With Holes+1","PiercingWail+1"],"picked":"SKIP","floor":45},{"not_picked":["Cloak And Dagger+1","Masterful Stab"],"picked":"Malaise","floor":49}],"player_experience":77124,"relics_obtained":[{"floor":7,"key":"Dream Catcher"},{"floor":9,"key":"Vajra"},{"floor":19,"key":"Bag of Preparation"},{"floor":24,"key":"Pen Nib"},{"floor":26,"key":"Bag of Marbles"},{"floor":27,"key":"Happy Flower"},{"floor":36,"key":"Lantern"},{"floor":41,"key":"Boot"},{"floor":42,"key":"StoneCalendar"},{"floor":43,"key":"Darkstone Periapt"}],"event_choices":[{"event_name":"Shining Light","player_choice":"Entered Light","floor":8,"damage_taken":0},{"event_name":"Dead Adventurer","player_choice":"Searched \u00272\u0027 times","floor":13,"damage_taken":0},{"event_name":"Cursed Tome","player_choice":"Ignored","floor":25,"damage_taken":0},{"event_name":"MindBloom","player_choice":"Fight","floor":42,"damage_taken":0},{"event_name":"Golden Shrine","player_choice":"Pray","floor":47,"damage_taken":0},{"event_name":"Tomb of Lord Red Mask","player_choice":"Paid","floor":48,"damage_taken":0}],"is_beta":false,"boss_relics":[{"not_picked":["Runic Dome","HoveringKite"],"picked":"Astrolabe"},{"not_picked":["WristBlade","Snecko Eye"],"picked":"Empty Cage"}],"items_purged_floors":[12,21,46],"is_endless":false,"potions_floor_spawned":[3,5,7,10,14,16,22,30,31,35,41,44,45],"ascension_level":0}