{"gold_per_floor":[119,119,119,119,130,130,145,20,67,87,87,98,109,119,119,223,223,239,251,251,267,140,140,65,65,65,65,84,111,126,140,140,235,235,246,263,124,124,139,139,158,158,183,183,193,193,209,227,227,227],"floor_reached":50,"playtime":3102,"items_purged":["Strike_G","Strike_G"],"score":465,"play_id":"3d5f7780-077c-4545-a170-4f78e802d804","local_time":"20181212184626","is_ascension_mode":false,"campfire_choices":[{"floor":6.0,"key":"REST"},{"data":"Storm of Steel","floor":11.0,"key":"SMITH"},{"floor":15.0,"key":"REST"},{"data":"Accuracy","floor":23.0,"key":"SMITH"},{"data":"Blade Dance","floor":25.0,"key":"SMITH"},{"data":"Blade Dance","floor":27.0,"key":"SMITH"},{"floor":32.0,"key":"REST"},{"floor":40.0,"key":"REST"},{"data":"Cloak And Dagger","floor":42.0,"key":"SMITH"},{"floor":49.0,"key":"REST"}],"neow_cost":"NONE","seed_source_timestamp":0,"circlet_count":0,"master_deck":["Defend_G","Defend_G","Defend_G","Defend_G","Defend_G","Strike_G","Strike_G","Survivor+1","Neutralize+1","Storm of Steel+1","Cloak And Dagger","Infinite Blades","Backflip","Cloak And Dagger+1","Backstab","Infinite Blades","Blade Dance+1","After Image","Accuracy+1","Blade Dance+1","Cloak And Dagger","Blade Dance+1","Infinite Blades","Cloak And Dagger"],"special_seed":0,"relics":["Ring of the Snake","Dead Branch","Bag of Marbles","WristBlade","Dodecahedron","Art of War","Orrery","Strawberry"],"potions_floor_usage":[50],"damage_taken":[{"damage":0.0,"enemies":"Jaw Worm","floor":1.0,"turns":6.0},{"damage":1.0,"enemies":"Small Slimes","floor":5.0,"turns":3.0},{"damage":0.0,"enemies":"Cultist","floor":7.0,"turns":2.0},{"damage":0.0,"enemies":"Red Slaver","floor":10.0,"turns":1.0},{"damage":0.0,"enemies":"Exordium Thugs","floor":12.0,"turns":3.0},{"damage":20.0,"enemies":"Gremlin Gang","floor":13.0,"turns":4.0},{"damage":0.0,"enemies":"Lots of Slimes","floor":14.0,"turns":2.0},{"damage":24.0,"enemies":"Hexaghost","floor":16.0,"turns":7.0},{"damage":0.0,"enemies":"Spheric Guardian","floor":18.0,"turns":1.0},{"damage":8.0,"enemies":"Shell Parasite","floor":19.0,"turns":3.0},{"damage":2.0,"enemies":"Centurion and Healer","floor":21.0,"turns":2.0},{"damage":0.0,"enemies":"Snecko","floor":28.0,"turns":2.0},{"damage":0.0,"enemies":"Cultist and Chosen","floor":30.0,"turns":2.0},{"damage":5.0,"enemies":"Snake Plant","floor":31.0,"turns":4.0},{"damage":26.0,"enemies":"Collector","floor":33.0,"turns":5.0},{"damage":0.0,"enemies":"3 Shapes","floor":35.0,"turns":1.0},{"damage":16.0,"enemies":"3 Darklings","floor":36.0,"turns":5.0},{"damage":6.0,"enemies":"Jaw Worm Horde","floor":39.0,"turns":4.0},{"damage":10.0,"enemies":"4 Shapes","floor":41.0,"turns":4.0},{"damage":20.0,"enemies":"Writhing Mass","floor":45.0,"turns":4.0},{"damage":18.0,"enemies":"3 Darklings","floor":47.0,"turns":5.0},{"damage":20.0,"enemies":"Transient","floor":48.0,"turns":5.0},{"damage":58,"enemies":"Awakened One","floor":50,"turns":9}],"seed_played":"998816888525575510","potions_obtained":[{"floor":5.0,"key":"SkillPotion"},{"floor":7.0,"key":"Ancient Potion"},{"floor":10.0,"key":"Regen Potion"},{"floor":13.0,"key":"AttackPotion"},{"floor":16.0,"key":"Poison Potion"},{"floor":18.0,"key":"Explosive Potion"},{"floor":30.0,"key":"SkillPotion"},{"floor":31.0,"key":"Regen Potion"},{"floor":33.0,"key":"EssenceOfSteel"},{"floor":39.0,"key":"FearPotion"},{"floor":45.0,"key":"Dexterity Potion"},{"floor":47.0,"key":"Regen Potion"},{"floor":48.0,"key":"EssenceOfSteel"}],"is_trial":false,"path_per_floor":["M","?","?","?","M","R","M","$","T","M","R","M","M","M","R","B",null,"M","M","?","M","$","R","$","R","T","R","M","T","M","M","R","B",null,"M","M","$","$","M","R","M","R","T","?","M","?","M","M","R","B"],"character_chosen":"THE_SILENT","items_purchased":["Cloak And Dagger","Backstab","Accuracy","Blade Dance","Infinite Blades"],"campfire_rested":5,"item_purchase_floors":[8,8,22,22,37],"current_hp_per_floor":[70,52,52,38,37,58,58,58,58,58,58,58,47,47,68,44,70,70,62,62,60,60,60,60,60,60,60,60,60,60,55,70,51,70,70,54,54,54,48,69,59,59,66,66,46,46,28,23,46,0],"gold":227,"neow_bonus":"ONE_RANDOM_RARE_CARD","is_prod":false,"is_daily":false,"chose_seed":false,"campfire_upgraded":5,"win_rate":0.0,"timestamp":1544658386,"path_taken":["M","?","?","?","M","R","M","$","T","M","R","M","M","M","R","BOSS","M","M","?","?","$","R","?","R","T","R","M","?","?","M","R","BOSS","M","M","?","$","M","R","M","R","T","?","M","?","?","M","R","BOSS"],"build_version":"2018-12-06","purchased_purges":2,"victory":false,"max_hp_per_floor":[70,70,70,70,70,70,70,70,70,70,70,70,70,70,70,70,70,70,70,70,70,70,70,70,70,70,70,70,70,70,70,70,70,70,70,70,70,70,70,70,70,70,77,77,77,77,77,77,77,77],"card_choices":[{"not_picked":["PiercingWail","Riddle With Holes"],"picked":"Cloak And Dagger","floor":1.0},{"not_picked":["Outmaneuver","Bane"],"picked":"Infinite Blades","floor":5.0},{"not_picked":["Envenom","Underhanded Strike"],"picked":"Backflip","floor":7.0},{"not_picked":["Deadly Poison","Predator","Dagger Throw"],"picked":"SKIP","floor":10.0},{"not_picked":["Outmaneuver","Poisoned Stab","PiercingWail"],"picked":"SKIP","floor":12.0},{"not_picked":["Flying Knee","Footwork"],"picked":"Infinite Blades","floor":13.0},{"not_picked":["Dash","Unload"],"picked":"Blade Dance","floor":14.0},{"not_picked":["Grand Finale","Tools of the Trade"],"picked":"After Image","floor":16.0},{"not_picked":["Escape Plan","PiercingWail","Deadly Poison"],"picked":"SKIP","floor":18.0},{"not_picked":["Dodge and Roll+1","Quick Slash","Heel Hook+1"],"picked":"SKIP","floor":19.0},{"not_picked":["PiercingWail","Quick Slash","Dagger Spray"],"picked":"SKIP","floor":21.0},{"not_picked":["Underhanded Strike","Footwork","Dodge and Roll"],"picked":"SKIP","floor":28.0},{"not_picked":["Sucker Punch","PiercingWail+1","Slice"],"picked":"SKIP","floor":30.0},{"not_picked":["Dagger Spray","All Out Attack+1"],"picked":"Cloak And Dagger","floor":31.0},{"not_picked":["Backflip+1","Choke","Leg Sweep+1"],"picked":"SKIP","floor":35.0},{"not_picked":["Prepared+1","Backflip"],"picked":"Blade Dance+1","floor":36.0},{"not_picked":["Riddle With Holes","Acrobatics","Masterful Stab"],"picked":"SKIP","floor":39.0},{"not_picked":["Predator+1","Caltrops","Quick Slash"],"picked":"SKIP","floor":41.0},{"not_picked":["Deadly Poison","Footwork","Expertise+1"],"picked":"SKIP","floor":45.0},{"not_picked":["Underhanded Strike+1","Well Laid Plans+1","Reflex+1"],"picked":"SKIP","floor":47.0},{"not_picked":["Caltrops+1","Dodge and Roll"],"picked":"Cloak And Dagger","floor":48.0}],"player_experience":261675,"relics_obtained":[{"floor":9.0,"key":"Bag of Marbles"},{"floor":26.0,"key":"Dodecahedron"},{"floor":29.0,"key":"Art of War"},{"floor":43.0,"key":"Strawberry"}],"event_choices":[{"damage_healed":0.0,"max_hp_gain":0.0,"max_hp_loss":0.0,"gold_gain":0.0,"event_name":"Scrap Ooze","player_choice":"Success","floor":2.0,"gold_loss":0.0,"damage_taken":18.0,"relics_obtained":["Dead Branch"]},{"damage_healed":0.0,"max_hp_gain":0.0,"max_hp_loss":0.0,"gold_gain":0.0,"event_name":"Golden Wing","player_choice":"Ignored","floor":3.0,"gold_loss":0.0,"damage_taken":0.0},{"damage_healed":0.0,"max_hp_gain":0.0,"max_hp_loss":0.0,"gold_gain":0.0,"event_name":"Shining Light","player_choice":"Entered Light","floor":4.0,"gold_loss":0.0,"damage_taken":14.0,"cards_upgraded":["Survivor","Neutralize"]},{"damage_healed":0.0,"max_hp_gain":0.0,"max_hp_loss":0.0,"gold_gain":0.0,"event_name":"N\u0027loth","player_choice":"Ignored","floor":20.0,"gold_loss":0.0,"damage_taken":0.0},{"damage_healed":0.0,"max_hp_gain":0.0,"max_hp_loss":0.0,"gold_gain":0.0,"event_name":"SensoryStone","player_choice":"Memory 1","floor":44.0,"gold_loss":0.0,"damage_taken":0.0},{"cards_removed":["Strike_G"],"damage_healed":0.0,"max_hp_gain":0.0,"max_hp_loss":0.0,"gold_gain":0.0,"event_name":"Bonfire Elementals","player_choice":"Offered Basic","floor":46.0,"gold_loss":0.0,"damage_taken":0.0}],"is_beta":false,"boss_relics":[{"not_picked":["HoveringKite","Philosopher\u0027s Stone"],"picked":"WristBlade"},{"not_picked":["Eternal Feather","Runic Dome"],"picked":"Orrery"}],"items_purged_floors":[24,37],"is_endless":false,"potions_floor_spawned":[5,7,10,13,16,18,30,31,33,39,45,47,48],"killed_by":"Awakened One","ascension_level":0}