{"gold_per_floor":[109,123,198,215,13,13,13,13,66,87,87,103,103,121,121,194,194,204,204,224,224,224,251,251,264,311,325,345,75,75,95,95,172,172,187,37,50,63,63,95,95,130,130,150,150,150,150,170,170,170],"floor_reached":51,"playtime":4402,"items_purged":["Strike_R","Bash","Shockwave"],"score":1211,"play_id":"ca51eeb6-eb5c-4008-bd66-8b4bd50fa4ed","local_time":"20181205210417","is_ascension_mode":true,"campfire_choices":[{"data":"Rampage","floor":6,"key":"SMITH"},{"data":"True Grit","floor":8,"key":"SMITH"},{"data":"Shrug It Off","floor":11,"key":"SMITH"},{"floor":15,"key":"REST"},{"data":"Shrug It Off","floor":24,"key":"SMITH"},{"data":"Thinking Ahead","floor":32,"key":"SMITH"},{"floor":41,"key":"REST"},{"data":"Battle Trance","floor":45,"key":"SMITH"},{"floor":49,"key":"REST"}],"neow_cost":"NONE","seed_source_timestamp":353449373402207,"circlet_count":0,"master_deck":["AscendersBane","Pommel Strike","Disarm","Warcry","Rampage+1","True Grit+1","Shrug It Off+1","Inflame","Double Tap","Iron Wave","Pommel Strike","Shrug It Off+1","Spot Weakness","Pummel","Battle Trance+1","Thinking Ahead+1","Brutality","Pummel+1","True Grit","Disarm","Dark Shackles"],"relics":["Burning Blood","Red Skull","Odd Mushroom","Bag of Preparation","Pandora\u0027s Box","Ancient Tea Set","Orichalcum","Philosopher\u0027s Stone","Bronze Scales","Bird Faced Urn","Paper Frog"],"potions_floor_usage":[18,21,33,42,50,50],"damage_taken":[{"damage":4,"enemies":"2 Louse","floor":1,"turns":4},{"damage":3,"enemies":"Jaw Worm","floor":2,"turns":5},{"damage":7,"enemies":"Small Slimes","floor":4,"turns":5},{"damage":34,"enemies":"The Mushroom Lair","floor":10,"turns":8},{"damage":0,"enemies":"Looter","floor":12,"turns":4},{"damage":0,"enemies":"Exordium Wildlife","floor":14,"turns":3},{"damage":19,"enemies":"Hexaghost","floor":16,"turns":10},{"damage":7,"enemies":"3 Byrds","floor":18,"turns":6},{"damage":14,"enemies":"2 Thieves","floor":20,"turns":4},{"damage":13,"enemies":"Colosseum Slavers","floor":21,"turns":2},{"damage":54,"enemies":"Slavers","floor":23,"turns":7},{"damage":1,"enemies":"Chosen and Byrds","floor":25,"turns":6},{"damage":0,"enemies":"Centurion and Healer","floor":27,"turns":4},{"damage":9,"enemies":"Snake Plant","floor":28,"turns":5},{"damage":11,"enemies":"3 Cultists","floor":31,"turns":4},{"damage":24,"enemies":"Champ","floor":33,"turns":7},{"damage":8,"enemies":"Orb Walker","floor":35,"turns":3},{"damage":7,"enemies":"3 Shapes","floor":37,"turns":6},{"damage":6,"enemies":"3 Darklings","floor":38,"turns":7},{"damage":40,"enemies":"Giant Head","floor":40,"turns":7},{"damage":20,"enemies":"Reptomancer","floor":42,"turns":7},{"damage":6,"enemies":"4 Shapes","floor":44,"turns":5},{"damage":7,"enemies":"Transient","floor":48,"turns":5},{"damage":32,"enemies":"Time Eater","floor":50,"turns":8}],"seed_played":"5596491588900796243","potions_obtained":[{"floor":10,"key":"FearPotion"},{"floor":12,"key":"SneckoOil"},{"floor":16,"key":"Fire Potion"},{"floor":18,"key":"Fire Potion"},{"floor":23,"key":"Strength Potion"},{"floor":33,"key":"Weak Potion"},{"floor":42,"key":"Block Potion"}],"is_trial":false,"path_per_floor":["M","M","?","M","$","R","?","R","T","?","R","M","?","M","R","B",null,"M","?","M","?","?","E","R","M","T","M","M","$","?","M","R","B",null,"M","$","M","M","?","E","R","E","T","M","R","?","?","M","R","B",null],"character_chosen":"IRONCLAD","items_purchased":["Rampage","True Grit","Thinking Ahead","True Grit"],"campfire_rested":3,"item_purchase_floors":[5,5,29,36],"current_hp_per_floor":[70,73,62,61,61,61,54,54,54,26,26,32,27,33,55,42,67,66,45,37,30,80,32,32,37,37,43,40,40,40,35,35,17,64,62,62,61,61,61,27,51,37,37,41,41,41,41,44,66,44],"gold":170,"neow_bonus":"REMOVE_CARD","is_prod":false,"is_daily":false,"chose_seed":false,"campfire_upgraded":6,"win_rate":0,"timestamp":1544061857,"path_taken":["M","M","?","M","$","R","?","R","T","?","R","M","?","?","R","BOSS","M","?","M","?","?","E","R","M","T","?","M","$","?","M","R","BOSS","M","$","M","M","?","E","R","E","T","M","R","?","?","M","R","BOSS"],"build_version":"2018-12-05","purchased_purges":3,"victory":true,"max_hp_per_floor":[75,75,75,75,75,75,75,75,75,75,75,75,75,75,75,75,75,75,80,80,80,80,80,80,80,80,80,80,80,80,80,80,80,80,80,80,80,80,80,80,80,80,80,80,80,80,76,76,76,76],"card_choices":[{"not_picked":["Havoc","Rage"],"picked":"Pommel Strike","floor":1},{"not_picked":["Cleave","Sever Soul"],"picked":"Disarm","floor":2},{"not_picked":["Flex","Heavy Blade"],"picked":"Warcry","floor":4},{"not_picked":["Spot Weakness","Twin Strike"],"picked":"Shrug It Off","floor":10},{"not_picked":["Heavy Blade","Reckless Charge"],"picked":"Intimidate","floor":12},{"not_picked":["Evolve","Power Through"],"picked":"Inflame","floor":14},{"not_picked":["Feed","Demon Form"],"picked":"Double Tap","floor":16},{"not_picked":["Shrug It Off","Sword Boomerang","Thunderclap"],"picked":"SKIP","floor":18},{"not_picked":["Rampage","Anger"],"picked":"Pummel","floor":20},{"not_picked":["Rupture+1","Anger","Clash+1"],"picked":"SKIP","floor":23},{"not_picked":["Warcry","Shrug It Off"],"picked":"Battle Trance","floor":25},{"not_picked":["Dual Wield","Uppercut","Blood for Blood"],"picked":"SKIP","floor":27},{"not_picked":["Anger","Searing Blow","Heavy Blade"],"picked":"SKIP","floor":28},{"not_picked":["Body Slam","Uppercut","Bludgeon"],"picked":"SKIP","floor":31},{"not_picked":["Impervious","Double Tap"],"picked":"Brutality","floor":33},{"not_picked":["Cleave+1","Anger"],"picked":"Pummel+1","floor":35},{"not_picked":["Sword Boomerang","Rampage"],"picked":"Disarm","floor":37},{"not_picked":["Ghostly Armor","Bloodletting","Seeing Red"],"picked":"SKIP","floor":38},{"not_picked":["The Bomb","Finesse"],"picked":"Dark Shackles","floor":39},{"not_picked":["Wild Strike","Havoc","Sword Boomerang"],"picked":"SKIP","floor":40},{"not_picked":["Sword Boomerang+1","Dropkick","Evolve"],"picked":"SKIP","floor":42},{"not_picked":["Thunderclap","Anger+1","Battle Trance"],"picked":"SKIP","floor":44},{"not_picked":["Heavy Blade","Rage+1","Combust"],"picked":"SKIP","floor":48}],"player_experience":443077,"relics_obtained":[{"floor":9,"key":"Red Skull"},{"floor":10,"key":"Odd Mushroom"},{"floor":23,"key":"Ancient Tea Set"},{"floor":26,"key":"Orichalcum"},{"floor":40,"key":"Bronze Scales"},{"floor":42,"key":"Bird Faced Urn"},{"floor":43,"key":"Paper Frog"}],"event_choices":[{"damage_healed":0,"gold_gain":75,"player_choice":"Gather Gold","damage_taken":11,"max_hp_gain":0,"max_hp_loss":0,"event_name":"World of Goop","floor":3,"gold_loss":0},{"cards_removed":["Strike_R"],"damage_healed":0,"gold_gain":0,"player_choice":"Card Removal","damage_taken":7,"max_hp_gain":0,"max_hp_loss":0,"event_name":"Golden Wing","floor":7,"gold_loss":0},{"damage_healed":0,"gold_gain":0,"player_choice":"Fought Mushrooms","damage_taken":0,"max_hp_gain":0,"max_hp_loss":0,"event_name":"Mushrooms","floor":10,"gold_loss":0},{"damage_healed":0,"gold_gain":0,"player_choice":"Success","damage_taken":5,"relics_obtained":["Bag of Preparation"],"max_hp_gain":0,"max_hp_loss":0,"event_name":"Scrap Ooze","floor":13,"gold_loss":0},{"damage_healed":0,"gold_gain":0,"player_choice":"Shed Blood","damage_taken":26,"max_hp_gain":5,"max_hp_loss":0,"event_name":"Forgotten Altar","floor":19,"gold_loss":0},{"damage_healed":0,"gold_gain":0,"player_choice":"Fight","damage_taken":0,"max_hp_gain":0,"max_hp_loss":0,"event_name":"Colosseum","floor":21,"gold_loss":0},{"damage_healed":0,"gold_gain":0,"player_choice":"Fled From Nobs","damage_taken":0,"max_hp_gain":0,"max_hp_loss":0,"event_name":"Colosseum","floor":21,"gold_loss":0},{"cards_removed":["Uppercut"],"damage_healed":50,"gold_gain":0,"player_choice":"Offered Uncommon","damage_taken":0,"max_hp_gain":0,"max_hp_loss":0,"event_name":"Bonfire Elementals","floor":22,"gold_loss":0},{"damage_healed":0,"gold_gain":0,"player_choice":"Ignored","damage_taken":0,"max_hp_gain":0,"max_hp_loss":0,"event_name":"Cursed Tome","floor":30,"gold_loss":0},{"damage_healed":0,"gold_gain":0,"player_choice":"Memory 1","damage_taken":0,"max_hp_gain":0,"max_hp_loss":0,"event_name":"SensoryStone","floor":39,"gold_loss":0},{"cards_removed":["Intimidate"],"damage_healed":0,"gold_gain":0,"player_choice":"Removed Skill","damage_taken":0,"max_hp_gain":0,"max_hp_loss":0,"event_name":"Falling","floor":46,"gold_loss":0},{"damage_healed":0,"gold_gain":0,"player_choice":"Max HP","damage_taken":0,"max_hp_gain":0,"max_hp_loss":4,"event_name":"Winding Halls","floor":47,"gold_loss":0}],"is_beta":true,"boss_relics":[{"not_picked":["Cursed Key","Black Blood"],"picked":"Pandora\u0027s Box"},{"not_picked":["Mark of Pain","Empty Cage"],"picked":"Philosopher\u0027s Stone"}],"items_purged_floors":[5,29,36],"is_endless":false,"potions_floor_spawned":[10,12,16,18,23,28,31,33,35,42],"ascension_level":15}