{"gold_per_floor":[109,109,109,130,178,178,194,210,210,289,289,314,219,240,240,365,365,388,388,402,402,426,469,469,512,512,225,269,269],"floor_reached":29,"playtime":3060,"items_purged":[],"score":273,"play_id":"08f70ffc-7809-4007-9011-b07f6bc43f3e","local_time":"20190125131406","is_ascension_mode":false,"campfire_choices":[{"data":"Darkness","floor":6.0,"key":"SMITH"},{"data":"Streamline","floor":11.0,"key":"SMITH"},{"floor":15.0,"key":"REST"},{"floor":24,"key":"REST"}],"neow_cost":"NONE","seed_source_timestamp":0,"circlet_count":0,"master_deck":["Strike_B+1","Strike_B","Strike_B","Strike_B+1","Defend_B","Defend_B","Defend_B","Defend_B","Zap","Dualcast","Darkness+1","Capacitor","Streamline+1","Steam+1","Stack+1","Hello World","Aggregate+1","Multi-Cast+1","Barrage+1","Conserve Battery+1","Conserve Battery+1","Ball Lightning+1","Fission+1","Doom and Gloom","Redo+1","Dash"],"special_seed":0,"relics":["Cracked Core","Golden Idol","Bronze Scales","Anchor","Toxic Egg 2","Bottled Tornado","Lizard Tail","Strawberry","Unceasing Top","Whetstone","PrismaticShard","Gremlin Horn"],"potions_floor_usage":[23,23,23,28,29],"damage_taken":[{"damage":1.0,"enemies":"Jaw Worm","floor":1.0,"turns":3.0},{"damage":0.0,"enemies":"2 Louse","floor":4.0,"turns":2.0},{"damage":2.0,"enemies":"Small Slimes","floor":7.0,"turns":3.0},{"damage":4.0,"enemies":"Exordium Thugs","floor":8.0,"turns":4.0},{"damage":0.0,"enemies":"Looter","floor":12.0,"turns":2.0},{"damage":4.0,"enemies":"Gremlin Gang","floor":14.0,"turns":5.0},{"damage":30.0,"enemies":"The Guardian","floor":16.0,"turns":8.0},{"damage":11,"enemies":"3 Byrds","floor":18,"turns":2},{"damage":8,"enemies":"Chosen","floor":20,"turns":5},{"damage":26,"enemies":"Snake Plant","floor":22,"turns":4},{"damage":57,"enemies":"Gremlin Leader","floor":23,"turns":9},{"damage":3,"enemies":"Book of Stabbing","floor":25,"turns":4},{"damage":24,"enemies":"Gremlin Leader","floor":28,"turns":6},{"damage":12,"enemies":"3 Cultists","floor":29,"turns":3}],"seed_played":"7239327763309250929","potions_obtained":[{"floor":0.0,"key":"FearPotion"},{"floor":0.0,"key":"Swift Potion"},{"floor":0.0,"key":"Dexterity Potion"},{"floor":14.0,"key":"Explosive Potion"},{"floor":16.0,"key":"LiquidBronze"},{"floor":22,"key":"Explosive Potion"},{"floor":23,"key":"Dexterity Potion"},{"floor":28,"key":"LiquidBronze"}],"is_trial":false,"path_per_floor":["M","?","?","M","T","R","M","M","T","T","R","M","$","M","R","B",null,"M","?","M","?","M","E","R","E","T","$","E","M"],"character_chosen":"DEFECT","items_purchased":["Stack+1","Hello World","Doom and Gloom","Redo+1","PrismaticShard"],"campfire_rested":2,"item_purchase_floors":[13,13,27,27,27],"current_hp_per_floor":[74,56,38,38,38,38,36,32,32,32,32,32,32,28,50,20,75,64,57,49,49,23,14,38,35,35,35,11,0],"gold":269,"neow_bonus":"THREE_SMALL_POTIONS","is_prod":false,"is_daily":false,"chose_seed":false,"campfire_upgraded":2,"win_rate":0.0,"timestamp":1548429246,"path_taken":["M","?","?","M","?","R","M","?","T","?","R","M","$","M","R","BOSS","M","?","?","?","M","E","R","E","T","$","E","?"],"build_version":"2019-01-23","purchased_purges":0,"victory":false,"max_hp_per_floor":[75,75,75,75,75,75,75,75,75,75,75,75,75,75,75,75,75,75,75,75,75,75,82,82,82,82,82,82,82],"card_choices":[{"not_picked":["Cold Snap","Capacitor"],"picked":"Darkness","floor":1.0},{"not_picked":["Hologram","Go for the Eyes"],"picked":"All For One","floor":4.0},{"not_picked":["Leap","Conserve Battery"],"picked":"Capacitor","floor":7.0},{"not_picked":["Loop","Hologram"],"picked":"Streamline","floor":8.0},{"not_picked":["Reprogram+1","Streamline"],"picked":"Steam+1","floor":12.0},{"not_picked":["Stack+1","Skim+1"],"picked":"Aggregate+1","floor":14.0},{"not_picked":["Seek+1","Electrodynamics"],"picked":"Multi-Cast+1","floor":16.0},{"not_picked":["Leap+1","Beam Cell"],"picked":"Barrage+1","floor":18},{"not_picked":["Heatsinks","Leap+1"],"picked":"Conserve Battery+1","floor":20},{"not_picked":["Leap+1","Gash"],"picked":"Conserve Battery+1","floor":22},{"not_picked":["Reboot+1","Leap+1"],"picked":"Ball Lightning+1","floor":23},{"not_picked":["Reinforced Body+1","Gash+1"],"picked":"Fission+1","floor":25},{"not_picked":["Backflip+1","Power Through+1"],"picked":"Dash","floor":28}],"player_experience":25083,"relics_obtained":[{"floor":5.0,"key":"Anchor"},{"floor":9.0,"key":"Toxic Egg 2"},{"floor":10.0,"key":"Bottled Tornado"},{"floor":23,"key":"Strawberry"},{"floor":25,"key":"Unceasing Top"},{"floor":26,"key":"Whetstone"},{"floor":28,"key":"Gremlin Horn"}],"event_choices":[{"damage_healed":0.0,"max_hp_gain":0.0,"max_hp_loss":0.0,"gold_gain":0.0,"event_name":"Golden Idol","player_choice":"Take Damage","floor":2.0,"gold_loss":0.0,"damage_taken":18.0,"relics_obtained":["Golden Idol"]},{"damage_healed":0.0,"max_hp_gain":0.0,"max_hp_loss":0.0,"gold_gain":0.0,"event_name":"Scrap Ooze","player_choice":"Success","floor":3.0,"gold_loss":0.0,"damage_taken":18.0,"relics_obtained":["Bronze Scales"]},{"damage_healed":0,"gold_gain":0,"player_choice":"","damage_taken":7,"max_hp_gain":0,"max_hp_loss":0,"event_name":"Knowing Skull","floor":19,"potions_obtained":[],"gold_loss":0,"cards_obtained":[]},{"cards_removed":["All For One"],"damage_healed":0,"gold_gain":0,"player_choice":"Purged","damage_taken":0,"max_hp_gain":0,"max_hp_loss":0,"event_name":"Purifier","floor":21,"gold_loss":0}],"is_beta":false,"boss_relics":[{"not_picked":["Orrery","FrozenCore"],"picked":"Lizard Tail"}],"items_purged_floors":[],"is_endless":false,"potions_floor_spawned":[1,14,16,18,22,23,28],"killed_by":"3 Cultists","ascension_level":0}