{"gold_per_floor":[109,109,129,129,129,161,161,173,173,173,207,224,1,15,15,119,119,139,155,155,174,74,74,100,119,146,146,146,25,39,54,54,54],"floor_reached":33,"playtime":1998,"items_purged":["Eviscerate","Defend_G"],"score":418,"play_id":"2086c136-2b07-4954-a8ec-778ecc6344c4","local_time":"20190307154403","is_ascension_mode":true,"campfire_choices":[{"data":"Neutralize","floor":7,"key":"SMITH"},{"data":"1","floor":10,"key":"LIFT"},{"floor":15,"key":"REST"},{"floor":23,"key":"REST"},{"floor":27,"key":"REST"},{"floor":32,"key":"REST"}],"neow_cost":"NONE","seed_source_timestamp":307616631264,"circlet_count":0,"master_deck":["Defend_G+1","Defend_G+1","Defend_G+1","Defend_G+1","Strike_G+1","Strike_G+1","Strike_G+1","Strike_G+1","Survivor","Neutralize+1","Acrobatics","Acrobatics","Backstab","Blur","Dagger Throw","Malaise","Backflip+1","Predator+1","Cloak And Dagger","Backflip","Leg Sweep","Dodge and Roll"],"relics":["Ring of the Serpent","NeowsBlessing","FaceOfCleric","Question Card","Girya","Paper Crane","Shuriken","Omamori","Ginger","Oddly Smooth Stone"],"potions_floor_usage":[11,14,16,16,20,21,21,24,30,31,33],"damage_taken":[{"damage":0,"enemies":"2 Louse","floor":1,"turns":1},{"damage":0,"enemies":"Cultist","floor":3,"turns":1},{"damage":0,"enemies":"Gremlin Nob","floor":6,"turns":1},{"damage":0,"enemies":"Jaw Worm","floor":8,"turns":5},{"damage":23,"enemies":"Lagavulin","floor":11,"turns":9},{"damage":0,"enemies":"2 Fungi Beasts","floor":12,"turns":2},{"damage":0,"enemies":"Large Slime","floor":14,"turns":2},{"damage":51,"enemies":"Slime Boss","floor":16,"turns":17},{"damage":15,"enemies":"Spheric Guardian","floor":18,"turns":4},{"damage":6,"enemies":"Shell Parasite","floor":19,"turns":10},{"damage":16,"enemies":"Cultist and Chosen","floor":21,"turns":7},{"damage":56,"enemies":"Slavers","floor":24,"turns":7},{"damage":1,"enemies":"Snake Plant","floor":25,"turns":6},{"damage":2,"enemies":"Shelled Parasite and Fungi","floor":30,"turns":8},{"damage":5,"enemies":"3 Cultists","floor":31,"turns":8},{"damage":56,"enemies":"Automaton","floor":33,"turns":6}],"seed_played":"-1184040841159862301","potions_obtained":[{"floor":3,"key":"GhostInAJar"},{"floor":6,"key":"Energy Potion"},{"floor":11,"key":"PowerPotion"},{"floor":12,"key":"AttackPotion"},{"floor":16,"key":"Strength Potion"},{"floor":19,"key":"EssenceOfSteel"},{"floor":20,"key":"Fruit Juice"},{"floor":20,"key":"Fire Potion"},{"floor":20,"key":"SteroidPotion"},{"floor":30,"key":"Block Potion"},{"floor":31,"key":"AttackPotion"}],"is_trial":false,"path_per_floor":["M","?","M","T","?","E","R","M","T","R","E","M","$","M","R","B",null,"M","M","?","M","$","R","E","M","T","R","?","$","M","M","R","B"],"character_chosen":"THE_SILENT","items_purchased":["Omamori","Ancient Potion","PowerPotion"],"campfire_rested":4,"item_purchase_floors":[13,29,29],"current_hp_per_floor":[63,63,64,64,64,65,65,66,66,66,44,45,45,46,68,18,62,48,43,48,33,33,58,3,3,3,29,29,29,28,24,50,0],"gold":54,"neow_bonus":"THREE_ENEMY_KILL","is_prod":false,"is_daily":false,"chose_seed":false,"campfire_upgraded":1,"win_rate":0,"timestamp":1551995043,"path_taken":["M","?","?","?","?","E","R","M","T","R","E","M","$","M","R","BOSS","M","M","?","?","$","R","E","M","T","R","?","$","M","M","R","BOSS"],"build_version":"2019-01-23","purchased_purges":2,"victory":false,"max_hp_per_floor":[70,70,71,71,71,72,72,73,73,73,74,75,75,76,76,77,77,78,79,84,85,85,85,86,87,87,87,87,87,88,89,89,89],"card_choices":[{"not_picked":["Bane","Prepared"],"picked":"Acrobatics","floor":1},{"not_picked":["Riddle With Holes","Reflex","All Out Attack"],"picked":"SKIP","floor":3},{"not_picked":["Outmaneuver","Tactician","Predator"],"picked":"Acrobatics","floor":6},{"not_picked":["Escape Plan","Terror","Blade Dance"],"picked":"Backstab","floor":8},{"not_picked":["Reflex","Blade Dance","Flying Knee","Dagger Spray"],"picked":"SKIP","floor":11},{"not_picked":["Backstab","Sucker Punch","Deflect"],"picked":"Blur","floor":12},{"not_picked":["Catalyst","Acrobatics","Tactician"],"picked":"Dagger Throw","floor":14},{"not_picked":["Adrenaline","Die Die Die","Burst"],"picked":"Malaise","floor":16},{"not_picked":["Deadly Poison","Finisher","Dagger Spray"],"picked":"Backflip+1","floor":18},{"not_picked":["Blade Dance","Acrobatics","Deflect"],"picked":"Predator+1","floor":19},{"not_picked":["PiercingWail","Masterful Stab+1","Eviscerate+1"],"picked":"Cloak And Dagger","floor":21},{"not_picked":["Escape Plan+1","Cloak And Dagger","Noxious Fumes"],"picked":"Backflip","floor":24},{"not_picked":["Accuracy","Sucker Punch","Night Terror"],"picked":"Leg Sweep","floor":25},{"not_picked":["Acrobatics+1","Sucker Punch","PiercingWail"],"picked":"Dodge and Roll","floor":30},{"not_picked":["Bane+1","Dodge and Roll","Quick Slash","Choke"],"picked":"SKIP","floor":31}],"player_experience":266369,"relics_obtained":[{"floor":4,"key":"Question Card"},{"floor":6,"key":"Girya"},{"floor":9,"key":"Paper Crane"},{"floor":11,"key":"Shuriken"},{"floor":24,"key":"Ginger"},{"floor":26,"key":"Oddly Smooth Stone"}],"event_choices":[{"damage_healed":0,"gold_gain":0,"player_choice":"Trade","damage_taken":0,"relics_obtained":["FaceOfCleric"],"max_hp_gain":0,"max_hp_loss":0,"event_name":"FaceTrader","floor":2,"gold_loss":0},{"damage_healed":0,"gold_gain":0,"cards_transformed":["Strike_G"],"player_choice":"Transformed","damage_taken":0,"max_hp_gain":0,"max_hp_loss":0,"event_name":"Transmorgrifier","floor":5,"gold_loss":0,"cards_obtained":["Eviscerate"]},{"damage_healed":0,"gold_gain":0,"player_choice":"Got Potions","damage_taken":0,"max_hp_gain":0,"max_hp_loss":0,"event_name":"Lab","floor":20,"gold_loss":0},{"damage_healed":0,"gold_gain":0,"player_choice":"Simplicity","damage_taken":0,"max_hp_gain":0,"max_hp_loss":0,"event_name":"Back to Basics","floor":28,"gold_loss":0,"cards_upgraded":["Defend_G","Defend_G","Defend_G","Defend_G","Strike_G","Strike_G","Strike_G","Strike_G"]}],"is_beta":false,"boss_relics":[{"not_picked":["Velvet Choker","White Beast Statue"],"picked":"Ring of the Serpent"}],"items_purged_floors":[13,22],"is_endless":false,"potions_floor_spawned":[3,6,11,12,16,19,30,31],"killed_by":"Automaton","ascension_level":6}