{"gold_per_floor":[113,113,113,38,58,102,127,163,163,163],"floor_reached":10,"playtime":445,"items_purged":["Strike_R"],"score":80,"play_id":"3e57f37c-bd8d-4fef-90a5-5b7efb544d10","local_time":"20190201015551","is_ascension_mode":true,"campfire_choices":[],"neow_cost":"NONE","seed_source_timestamp":612399841692983,"circlet_count":0,"master_deck":["Strike_R","Strike_R+1","Strike_R","Strike_R","Defend_R","Defend_R+1","Defend_R","Defend_R","Bash","Madness","Heavy Blade","Whirlwind","Clash"],"relics":["Burning Blood","Golden Idol","Art of War","Bottled Lightning"],"potions_floor_usage":[6,8],"damage_taken":[{"damage":3,"enemies":"Small Slimes","floor":1,"turns":3},{"damage":1,"enemies":"Jaw Worm","floor":5,"turns":4},{"damage":34,"enemies":"3 Sentries","floor":6,"turns":10},{"damage":0,"enemies":"2 Louse","floor":7,"turns":2},{"damage":23,"enemies":"Gremlin Nob","floor":8,"turns":4},{"damage":22,"enemies":"3 Sentries","floor":10,"turns":4}],"seed_played":"2897104224843746390","potions_obtained":[{"floor":1,"key":"SkillPotion"},{"floor":7,"key":"Regen Potion"},{"floor":8,"key":"FearPotion"}],"is_trial":false,"path_per_floor":["M","?","?","$","M","E","M","E","T","E"],"character_chosen":"IRONCLAD","items_purchased":[],"campfire_rested":0,"item_purchase_floors":[],"current_hp_per_floor":[80,60,44,44,49,21,27,22,22,0],"gold":163,"neow_bonus":"RANDOM_COLORLESS","is_prod":false,"is_daily":false,"chose_seed":false,"campfire_upgraded":0,"win_rate":0,"timestamp":1548975351,"path_taken":["M","?","?","$","M","E","M","E","T","E"],"build_version":"2019-01-23","purchased_purges":1,"victory":false,"max_hp_per_floor":[80,80,80,80,80,80,80,80,80,80],"card_choices":[{"not_picked":["Power Through","Havoc","Carnage"],"picked":"SKIP","floor":1},{"not_picked":["Rage","Disarm"],"picked":"Heavy Blade","floor":5},{"not_picked":["Iron Wave","Headbutt"],"picked":"Whirlwind","floor":6},{"not_picked":["Sword Boomerang","Cleave"],"picked":"Clash","floor":7},{"not_picked":["Infernal Blade","Clothesline","Pommel Strike"],"picked":"SKIP","floor":8}],"player_experience":229487,"relics_obtained":[{"floor":6,"key":"Art of War"},{"floor":8,"key":"Bottled Lightning"}],"event_choices":[{"damage_healed":0,"gold_gain":0,"player_choice":"Take Damage","damage_taken":20,"relics_obtained":["Golden Idol"],"max_hp_gain":0,"max_hp_loss":0,"event_name":"Golden Idol","floor":2,"gold_loss":0},{"damage_healed":0,"gold_gain":0,"player_choice":"Entered Light","damage_taken":16,"max_hp_gain":0,"max_hp_loss":0,"event_name":"Shining Light","floor":3,"gold_loss":0,"cards_upgraded":["Defend_R","Strike_R"]}],"is_beta":false,"boss_relics":[],"items_purged_floors":[4],"is_endless":false,"potions_floor_spawned":[1,7,8],"killed_by":"3 Sentries","ascension_level":1}