{"path_per_floor":["M","?","M","M","M","M","E","R","T","M","E","M","M","M","R","B",null,"M","M","M","T"],"character_chosen":"THE_SILENT","items_purchased":[],"gold_per_floor":[117,67,84,97,108,121,155,155,155,166,196,206,219,237,237,338,338,323,338,348,403,403],"floor_reached":22,"campfire_rested":0,"playtime":2718,"item_purchase_floors":[],"current_hp_per_floor":[68,68,66,66,53,51,43,43,43,28,13,11,5,7,7,7,70,55,27,7,7,0],"items_purged":[],"gold":403,"score":254,"play_id":"cb38e017-9077-4a89-83a1-9df964e34c98","local_time":"20180609045448","is_prod":false,"is_daily":false,"chose_seed":false,"is_ascension_mode":false,"campfire_upgraded":2,"win_rate":0.0,"timestamp":1528545288,"campfire_choices":[{"data":"Noxious Fumes","floor":8,"key":"SMITH"},{"data":"Deadly Poison","floor":15,"key":"SMITH"}],"path_taken":["M","?","M","?","M","M","E","R","T","M","E","M","M","M","R","BOSS","M","?","M","?","?"],"build_version":"2018-06-07v3","seed_source_timestamp":528419437069429,"purchased_purges":0,"victory":false,"master_deck":["Defend_G","Defend_G","Defend_G","Defend_G","Strike_G","Strike_G","Strike_G","Strike_G","Strike_G","Survivor","Neutralize","Underhanded Strike","Noxious Fumes+1","Crippling Poison","Corpse Explosion","Dodge and Roll+1","Outmaneuver","Deadly Poison","Dash","Footwork","Deadly Poison+1","Footwork","Tools of the Trade","Footwork","Poisoned Stab","Poisoned Stab","Slice","Well Laid Plans","Prepared+1","Leg Sweep+1","Poisoned Stab+1"],"max_hp_per_floor":[70,70,70,70,70,70,70,70,70,70,70,70,70,70,70,70,70,70,70,70,70,70],"relics":["Ring of the Snake","Peace Pipe","Oddly Smooth Stone","Potion Belt","Orrery","War Paint"],"card_choices":[{"not_picked":["Footwork","Sucker Punch"],"picked":"Underhanded Strike","floor":1},{"not_picked":["Quick Slash","Prepared"],"picked":"Noxious Fumes","floor":3},{"not_picked":["Slice","Acrobatics"],"picked":"Crippling Poison","floor":4},{"not_picked":["Sucker Punch","Dagger Spray"],"picked":"Corpse Explosion","floor":5},{"not_picked":["Finisher","Skewer"],"picked":"Dodge and Roll","floor":6},{"not_picked":["Deflect","Backflip"],"picked":"Outmaneuver","floor":7},{"not_picked":["Dagger Throw","Masterful Stab"],"picked":"Deadly Poison","floor":10},{"not_picked":["Glass Knife","Blur"],"picked":"Dash","floor":11},{"not_picked":["Dash","Calculated Gamble"],"picked":"Footwork","floor":12},{"not_picked":["Flechettes","Outmaneuver"],"picked":"Deadly Poison","floor":13},{"not_picked":["Dodge and Roll","Acrobatics"],"picked":"Footwork","floor":14},{"not_picked":["Tactician","A Thousand Cuts"],"picked":"Tools of the Trade","floor":16},{"not_picked":["Slice","Dash"],"picked":"Footwork","floor":17},{"not_picked":["Deflect","Prepared"],"picked":"Poisoned Stab","floor":17},{"not_picked":["Underhanded Strike","Well Laid Plans"],"picked":"Poisoned Stab","floor":17},{"not_picked":["Skewer","Infinite Blades"],"picked":"Slice","floor":17},{"not_picked":["Dagger Spray","Infinite Blades"],"picked":"Well Laid Plans","floor":17},{"not_picked":["Sucker Punch+1","PiercingWail+1"],"picked":"Prepared","floor":18},{"not_picked":["Choke","Poisoned Stab"],"picked":"Leg Sweep+1","floor":19},{"not_picked":["Eviscerate","Dodge and Roll"],"picked":"Poisoned Stab+1","floor":20}],"player_experience":52824,"potions_floor_usage":[16,22,22,22],"damage_taken":[{"damage":2,"enemies":"Small Slimes","floor":1,"turns":5},{"damage":2,"enemies":"2 Louse","floor":3,"turns":3},{"damage":0,"enemies":"Cultist","floor":4,"turns":4},{"damage":13,"enemies":"Lots of Slimes","floor":5,"turns":2},{"damage":2,"enemies":"Red Slaver","floor":6,"turns":4},{"damage":8,"enemies":"3 Sentries","floor":7,"turns":8},{"damage":15,"enemies":"Exordium Wildlife","floor":10,"turns":6},{"damage":15,"enemies":"Lagavulin","floor":11,"turns":6},{"damage":2,"enemies":"Looter","floor":12,"turns":4},{"damage":6,"enemies":"Blue Slaver","floor":13,"turns":4},{"damage":9,"enemies":"Large Slime","floor":14,"turns":7},{"damage":0,"enemies":"Hexaghost","floor":16,"turns":10},{"damage":15,"enemies":"2 Thieves","floor":18,"turns":4},{"damage":28,"enemies":"Shell Parasite","floor":19,"turns":7},{"damage":20,"enemies":"Snake Plant","floor":20,"turns":6},{"damage":7,"floor":22,"turns":2}],"relics_obtained":[{"floor":7,"key":"Peace Pipe"},{"floor":9,"key":"Oddly Smooth Stone"},{"floor":11,"key":"Potion Belt"},{"floor":21,"key":"War Paint"}],"event_choices":[{"event_name":"The Cleric","player_choice":"Card Removal","floor":2,"damage_taken":0},{"event_name":"Masked Bandits","player_choice":"Fought over 403 gold","floor":22,"damage_taken":0}],"boss_relics":[{"not_picked":["Eternal Feather","Snecko Eye"],"picked":"Orrery"}],"items_purged_floors":[],"potions_floor_spawned":[3,6,7,10,12,14,16,19],"seed_played":"2168988453899750490","ascension_level":0,"potions_obtained":[{"floor":3,"key":"Fire Potion"},{"floor":6,"key":"Weak Potion"},{"floor":7,"key":"FairyPotion"},{"floor":12,"key":"Dexterity Potion"},{"floor":14,"key":"FearPotion"},{"floor":16,"key":"SkillPotion"},{"floor":19,"key":"SpeedPotion"}],"is_trial":false}