{"gold_per_floor":[109,123,139,42,52,83,93,121,151,151,151,151,151,151,151,255,255,271,85,97,147,147,174,174,103,130,147,147,247,247,247,247,349,349,369,173,1,0,14,39,39,39,63,80,80,80,26,55,55,55],"floor_reached":51,"playtime":3412,"items_purged":["Strike_G","Regret","Regret"],"score":822,"play_id":"107eaf15-0a1a-4b25-aa72-c0933b308c1a","local_time":"20181029000348","is_ascension_mode":true,"campfire_choices":[{"data":"Neutralize","floor":10,"key":"SMITH"},{"data":"Prepared","floor":13,"key":"SMITH"},{"data":"Noxious Fumes","floor":15,"key":"SMITH"},{"data":"All Out Attack","floor":24,"key":"SMITH"},{"data":"Footwork","floor":28,"key":"SMITH"},{"data":"Leg Sweep","floor":30,"key":"SMITH"},{"data":"Noxious Fumes","floor":32,"key":"SMITH"},{"data":"Tactician","floor":41,"key":"SMITH"},{"data":"Grand Finale","floor":45,"key":"SMITH"},{"floor":49,"key":"REST"}],"neow_cost":"NONE","seed_source_timestamp":1601481379652045,"circlet_count":0,"master_deck":["Defend_G","Defend_G","Defend_G","Defend_G","Defend_G+1","Strike_G","Strike_G","Strike_G+1","Strike_G","Survivor+1","Neutralize+1","Underhanded Strike","Dagger Throw","Eviscerate+1","Prepared+1","Acrobatics+1","Noxious Fumes+1","Leg Sweep+1","Cloak And Dagger","Unload","Masterful Stab","Underhanded Strike","Noxious Fumes+1","Outmaneuver+1","All Out Attack+1","Footwork+1","Dodge and Roll+1","Prepared+1","Grand Finale+1","Injury","Doubt","Footwork+1","Grand Finale+1","Tactician+1","Purity","Eviscerate+1","Madness","Madness","Swift Strike+1","Panacea","Sucker Punch+1","Noxious Fumes+1"],"relics":["Ring of the Snake","PreservedInsect","Juzu Bracelet","Bronze Scales","Tiny Chest","GremlinMask","Bag of Marbles","Runic Pyramid","Ninja Scroll","Strawberry","Torii","Paper Crane","Calling Bell","War Paint","Molten Egg 2","Ginger","Red Mask","Shuriken","Dream Catcher","StoneCalendar"],"potions_floor_usage":[7,8,29,50,50,50],"damage_taken":[{"damage":0,"enemies":"Small Slimes","floor":1,"turns":3},{"damage":3,"enemies":"Cultist","floor":2,"turns":4},{"damage":0,"enemies":"Jaw Worm","floor":3,"turns":5},{"damage":0,"enemies":"Exordium Wildlife","floor":5,"turns":3},{"damage":19,"enemies":"3 Sentries","floor":6,"turns":8},{"damage":6,"enemies":"2 Fungi Beasts","floor":7,"turns":2},{"damage":0,"enemies":"Gremlin Nob","floor":8,"turns":2},{"damage":7,"enemies":"Hexaghost","floor":16,"turns":9},{"damage":4,"enemies":"3 Byrds","floor":18,"turns":3},{"damage":0,"enemies":"Chosen","floor":20,"turns":4},{"damage":9,"enemies":"Gremlin Leader","floor":23,"turns":5},{"damage":17,"enemies":"3 Cultists","floor":27,"turns":5},{"damage":4,"enemies":"Colosseum Slavers","floor":29,"turns":3},{"damage":4,"enemies":"Colosseum Nobs","floor":29,"turns":4},{"damage":11,"enemies":"Collector","floor":33,"turns":8},{"damage":1,"enemies":"3 Shapes","floor":35,"turns":2},{"damage":1,"enemies":"3 Darklings","floor":39,"turns":5},{"damage":1,"enemies":"Giant Head","floor":40,"turns":7},{"damage":0,"enemies":"Maw","floor":44,"turns":6},{"damage":7,"enemies":"Reptomancer","floor":48,"turns":6},{"damage":55,"enemies":"Awakened One","floor":50,"turns":15}],"seed_played":"-9214957953166189239","potions_obtained":[{"floor":1,"key":"Explosive Potion"},{"floor":5,"key":"PowerPotion"},{"floor":7,"key":"FearPotion"},{"floor":16,"key":"PowerPotion"},{"floor":23,"key":"Fire Potion"},{"floor":33,"key":"Strength Potion"},{"floor":39,"key":"GhostInAJar"}],"is_trial":false,"path_per_floor":["M","M","M","$","M","E","M","E","T","R","?","?","R","?","R","B",null,"M","$","M","?","?","E","R","$","T","M","R","?","R","?","R","B",null,"M","$","$","?","M","E","R","?","T","M","R","?","$","E","R","B"],"character_chosen":"THE_SILENT","items_purchased":["Prepared","Underhanded Strike","Noxious Fumes","Footwork","Grand Finale+1","Tactician","Purity","Sucker Punch+1"],"campfire_rested":1,"item_purchase_floors":[4,19,19,25,36,37,37,47],"current_hp_per_floor":[70,67,67,67,67,48,42,42,42,42,42,42,42,28,28,21,70,66,66,66,66,66,57,57,57,64,47,47,39,39,39,39,28,77,76,76,76,76,75,74,74,64,64,64,64,59,59,52,75,20],"gold":55,"neow_bonus":"RANDOM_COMMON_RELIC","is_prod":false,"is_daily":false,"chose_seed":false,"campfire_upgraded":9,"win_rate":0,"timestamp":1540785828,"path_taken":["M","M","M","$","M","E","M","E","T","R","?","?","R","?","R","BOSS","M","$","M","?","?","E","R","?","T","M","R","?","R","?","R","BOSS","M","?","$","?","M","E","R","?","T","M","R","?","$","E","R","BOSS"],"build_version":"2018-10-25v2","purchased_purges":3,"victory":true,"max_hp_per_floor":[70,70,70,70,70,70,70,70,70,70,70,70,70,70,70,70,70,70,70,70,70,70,70,70,70,77,77,77,77,77,77,77,77,77,77,77,77,77,77,77,77,77,77,77,77,77,77,77,77,77],"card_choices":[{"not_picked":["Expertise","Dagger Throw"],"picked":"Underhanded Strike","floor":1},{"not_picked":["Deflect","Flechettes"],"picked":"Dagger Throw","floor":2},{"not_picked":["Caltrops","Expertise"],"picked":"Eviscerate","floor":3},{"not_picked":["Dagger Spray","PiercingWail"],"picked":"Acrobatics","floor":5},{"not_picked":["Dodge and Roll","Leg Sweep"],"picked":"Noxious Fumes","floor":6},{"not_picked":["Flying Knee","Deflect"],"picked":"Leg Sweep","floor":7},{"not_picked":["Skewer","Blade Dance"],"picked":"Cloak And Dagger","floor":8},{"not_picked":["Corpse Explosion","Burst"],"picked":"Unload","floor":16},{"not_picked":["Quick Slash","Bane+1"],"picked":"Masterful Stab","floor":18},{"not_picked":["Quick Slash","PiercingWail+1"],"picked":"Outmaneuver+1","floor":20},{"not_picked":["Slice","Prepared"],"picked":"All Out Attack","floor":23},{"not_picked":["Underhanded Strike","Bane"],"picked":"Dodge and Roll+1","floor":27},{"not_picked":["Acrobatics","Poisoned Stab"],"picked":"Prepared+1","floor":29},{"not_picked":["Unload","Venomology"],"picked":"Grand Finale","floor":33},{"not_picked":["Deadly Poison","Sucker Punch+1"],"picked":"Footwork+1","floor":35},{"not_picked":["Outmaneuver","Leg Sweep+1"],"picked":"Eviscerate+1","floor":39},{"not_picked":["Riddle With Holes+1","Setup","Prepared"],"picked":"SKIP","floor":40},{"not_picked":["Masterful Stab+1","Dagger Spray+1","Poisoned Stab+1"],"picked":"SKIP","floor":44},{"not_picked":["Jack Of All Trades","Secret Technique"],"picked":"Swift Strike+1","floor":46},{"not_picked":["Enlightenment","Swift Strike+1"],"picked":"Panacea","floor":46},{"not_picked":["Riddle With Holes+1","Choke+1"],"picked":"Noxious Fumes+1","floor":48}],"player_experience":302133,"relics_obtained":[{"floor":6,"key":"Juzu Bracelet"},{"floor":8,"key":"Bronze Scales"},{"floor":9,"key":"Tiny Chest"},{"floor":23,"key":"Ninja Scroll"},{"floor":26,"key":"Strawberry"},{"floor":29,"key":"Torii"},{"floor":29,"key":"Paper Crane"},{"floor":34,"key":"War Paint"},{"floor":34,"key":"Molten Egg 2"},{"floor":34,"key":"Ginger"},{"floor":40,"key":"Shuriken"},{"floor":43,"key":"Dream Catcher"},{"floor":48,"key":"StoneCalendar"}],"event_choices":[{"damage_healed":0,"gold_gain":0,"player_choice":"Trade","damage_taken":0,"relics_obtained":["GremlinMask"],"max_hp_gain":0,"max_hp_loss":0,"event_name":"FaceTrader","floor":11,"gold_loss":0},{"damage_healed":0,"gold_gain":0,"player_choice":"Box","damage_taken":0,"relics_obtained":["Bag of Marbles"],"max_hp_gain":0,"max_hp_loss":0,"event_name":"Big Fish","floor":12,"gold_loss":0,"cards_obtained":["Regret"]},{"damage_healed":0,"gold_gain":0,"player_choice":"Entered Light","damage_taken":14,"max_hp_gain":0,"max_hp_loss":0,"event_name":"Shining Light","floor":14,"gold_loss":0,"cards_upgraded":["Acrobatics","Strike_G"]},{"damage_healed":0,"gold_gain":100,"player_choice":"Bet on Murderer","damage_taken":0,"max_hp_gain":0,"max_hp_loss":0,"event_name":"The Joust","floor":21,"gold_loss":50},{"damage_healed":0,"gold_gain":0,"player_choice":"Ignored","damage_taken":0,"max_hp_gain":0,"max_hp_loss":0,"event_name":"Ghosts","floor":22,"gold_loss":0},{"damage_healed":0,"gold_gain":0,"player_choice":"Fight","damage_taken":0,"max_hp_gain":0,"max_hp_loss":0,"event_name":"Colosseum","floor":29,"gold_loss":0},{"damage_healed":0,"gold_gain":0,"player_choice":"Fought Nobs","damage_taken":0,"max_hp_gain":0,"max_hp_loss":0,"event_name":"Colosseum","floor":29,"gold_loss":0},{"damage_healed":0,"gold_gain":0,"player_choice":"Upgraded","damage_taken":0,"max_hp_gain":0,"max_hp_loss":0,"event_name":"Upgrade Shrine","floor":31,"gold_loss":0,"cards_upgraded":["Eviscerate"]},{"damage_healed":0,"gold_gain":0,"player_choice":"Paid","damage_taken":0,"relics_obtained":["Red Mask"],"max_hp_gain":0,"max_hp_loss":0,"event_name":"Tomb of Lord Red Mask","floor":38,"gold_loss":1},{"damage_healed":0,"gold_gain":0,"player_choice":"Embrace Madness","damage_taken":10,"max_hp_gain":0,"max_hp_loss":0,"event_name":"Winding Halls","floor":42,"gold_loss":0,"cards_obtained":["Madness","Madness"]},{"damage_healed":0,"gold_gain":0,"player_choice":"Memory 2","damage_taken":5,"max_hp_gain":0,"max_hp_loss":0,"event_name":"SensoryStone","floor":46,"gold_loss":0}],"is_beta":false,"boss_relics":[{"not_picked":["WristBlade","Tiny House"],"picked":"Runic Pyramid"},{"not_picked":["Ring of the Serpent","Snecko Eye"],"picked":"Calling Bell"}],"items_purged_floors":[4,19,36],"is_endless":false,"potions_floor_spawned":[1,5,7,16,23,29,33,39,48],"ascension_level":2}