{"path_per_floor":["M","M","M","M","M","R","E","R","T","M","R","?","T","M","R","B",null,"M","M","?","?","M","R","M","$","T","M","R","M","M","M","R","B",null,"M","M","M","$","?","R","M","M","T","M","?","$","R","$","R"],"character_chosen":"THE_SILENT","items_purchased":[],"gold_per_floor":[99,99,99,99,99,99,99,99,99,99,99,99,99,84,84,84,84,84,84,84,84,84,84,84,9,9,9,9,9,9,9,9,9,9,9,9,9,9,9,9,9,9,9,9,9,9,9,9,9],"floor_reached":50,"campfire_rested":5,"playtime":2972,"current_hp_per_floor":[62,62,62,62,60,60,48,48,48,44,44,30,30,30,51,25,59,56,48,48,70,63,63,59,59,59,54,54,49,34,15,36,1,53,43,43,16,16,16,47,24,24,24,10,15,15,46,46,70],"items_purged":["Writhe"],"gold":9,"score":543,"play_id":"a9dedaab-6fcf-4432-8813-79a0ac157916","local_time":"20180302224529","is_prod":false,"is_daily":false,"is_ascension_mode":true,"campfire_upgraded":5,"timestamp":1519998329,"path_taken":["M","M","?","M","M","R","E","R","T","M","R","?","?","M","R","BOSS","M","M","?","?","?","R","M","$","T","M","R","?","?","M","R","BOSS","M","M","M","$","?","R","M","M","T","M","?","$","R","?","R","BOSS"],"build_version":"2018-03-01-PROD1","purchased_purges":1,"victory":false,"master_deck":["Defend_G","Defend_G","Defend_G","Defend_G","Strike_G","Strike_G","Strike_G","Strike_G","Strike_G+1","Survivor","Neutralize+1","Quick Slash+1","Backflip","Backflip","Dagger Spray+1","Die Die Die","Sucker Punch+1","PiercingWail","Footwork+1","Bouncing Flask+1","Acrobatics","Heel Hook+1","Leg Sweep+1","Doppelganger","Escape Plan","Calculated Gamble","Expertise+1","Heel Hook+1"],"max_hp_per_floor":[70,70,70,70,70,70,70,70,70,70,70,70,70,70,70,70,70,70,70,70,70,70,70,70,70,70,70,70,70,70,70,70,70,70,70,70,70,70,70,70,70,70,70,70,70,70,70,70,70],"relics":["Ectoplasm","Mercury Hourglass","Blue Candle","Dream Catcher","Lizard Tail","Lantern","Sundial","Eternal Feather","Gambling Chip"],"card_choices":[{"not_picked":["Glass Knife","Poisoned Stab"],"picked":"Quick Slash"},{"not_picked":["Infinite Blades","Underhanded Strike"],"picked":"Backflip"},{"not_picked":["Eviscerate","Night Terror"],"picked":"Backflip"},{"not_picked":["Cloak And Dagger","Outmaneuver"],"picked":"Dagger Spray"},{"not_picked":["Reflex","Underhanded Strike"],"picked":"Cloak And Dagger"},{"not_picked":["Envenom","Glass Knife"],"picked":"Die Die Die"},{"not_picked":["Outmaneuver","Backflip"],"picked":"Sucker Punch"},{"not_picked":["Predator","Flying Knee"],"picked":"PiercingWail"},{"not_picked":["Bane","Backflip"],"picked":"Footwork"},{"not_picked":["Bullet Time","Outmaneuver"],"picked":"Bouncing Flask"},{"not_picked":["Underhanded Strike","Prepared"],"picked":"Acrobatics"},{"not_picked":["Bane","Dagger Throw"],"picked":"Heel Hook"},{"not_picked":["Crippling Poison","Poisoned Stab"],"picked":"Leg Sweep"},{"not_picked":["Bullet Time","Unload"],"picked":"Doppelganger"},{"not_picked":["Deflect","Slice"],"picked":"Escape Plan"},{"not_picked":["Backflip","Dodge and Roll"],"picked":"Calculated Gamble"},{"not_picked":["Backflip","Dagger Throw"],"picked":"Expertise"},{"not_picked":["Choke","Blade Dance"],"picked":"Heel Hook"}],"player_experience":244942,"potions_floor_usage":[7,19,33,33,33,50,50],"damage_taken":[{"damage":1,"enemies":"Cultist","floor":1,"turns":5},{"damage":0,"enemies":"Small Slimes","floor":2,"turns":4},{"damage":0,"enemies":"Jaw Worm","floor":3,"turns":4},{"damage":0,"enemies":"Blue Slaver","floor":4,"turns":5},{"damage":2,"enemies":"3 Louse","floor":5,"turns":4},{"damage":12,"enemies":"Lagavulin","floor":7,"turns":8},{"damage":4,"enemies":"2 Fungi Beasts","floor":10,"turns":3},{"damage":0,"enemies":"Looter","floor":14,"turns":2},{"damage":26,"enemies":"The Guardian","floor":16,"turns":13},{"damage":3,"enemies":"Chosen","floor":18,"turns":5},{"damage":8,"enemies":"3 Byrds","floor":19,"turns":4},{"damage":7,"enemies":"3 Cultists","floor":22,"turns":4},{"damage":4,"enemies":"Centurion and Healer","floor":24,"turns":8},{"damage":5,"enemies":"Snecko","floor":27,"turns":6},{"damage":5,"enemies":"3 Cultists","floor":29,"turns":5},{"damage":15,"enemies":"Snake Plant","floor":30,"turns":5},{"damage":19,"enemies":"Snecko","floor":31,"turns":6},{"damage":50,"enemies":"Automaton","floor":33,"turns":15},{"damage":10,"enemies":"Orb Walker","floor":35,"turns":4},{"damage":0,"enemies":"3 Shapes","floor":36,"turns":3},{"damage":27,"enemies":"3 Darklings","floor":37,"turns":8},{"damage":23,"enemies":"Maw","floor":41,"turns":9},{"damage":35,"enemies":"4 Shapes","floor":42,"turns":5},{"damage":14,"enemies":"3 Darklings","floor":44,"turns":4},{"damage":70,"enemies":"Awakened One","floor":50,"turns":23}],"event_choices":[{"event_name":"Shining Light","player_choice":"Entered Light","floor":12,"damage_taken":0},{"event_name":"The Mausoleum","player_choice":"Yes","floor":20,"damage_taken":0},{"event_name":"The Library","player_choice":"Heal","floor":21,"damage_taken":0},{"event_name":"Bonfire Elementals","player_choice":"COMMON","floor":45,"damage_taken":0}],"boss_relics":[{"not_picked":["Velvet Choker","Orrery"],"picked":"Lizard Tail"},{"not_picked":["Question Card","Black Star"],"picked":"Eternal Feather"}],"potions_floor_spawned":[2,3,5,7,24,27,29,31,33,36],"seed_played":"-8193050685928200861","killed_by":"Awakened One","ascension_level":7,"is_trial":false}