{"path_per_floor":["M","M","M","M","?","E","M","R","T","E","?","M","R","M","R","B",null,"M","?","M","?","M","E","R","M","T","E","R","M","$","M","R","B",null,"M","M","$","M","?","R","E","R","T","M","R","M","?","T","R","B"],"character_chosen":"IRONCLAD","items_purchased":["Girya","Juzu Bracelet","Tiny Chest","Oddly Smooth Stone"],"gold_per_floor":[210,222,233,250,350,380,398,398,398,424,424,411,411,421,421,517,517,527,527,507,507,519,552,552,568,568,595,595,613,197,216,216,318,318,338,349,103,115,115,115,145,145,169,179,179,194,194,275,275,275],"floor_reached":51,"campfire_rested":0,"playtime":5054,"current_hp_per_floor":[80,80,80,72,72,46,38,38,38,26,26,27,27,31,31,30,80,80,80,80,64,60,67,67,72,72,68,68,68,68,57,57,55,83,65,57,57,60,60,60,46,46,46,64,64,74,64,64,64,57],"items_purged":["Perfected Strike"],"gold":275,"score":731,"play_id":"a2a7192a-8d38-4265-9382-bdd367ec234f","local_time":"20180415173449","is_prod":false,"is_daily":false,"chose_seed":false,"is_ascension_mode":false,"campfire_upgraded":7,"timestamp":1523806489,"path_taken":["M","M","M","M","?","E","M","R","T","E","?","M","R","?","R","BOSS","M","?","M","?","M","E","R","M","T","E","R","M","$","M","R","BOSS","M","M","$","M","?","R","E","R","T","M","R","M","?","?","R","BOSS"],"build_version":"2018-04-12","seed_source_timestamp":290137161691696,"purchased_purges":1,"victory":true,"master_deck":["Bash+1","Pummel","Clothesline","Feel No Pain+1","Inflame","True Grit+1","Warcry","Warcry","Barricade+1","Armaments","Iron Wave","Whirlwind","Thunderclap","Metallicize","Reckless Charge","Clash","Rampage","Infernal Blade","Feel No Pain+1","Corruption+1","Burning Pact","Havoc+1","Entrench","Sentinel","Dark Embrace","Regret","Injury","Parasite","Impervious","Shrug It Off+1","Shrug It Off","True Grit+1","Madness","Madness"],"max_hp_per_floor":[80,80,80,80,80,80,80,80,80,80,80,80,80,80,80,80,80,80,80,80,80,80,80,80,80,80,80,80,80,80,83,83,83,83,83,83,83,83,83,83,83,83,83,83,83,83,83,83,83,83],"relics":["Burning Blood","Prayer Wheel","The Courier","Thread and Needle","Pandora\u0027s Box","Nilry\u0027s Codex","Orichalcum","Toolbox","Dodecahedron","Girya","Juzu Bracelet","Calling Bell","Bag of Preparation","Darkstone Periapt","Letter Opener","Tiny Chest","Oddly Smooth Stone","Bird Faced Urn","Pen Nib","Shuriken"],"card_choices":[{"not_picked":["Sword Boomerang","Iron Wave"],"picked":"Pummel","floor":1},{"not_picked":["Body Slam","Metallicize"],"picked":"Perfected Strike","floor":2},{"not_picked":["Reckless Charge","Carnage"],"picked":"Clothesline","floor":3},{"not_picked":["Shrug It Off","Bludgeon"],"picked":"Feel No Pain","floor":4},{"not_picked":["Fire Breathing","Sever Soul"],"picked":"Inflame","floor":7},{"not_picked":["Shrug It Off","Spot Weakness"],"picked":"True Grit","floor":9},{"not_picked":["Metallicize","Anger"],"picked":"Warcry","floor":12},{"not_picked":["Body Slam","Havoc"],"picked":"Warcry","floor":14},{"not_picked":["Fiend Fire","Bludgeon"],"picked":"Barricade","floor":16},{"not_picked":["Shockwave","Evolve"],"picked":"Corruption","floor":22},{"not_picked":["Shockwave","True Grit"],"picked":"Burning Pact","floor":23},{"not_picked":["Intimidate","Pommel Strike"],"picked":"Havoc","floor":25},{"not_picked":["Anger","Headbutt"],"picked":"Entrench","floor":26},{"not_picked":["Corruption","Intimidate"],"picked":"Sentinel","floor":31},{"not_picked":["Double Tap","Bludgeon"],"picked":"Dark Embrace","floor":33},{"not_picked":["True Grit","Havoc"],"picked":"Impervious","floor":36},{"not_picked":["Thunderclap","Clothesline"],"picked":"Shrug It Off","floor":38},{"not_picked":["Reckless Charge","Metallicize"],"picked":"Shrug It Off","floor":41},{"not_picked":["Clothesline","Perfected Strike"],"picked":"True Grit","floor":46}],"player_experience":308795,"potions_floor_usage":[6,10,16,23,23,31,41,50,50],"damage_taken":[{"damage":2,"enemies":"Small Slimes","floor":1,"turns":3},{"damage":6,"enemies":"Cultist","floor":2,"turns":3},{"damage":4,"enemies":"2 Louse","floor":3,"turns":3},{"damage":14,"enemies":"Looter","floor":4,"turns":3},{"damage":32,"enemies":"Lagavulin","floor":6,"turns":5},{"damage":14,"enemies":"3 Louse","floor":7,"turns":4},{"damage":24,"enemies":"Gremlin Nob","floor":10,"turns":4},{"damage":5,"enemies":"Exordium Thugs","floor":12,"turns":4},{"damage":2,"enemies":"Blue Slaver","floor":14,"turns":2},{"damage":7,"enemies":"Slime Boss","floor":16,"turns":10},{"damage":0,"enemies":"Spheric Guardian","floor":18,"turns":8},{"damage":6,"enemies":"2 Thieves","floor":20,"turns":4},{"damage":10,"enemies":"Snake Plant","floor":22,"turns":7},{"damage":8,"enemies":"Gremlin Leader","floor":23,"turns":12},{"damage":1,"enemies":"Snecko","floor":25,"turns":6},{"damage":10,"enemies":"Book of Stabbing","floor":27,"turns":9},{"damage":6,"enemies":"3 Cultists","floor":29,"turns":8},{"damage":24,"enemies":"Slaver and Parasite","floor":31,"turns":11},{"damage":8,"enemies":"Collector","floor":33,"turns":7},{"damage":24,"enemies":"3 Shapes","floor":35,"turns":6},{"damage":14,"enemies":"Orb Walker","floor":36,"turns":6},{"damage":3,"enemies":"Maw","floor":38,"turns":13},{"damage":35,"enemies":"Nemesis","floor":41,"turns":11},{"damage":0,"enemies":"3 Darklings","floor":44,"turns":6},{"damage":0,"enemies":"4 Shapes","floor":46,"turns":2},{"damage":29,"enemies":"Donu and Deca","floor":50,"turns":22}],"event_choices":[{"event_name":"Golden Shrine","player_choice":"Pray","floor":5,"damage_taken":0},{"event_name":"Liars Game","player_choice":"disagreed","floor":11,"damage_taken":0},{"event_name":"The Library","player_choice":"Read","floor":19,"damage_taken":0},{"event_name":"Cursed Tome","player_choice":"Obtained Book","floor":21,"damage_taken":0},{"event_name":"The Lab","player_choice":"Got Potions","floor":39,"damage_taken":0},{"event_name":"Winding Halls","player_choice":"Embrace Madness","floor":47,"damage_taken":0}],"boss_relics":[{"not_picked":["Sozu","Cursed Key"],"picked":"Pandora\u0027s Box"},{"not_picked":["Philosopher\u0027s Stone","Runic Dome"],"picked":"Calling Bell"}],"potions_floor_spawned":[1,4,7,18,20,22,27,38,41],"seed_played":"-2889406145456650793","ascension_level":0,"is_trial":false}