{"gold_per_floor":[119,44,44,44,44,77,2,35,35,35,110,110,110,128,128,202,202,216,249,249,266,39,39],"floor_reached":23,"playtime":1024,"items_purged":["Strike_B"],"score":450,"play_id":"e1a177d7-018b-4782-8e91-97698c96a14b","local_time":"20190116112051","is_ascension_mode":true,"campfire_choices":[{"data":"Streamline","floor":13,"key":"SMITH"},{"data":"Recycle","floor":15,"key":"SMITH"}],"neow_cost":"NONE","seed_source_timestamp":499952052588300,"circlet_count":0,"master_deck":["AscendersBane","Defend_B","Defend_B","Defend_B","Defend_B","Zap","Dualcast","Coolheaded","Streamline+1","Capacitor","Heatsinks","Recycle+1","Multi-Cast","Self Repair","Force Field","Glacier","Streamline"],"relics":["Cracked Core","NeowsBlessing","Prayer Wheel","Mercury Hourglass","Strawberry","Meat on the Bone","Runic Pyramid","Red Mask","ClockworkSouvenir"],"potions_floor_usage":[16,19,21],"damage_taken":[{"damage":0,"enemies":"Jaw Worm","floor":1,"turns":1},{"damage":0,"enemies":"Lagavulin","floor":6,"turns":1},{"damage":0,"enemies":"Gremlin Nob","floor":8,"turns":1},{"damage":0,"enemies":"2 Louse","floor":14,"turns":1},{"damage":24,"enemies":"The Guardian","floor":16,"turns":9},{"damage":9,"enemies":"Chosen","floor":18,"turns":5},{"damage":45,"enemies":"Masked Bandits","floor":19,"turns":5},{"damage":32,"enemies":"3 Byrds","floor":21,"turns":4},{"damage":35,"enemies":"Gremlin Leader","floor":23,"turns":9}],"seed_played":"1047441065554033021","potions_obtained":[{"floor":6,"key":"Weak Potion"},{"floor":8,"key":"SteroidPotion"},{"floor":18,"key":"EssenceOfSteel"},{"floor":20,"key":"Regen Potion"},{"floor":20,"key":"FearPotion"},{"floor":21,"key":"Strength Potion"}],"is_trial":false,"path_per_floor":["M","?","?","?","$","E","$","E","T","?","?","T","R","M","R","B",null,"M","?","?","M","$","E"],"character_chosen":"DEFECT","items_purchased":["ClockworkSouvenir"],"campfire_rested":0,"item_purchase_floors":[22],"current_hp_per_floor":[64,64,57,62,62,62,62,62,69,69,58,58,58,58,58,46,74,65,39,39,35,35,0],"gold":39,"neow_bonus":"THREE_ENEMY_KILL","is_prod":false,"is_daily":false,"chose_seed":false,"campfire_upgraded":2,"win_rate":0,"timestamp":1547666451,"path_taken":["M","?","?","?","$","E","$","E","T","?","?","?","R","M","R","BOSS","M","?","?","?","$","E"],"build_version":"2019-01-10","purchased_purges":1,"victory":false,"max_hp_per_floor":[71,71,71,76,76,76,76,76,83,83,83,83,83,83,83,83,83,83,83,83,83,83,83],"card_choices":[{"not_picked":["Streamline","Turbo"],"picked":"Coolheaded","floor":1},{"not_picked":["Fusion","Undo"],"picked":"Streamline","floor":6},{"not_picked":["Turbo","Double Energy"],"picked":"Capacitor","floor":8},{"not_picked":["Rebound","FTL"],"picked":"Heatsinks","floor":14},{"not_picked":["Darkness","Stack"],"picked":"Recycle","floor":14},{"not_picked":["Reboot","Fission"],"picked":"Multi-Cast","floor":16},{"not_picked":["Ball Lightning","Cold Snap"],"picked":"Self Repair","floor":18},{"not_picked":["Coolheaded","Hello World+1","Darkness"],"picked":"SKIP","floor":18},{"not_picked":["Stack","Leap"],"picked":"Force Field","floor":19},{"not_picked":["Coolheaded","Steam"],"picked":"Glacier","floor":21},{"not_picked":["Hello World+1","Leap"],"picked":"Streamline","floor":21}],"player_experience":498460,"relics_obtained":[{"floor":6,"key":"Prayer Wheel"},{"floor":8,"key":"Mercury Hourglass"},{"floor":9,"key":"Strawberry"},{"floor":12,"key":"Meat on the Bone"},{"floor":19,"key":"Red Mask"}],"event_choices":[{"cards_removed":["Strike_B"],"damage_healed":0,"gold_gain":0,"player_choice":"Card Removal","damage_taken":0,"max_hp_gain":0,"max_hp_loss":0,"event_name":"The Cleric","floor":2,"gold_loss":75},{"cards_removed":["Strike_B"],"damage_healed":0,"gold_gain":0,"player_choice":"Card Removal","damage_taken":7,"max_hp_gain":0,"max_hp_loss":0,"event_name":"Golden Wing","floor":3,"gold_loss":0},{"damage_healed":0,"gold_gain":0,"player_choice":"Donut","damage_taken":0,"max_hp_gain":5,"max_hp_loss":0,"event_name":"Big Fish","floor":4,"gold_loss":0},{"cards_removed":["Strike_B"],"damage_healed":0,"gold_gain":0,"player_choice":"Forget","damage_taken":0,"max_hp_gain":0,"max_hp_loss":0,"event_name":"Living Wall","floor":10,"gold_loss":0},{"damage_healed":0,"gold_gain":75,"player_choice":"Gather Gold","damage_taken":11,"max_hp_gain":0,"max_hp_loss":0,"event_name":"World of Goop","floor":11,"gold_loss":0},{"damage_healed":0,"gold_gain":0,"player_choice":"Fought Bandits","damage_taken":0,"max_hp_gain":0,"max_hp_loss":0,"event_name":"Masked Bandits","floor":19,"gold_loss":0},{"damage_healed":0,"gold_gain":0,"player_choice":"Got Potions","damage_taken":0,"max_hp_gain":0,"max_hp_loss":0,"event_name":"Lab","floor":20,"gold_loss":0}],"is_beta":false,"boss_relics":[{"not_picked":["Empty Cage","Philosopher\u0027s Stone"],"picked":"Runic Pyramid"}],"items_purged_floors":[7],"is_endless":false,"potions_floor_spawned":[6,8,18,21],"killed_by":"Gremlin Leader","ascension_level":17}