{"gold_per_floor":[111,58,72,89,89,119,119,130,157,157,187,203,222,234,234,339,339,357,369,294,254,265,265,290,190,190,205,238,238,288,329,341,454,466,493,605,627,659,671,683,726,771,783,828,860,884,68,79,79,79],"floor_reached":50,"playtime":11359,"items_purged":["Strike_R","Strike_R","Strike_R"],"score":656,"play_id":"98200f39-9eb0-4932-b8e7-ade99964cda1","local_time":"20190221205122","is_ascension_mode":false,"campfire_choices":[{"data":"Armaments","floor":7.0,"key":"SMITH"},{"data":"Warcry","floor":10.0,"key":"SMITH"},{"floor":15.0,"key":"REST"},{"data":"Limit Break","floor":23.0,"key":"SMITH"},{"data":"Demon Form","floor":29.0,"key":"SMITH"},{"floor":32.0,"key":"REST"},{"floor":40.0,"key":"REST"},{"floor":49,"key":"RECALL"}],"neow_cost":"NONE","seed_source_timestamp":0,"circlet_count":0,"master_deck":["Strike_R","Defend_R","Defend_R+1","Defend_R","Defend_R","Bash","Metallicize","Entrench","Armaments+1","Dropkick","Battle Trance","Limit Break+1","Shrug It Off","Warcry+1","Feed","Flex+1","Headbutt","Inflame","Demon Form+1","Heavy Blade+1","Headbutt+1","Double Tap","Warcry+1","Pommel Strike+1"],"special_seed":0,"relics":["Burning Blood","Centennial Puzzle","Oddly Smooth Stone","Potion Belt","Busted Crown","Turnip","Boot","MawBank","Red Mask","Black Star","Nunchaku","Strawberry","Bottled Lightning","Omamori","Anchor","War Paint","Toy Ornithopter","Self Forming Clay","Art of War"],"potions_floor_usage":[48,48,50,50],"damage_taken":[{"damage":5.0,"enemies":"Jaw Worm","floor":1.0,"turns":4.0},{"damage":5.0,"enemies":"Cultist","floor":3.0,"turns":5.0},{"damage":0.0,"enemies":"Small Slimes","floor":4.0,"turns":5.0},{"damage":28.0,"enemies":"Lagavulin","floor":6.0,"turns":8.0},{"damage":21.0,"enemies":"Gremlin Gang","floor":8.0,"turns":8.0},{"damage":26.0,"enemies":"3 Sentries","floor":11.0,"turns":13.0},{"damage":8.0,"enemies":"Exordium Thugs","floor":12.0,"turns":6.0},{"damage":10.0,"enemies":"Large Slime","floor":13.0,"turns":9.0},{"damage":0.0,"enemies":"2 Fungi Beasts","floor":14.0,"turns":2.0},{"damage":46.0,"enemies":"Hexaghost","floor":16.0,"turns":10.0},{"damage":16.0,"enemies":"Shell Parasite","floor":18.0,"turns":6.0},{"damage":32.0,"enemies":"2 Thieves","floor":19.0,"turns":4.0},{"damage":6.0,"enemies":"Snecko","floor":22.0,"turns":4.0},{"damage":2.0,"enemies":"Gremlin Leader","floor":24.0,"turns":4.0},{"damage":10.0,"enemies":"Cultist and Chosen","floor":27.0,"turns":6.0},{"damage":22.0,"enemies":"Slavers","floor":28.0,"turns":7.0},{"damage":40.0,"enemies":"Masked Bandits","floor":31.0,"turns":6.0},{"damage":19.0,"enemies":"Automaton","floor":33.0,"turns":6.0},{"damage":5.0,"enemies":"3 Shapes","floor":35.0,"turns":5.0},{"damage":48.0,"enemies":"Mind Bloom Boss Battle","floor":36.0,"turns":7.0},{"damage":16.0,"enemies":"3 Darklings","floor":37.0,"turns":8.0},{"damage":27.0,"enemies":"4 Shapes","floor":38.0,"turns":5.0},{"damage":20.0,"enemies":"Sphere and 2 Shapes","floor":41.0,"turns":7.0},{"damage":26.0,"enemies":"Reptomancer","floor":42.0,"turns":6.0},{"damage":16.0,"enemies":"Giant Head","floor":44.0,"turns":5.0},{"damage":7.0,"enemies":"Transient","floor":45.0,"turns":5.0},{"damage":18,"enemies":"Jaw Worm Horde","floor":46,"turns":4},{"damage":17,"enemies":"Spire Growth","floor":48,"turns":4},{"damage":57,"enemies":"Donu and Deca","floor":50,"turns":5}],"seed_played":"-3816604392834899323","potions_obtained":[{"floor":1.0,"key":"PowerPotion"},{"floor":4.0,"key":"Explosive Potion"},{"floor":11.0,"key":"GamblersBrew"},{"floor":13.0,"key":"Energy Potion"},{"floor":16.0,"key":"PowerPotion"},{"floor":19.0,"key":"SkillPotion"},{"floor":21.0,"key":"Fire Potion"},{"floor":21.0,"key":"Ancient Potion"},{"floor":21.0,"key":"Explosive Potion"},{"floor":22.0,"key":"Strength Potion"},{"floor":24.0,"key":"Weak Potion"},{"floor":31.0,"key":"EssenceOfSteel"},{"floor":36.0,"key":"Energy Potion"},{"floor":38.0,"key":"Swift Potion"},{"floor":41.0,"key":"FearPotion"},{"floor":46,"key":"Weak Potion"},{"floor":48,"key":"Swift Potion"}],"is_trial":false,"path_per_floor":["M","$","M","M","?","E","R","M","T","R","E","M","M","M","R","B",null,"M","M","$","?","M","R","E","$","T","M","E","R","T","?","R","B",null,"M","?","M","M","?","R","M","E","T","E","M","M","$","M","R","B"],"character_chosen":"IRONCLAD","items_purchased":["Armaments","AttackPotion","Fire Potion","Toy Ornithopter","Self Forming Clay","Art of War"],"campfire_rested":3,"item_purchase_floors":[2,47,47,47,47,47],"current_hp_per_floor":[80,80,80,80,80,58,58,43,43,43,23,25,21,30,56,19,90,80,57,57,57,60,60,64,64,64,64,52,52,52,22,54,41,108,112,73,63,45,45,80,69,56,56,46,45,36,36,35,35,0],"gold":79,"neow_bonus":"THREE_CARDS","is_prod":false,"is_daily":false,"chose_seed":false,"campfire_upgraded":4,"win_rate":0,"timestamp":1550782282,"path_taken":["M","$","M","M","?","E","R","M","T","R","E","M","M","M","R","BOSS","M","?","$","?","M","R","E","$","T","?","E","R","?","?","R","BOSS","M","?","M","M","?","R","M","E","T","E","M","M","$","M","R","BOSS"],"build_version":"2019-01-23","purchased_purges":3,"victory":false,"max_hp_per_floor":[80,80,80,80,80,80,80,80,80,80,80,84,84,87,87,90,90,90,93,93,93,96,96,96,96,96,100,104,104,104,108,108,108,108,112,115,115,118,118,118,121,128,128,128,128,131,131,131,131,131],"card_choices":[{"not_picked":["Headbutt","Body Slam"],"picked":"Metallicize","floor":0.0},{"not_picked":["Inflame","Shrug It Off"],"picked":"Entrench","floor":1.0},{"not_picked":["Bloodletting","Clash"],"picked":"Dropkick","floor":3.0},{"not_picked":["Evolve","Rage"],"picked":"Battle Trance","floor":4.0},{"not_picked":["Body Slam","Searing Blow"],"picked":"Shrug It Off","floor":6.0},{"not_picked":["Shockwave","Dropkick"],"picked":"Warcry","floor":8.0},{"not_picked":["Battle Trance","Thunderclap"],"picked":"Feed","floor":11.0},{"not_picked":["Cleave","Rage"],"picked":"Flex","floor":12.0},{"not_picked":["Evolve","Shrug It Off"],"picked":"Headbutt","floor":13.0},{"not_picked":["Infernal Blade","Twin Strike"],"picked":"Inflame","floor":14.0},{"not_picked":["Fiend Fire","Offering"],"picked":"Demon Form","floor":16.0},{"not_picked":[],"picked":"Heavy Blade+1","floor":18.0},{"not_picked":["Heavy Blade"],"picked":"SKIP","floor":19.0},{"not_picked":[],"picked":"Headbutt+1","floor":22.0},{"not_picked":["Spot Weakness"],"picked":"SKIP","floor":24.0},{"not_picked":["Twin Strike+1"],"picked":"SKIP","floor":27.0},{"not_picked":["Headbutt+1"],"picked":"SKIP","floor":28.0},{"not_picked":[],"picked":"Double Tap","floor":33.0},{"not_picked":["Twin Strike"],"picked":"SKIP","floor":35.0},{"not_picked":[],"picked":"Warcry+1","floor":37.0},{"not_picked":["Perfected Strike"],"picked":"SKIP","floor":38.0},{"not_picked":["Headbutt"],"picked":"SKIP","floor":41.0},{"not_picked":["Twin Strike+1"],"picked":"SKIP","floor":42.0},{"not_picked":["Havoc+1"],"picked":"SKIP","floor":44.0},{"not_picked":["Flex"],"picked":"SKIP","floor":45.0},{"not_picked":[],"picked":"Pommel Strike+1","floor":46},{"not_picked":["Perfected Strike+1"],"picked":"SKIP","floor":48}],"player_experience":410888,"relics_obtained":[{"floor":6.0,"key":"Centennial Puzzle"},{"floor":9.0,"key":"Oddly Smooth Stone"},{"floor":11.0,"key":"Potion Belt"},{"floor":24.0,"key":"Turnip"},{"floor":28.0,"key":"Boot"},{"floor":30.0,"key":"MawBank"},{"floor":31.0,"key":"Red Mask"},{"floor":36.0,"key":"Nunchaku"},{"floor":42.0,"key":"Strawberry"},{"floor":42.0,"key":"Bottled Lightning"},{"floor":43.0,"key":"Omamori"},{"floor":44.0,"key":"Anchor"},{"floor":44.0,"key":"War Paint"}],"event_choices":[{"damage_healed":0.0,"max_hp_gain":0.0,"max_hp_loss":0.0,"gold_gain":0.0,"event_name":"Match and Keep!","player_choice":"1 cards matched","floor":5.0,"gold_loss":0.0,"damage_taken":0.0,"cards_obtained":["Limit Break"]},{"damage_healed":0.0,"max_hp_gain":0.0,"max_hp_loss":0.0,"gold_gain":0.0,"event_name":"The Woman in Blue","player_choice":"Bought 3 Potions","floor":21.0,"gold_loss":0.0,"damage_taken":0.0},{"damage_healed":0.0,"max_hp_gain":0.0,"max_hp_loss":0.0,"gold_gain":0.0,"event_name":"Masked Bandits","player_choice":"Fought Bandits","floor":31.0,"gold_loss":0.0,"damage_taken":0.0},{"damage_healed":0.0,"max_hp_gain":0.0,"max_hp_loss":0.0,"gold_gain":0.0,"event_name":"MindBloom","player_choice":"Fight","floor":36.0,"gold_loss":0.0,"damage_taken":0.0},{"cards_removed":["Strike_R"],"damage_healed":0.0,"max_hp_gain":0.0,"max_hp_loss":0.0,"gold_gain":0.0,"event_name":"Falling","player_choice":"Removed Attack","floor":39.0,"gold_loss":0.0,"damage_taken":0.0}],"is_beta":false,"boss_relics":[{"not_picked":["Calling Bell","Runic Dome"],"picked":"Busted Crown"},{"not_picked":["Black Blood","Orrery"],"picked":"Black Star"}],"items_purged_floors":[20,25,47],"is_endless":false,"potions_floor_spawned":[1,4,11,13,16,19,22,24,31,36,38,41,46,48],"killed_by":"Donu and Deca","ascension_level":0}