{"gold_per_floor":[119,44,60,60,79,79,107,107,107,120,150,167,167,167,167,244,244,244,1,1,1,1,1,1,1,1,1,1,1,1,1,1,1],"floor_reached":33,"playtime":2237,"items_purged":[],"score":616,"play_id":"3013c4f9-332b-4b95-ba21-dc1f01f02f7e","local_time":"20190113190204","is_ascension_mode":true,"campfire_choices":[{"data":"Zap","floor":6,"key":"SMITH"},{"data":"Doom and Gloom","floor":8,"key":"SMITH"},{"data":"Consume","floor":13,"key":"SMITH"},{"data":"Coolheaded","floor":15,"key":"SMITH"},{"data":"Chaos","floor":24,"key":"SMITH"},{"floor":29,"key":"REST"},{"data":"Enlightenment","floor":32,"key":"SMITH"}],"neow_cost":"NONE","seed_source_timestamp":267209775966200,"circlet_count":0,"master_deck":["AscendersBane","Strike_B","Strike_B","Strike_B","Defend_B","Defend_B","Defend_B","Defend_B","Zap+1","Dualcast","Leap","Coolheaded+1","Coolheaded+1","Doom and Gloom+1","Coolheaded","Consume+1","Compile Driver","Seek","Glacier","Enlightenment+1","Blind","Chaos+1","Chaos+1","Lockon","Redo","Leap","Doom and Gloom"],"relics":["Cracked Core","NeowsBlessing","FossilizedHelix","Incense Burner","Bag of Marbles","Ectoplasm","Art of War","Strawberry"],"potions_floor_usage":[23,23],"damage_taken":[{"damage":0,"enemies":"Small Slimes","floor":1,"turns":1},{"damage":0,"enemies":"Jaw Worm","floor":3,"turns":1},{"damage":0,"enemies":"2 Louse","floor":5,"turns":1},{"damage":16,"enemies":"3 Sentries","floor":7,"turns":13},{"damage":0,"enemies":"Blue Slaver","floor":10,"turns":3},{"damage":0,"enemies":"Gremlin Nob","floor":11,"turns":4},{"damage":0,"enemies":"3 Louse","floor":12,"turns":3},{"damage":0,"enemies":"Slime Boss","floor":16,"turns":11},{"damage":0,"enemies":"Spheric Guardian","floor":18,"turns":5},{"damage":2,"enemies":"Chosen","floor":22,"turns":8},{"damage":23,"enemies":"Slavers","floor":23,"turns":4},{"damage":0,"enemies":"Snecko","floor":25,"turns":6},{"damage":21,"enemies":"Centurion and Healer","floor":28,"turns":6},{"damage":8,"enemies":"Snake Plant","floor":30,"turns":5},{"damage":0,"enemies":"3 Cultists","floor":31,"turns":6},{"damage":71,"enemies":"Collector","floor":33,"turns":7}],"seed_played":"7148689906480104296","potions_obtained":[{"floor":12,"key":"Fire Potion"},{"floor":16,"key":"Poison Potion"},{"floor":18,"key":"Explosive Potion"},{"floor":23,"key":"FairyPotion"},{"floor":28,"key":"Strength Potion"}],"is_trial":false,"path_per_floor":["M","?","M","?","M","R","E","R","T","M","E","M","R","?","R","B",null,"M","$","?","?","M","E","R","M","T","$","M","R","M","M","R","B"],"character_chosen":"DEFECT","items_purchased":["Art of War","Enlightenment"],"campfire_rested":1,"item_purchase_floors":[19,19],"current_hp_per_floor":[64,64,64,64,64,64,48,48,48,48,48,48,48,48,48,48,65,65,65,65,51,49,33,33,33,33,33,12,35,27,27,27,0],"gold":1,"neow_bonus":"THREE_ENEMY_KILL","is_prod":false,"is_daily":false,"chose_seed":false,"campfire_upgraded":6,"win_rate":0,"timestamp":1547434924,"path_taken":["M","?","M","?","M","R","E","R","T","M","E","?","R","?","R","BOSS","M","$","?","?","M","E","R","M","T","$","M","R","?","M","R","BOSS"],"build_version":"2019-01-10","purchased_purges":0,"victory":false,"max_hp_per_floor":[71,71,71,71,71,71,71,71,71,71,71,71,71,71,71,71,71,71,71,71,71,71,78,78,78,78,78,78,78,78,78,78,78],"card_choices":[{"not_picked":["Go for the Eyes","Barrage"],"picked":"Leap","floor":1},{"not_picked":["Reinforced Body","Auto Shields"],"picked":"Coolheaded","floor":3},{"not_picked":["Redo","Barrage"],"picked":"Coolheaded","floor":5},{"not_picked":["Beam Cell","All For One"],"picked":"Doom and Gloom","floor":7},{"not_picked":["Rebound","Turbo"],"picked":"Coolheaded","floor":10},{"not_picked":["Recycle","Barrage"],"picked":"Consume","floor":11},{"not_picked":["Turbo","Barrage"],"picked":"Compile Driver","floor":12},{"not_picked":["Fission","Hyperbeam"],"picked":"Seek","floor":16},{"not_picked":["Go for the Eyes","Chaos"],"picked":"Glacier","floor":18},{"not_picked":["Turbo","Stack"],"picked":"Chaos","floor":22},{"not_picked":["Streamline","Amplify"],"picked":"Chaos+1","floor":23},{"not_picked":["Gash","Streamline+1"],"picked":"Lockon","floor":25},{"not_picked":["Scrape","Stack"],"picked":"Redo","floor":28},{"not_picked":["Redo","Steam"],"picked":"Leap","floor":30},{"not_picked":["BootSequence","Compile Driver"],"picked":"Doom and Gloom","floor":31}],"player_experience":461340,"relics_obtained":[{"floor":7,"key":"FossilizedHelix"},{"floor":9,"key":"Incense Burner"},{"floor":11,"key":"Bag of Marbles"},{"floor":23,"key":"Strawberry"}],"event_choices":[{"cards_removed":["Strike_B"],"damage_healed":0,"gold_gain":0,"player_choice":"Card Removal","damage_taken":0,"max_hp_gain":0,"max_hp_loss":0,"event_name":"The Cleric","floor":2,"gold_loss":75},{"damage_healed":0,"gold_gain":0,"player_choice":"Ignored","damage_taken":0,"max_hp_gain":0,"max_hp_loss":0,"event_name":"Liars Game","floor":4,"gold_loss":0},{"damage_healed":0,"gold_gain":0,"player_choice":"Grow","damage_taken":0,"max_hp_gain":0,"max_hp_loss":0,"event_name":"Living Wall","floor":14,"gold_loss":0,"cards_upgraded":["Coolheaded"]},{"damage_healed":0,"gold_gain":0,"player_choice":"Ignored","damage_taken":0,"max_hp_gain":0,"max_hp_loss":0,"event_name":"Ghosts","floor":20,"gold_loss":0},{"damage_healed":0,"gold_gain":0,"player_choice":"CARD ","damage_taken":14,"max_hp_gain":0,"max_hp_loss":0,"event_name":"Knowing Skull","floor":21,"potions_obtained":[],"gold_loss":0,"cards_obtained":["Blind"]}],"is_beta":false,"boss_relics":[{"not_picked":["Cursed Key","Lizard Tail"],"picked":"Ectoplasm"}],"items_purged_floors":[],"is_endless":false,"potions_floor_spawned":[12,16,18,23,28],"killed_by":"Collector","ascension_level":15}