{"gold_per_floor":[115,32,45,62,73,102,113,39,39,39,52,82,32,47,47,150,150,165,175,188,200,216,216],"floor_reached":23,"playtime":1526,"items_purged":[],"score":234,"play_id":"8d6011c9-4525-4a6a-af29-de51a0a57c6f","local_time":"20190303060324","is_ascension_mode":false,"campfire_choices":[{"data":"Chen:WhateverWorks","floor":10,"key":"SMITH"},{"data":"Chen:Gash","floor":15,"key":"SMITH"}],"neow_cost":"NONE","seed_source_timestamp":2145055143816100,"circlet_count":0,"master_deck":["Chen:PounceTurnTail","Chen:GlitterPoke","Chen:CurlUp","Chen:Excitement","Chen:Flicker","Chen:SurpriseAttack","Chen:Recuperate","Chen:MeditateFrenzy","Chen:WhateverWorks+1","Chen:Sweep","Chen:Rush","Chen:Mixup","Chen:Tear","Chen:Barrier","Chen:Assault","Chen:StudySharpen","Chen:Catseye","Chen:Gash+1","Chen:ResistTemptation","Chen:Knockout","Chen:ShikigamiForm","Chen:Panic+1","Chen:Excitement"],"relics":["Pandora\u0027s Box","Letter Opener","Gremlin Horn","Mercury Hourglass","Matryoshka","Philosopher\u0027s Stone"],"potions_floor_usage":[21,22,22,23,23],"damage_taken":[{"damage":0,"enemies":"Jaw Worm","floor":1,"turns":3},{"damage":0,"enemies":"Cultist","floor":3,"turns":4},{"damage":0,"enemies":"2 Louse","floor":4,"turns":1},{"damage":3,"enemies":"Blue Slaver","floor":5,"turns":3},{"damage":0,"enemies":"Lagavulin","floor":6,"turns":7},{"damage":3,"enemies":"2 Fungi Beasts","floor":7,"turns":2},{"damage":0,"enemies":"3 Louse","floor":11,"turns":1},{"damage":17,"enemies":"3 Sentries","floor":12,"turns":3},{"damage":0,"enemies":"Blue Slaver","floor":14,"turns":2},{"damage":12,"enemies":"The Guardian","floor":16,"turns":7},{"damage":10,"enemies":"3 Byrds","floor":18,"turns":3},{"damage":34,"enemies":"2 Thieves","floor":19,"turns":4},{"damage":13,"enemies":"Centurion and Healer","floor":20,"turns":5},{"damage":12,"enemies":"Chosen and Byrds","floor":21,"turns":2},{"damage":5,"enemies":"3 Cultists","floor":22,"turns":3},{"damage":7,"enemies":"Book of Stabbing","floor":23,"turns":2}],"seed_played":"426653574127944909","potions_obtained":[{"floor":3,"key":"Poison Potion"},{"floor":5,"key":"SpeedPotion"},{"floor":12,"key":"Regen Potion"},{"floor":14,"key":"Fire Potion"},{"floor":21,"key":"SteroidPotion"},{"floor":22,"key":"GamblersBrew"}],"is_trial":false,"path_per_floor":["M","?","M","M","M","E","M","$","T","R","M","E","$","M","R","B",null,"M","M","M","M","M","E"],"character_chosen":"CHEN","items_purchased":["Chen:StudySharpen","Chen:ResistTemptation"],"campfire_rested":0,"item_purchase_floors":[8,13],"current_hp_per_floor":[70,70,70,70,67,67,64,64,64,64,64,47,47,47,47,35,70,60,26,13,6,1,0],"gold":216,"neow_bonus":"BOSS_RELIC","is_prod":false,"is_daily":false,"chose_seed":false,"campfire_upgraded":2,"win_rate":0.0,"timestamp":1551621804,"path_taken":["M","?","M","M","M","E","M","$","T","R","M","E","$","M","R","BOSS","M","M","M","M","M","E"],"build_version":"2019-01-23","purchased_purges":0,"victory":false,"max_hp_per_floor":[70,70,70,70,70,70,70,70,70,70,70,70,70,70,70,70,70,70,70,70,70,70,70],"card_choices":[{"not_picked":["Chen:Adaptability","Chen:TauntHiss"],"picked":"Chen:Mixup","floor":1},{"not_picked":["Chen:Instinct","Chen:Deceitful"],"picked":"Chen:Tear","floor":3},{"not_picked":["Chen:Knockout","Chen:PentagramFlight","Chen:Panic"],"picked":"SKIP","floor":4},{"not_picked":["Chen:RecklessLeap","Chen:Recuperate"],"picked":"Chen:Barrier","floor":5},{"not_picked":["Chen:Instinct","Chen:Stability"],"picked":"Chen:Assault","floor":6},{"not_picked":["Chen:Copycat","Chen:Assault","Chen:Sidestep"],"picked":"SKIP","floor":7},{"not_picked":["Chen:Sweep","Chen:Adaptability"],"picked":"Chen:Catseye","floor":11},{"not_picked":["Chen:Shapeshift","Chen:GuardCounter"],"picked":"Chen:Gash","floor":12},{"not_picked":["Chen:Flit","Chen:EvasiveFireShift"],"picked":"Chen:Knockout","floor":14},{"not_picked":["Chen:Stability","Chen:PhoenixEgg"],"picked":"Chen:ShikigamiForm","floor":16},{"not_picked":["Chen:Fadeout","Chen:Flicker"],"picked":"Chen:Panic+1","floor":18},{"not_picked":["Chen:Adaptability","Chen:PentagramFlight","Chen:ResistTemptation"],"picked":"SKIP","floor":19},{"not_picked":["Chen:Scratch","Chen:Barrier+1"],"picked":"Chen:Excitement","floor":20},{"not_picked":["Chen:UnstableBoundary+1","Chen:Sweep","Chen:TauntHiss+1"],"picked":"SKIP","floor":21},{"not_picked":["Chen:SurpriseAttack","Chen:TauntHiss","Chen:MeditateFrenzy"],"picked":"SKIP","floor":22}],"player_experience":800053,"relics_obtained":[{"floor":6,"key":"Gremlin Horn"},{"floor":9,"key":"Mercury Hourglass"},{"floor":12,"key":"Matryoshka"}],"event_choices":[{"damage_healed":0,"gold_gain":0,"player_choice":"Paid Gold","damage_taken":0,"relics_obtained":["Letter Opener"],"max_hp_gain":0,"max_hp_loss":0,"event_name":"WeMeetAgain","floor":2,"gold_loss":83}],"is_beta":false,"boss_relics":[{"not_picked":["Snecko Eye","Velvet Choker"],"picked":"Philosopher\u0027s Stone"}],"items_purged_floors":[],"is_endless":false,"potions_floor_spawned":[3,5,12,14,20,21,22],"killed_by":"Book of Stabbing","ascension_level":0}