{"gold_per_floor":[116,131,231,246,258,258,270,302,329,309,12,12,26,38,38,133,133,153,178,78,90,106,122,134,148,148,162,37,37,63,75,75,174,224,239,239,290,309,269,269,369,380,431,431,235,235,247,262,262,262,262,262,19,53,53],"floor_reached":55,"playtime":2816,"items_purged":["Strike_R","Berserk+1","Twin Strike+1"],"score":725,"play_id":"3f046ff6-187f-4e47-82a0-7ecaa3042e5b","local_time":"20181211122231","is_ascension_mode":false,"campfire_choices":[{"data":"Body Slam","floor":6.0,"key":"SMITH"},{"data":"Entrench","floor":12.0,"key":"SMITH"},{"data":"Bash","floor":15.0,"key":"SMITH"},{"floor":29.0,"key":"RECALL"},{"data":"Battle Trance","floor":32.0,"key":"SMITH"},{"data":"Dual Wield","floor":40.0,"key":"SMITH"},{"data":"Impervious","floor":44.0,"key":"SMITH"},{"data":"Impervious","floor":49.0,"key":"SMITH"},{"data":"Shrug It Off","floor":52.0,"key":"SMITH"}],"neow_cost":"PERCENT_DAMAGE","seed_source_timestamp":0,"circlet_count":0,"master_deck":["Defend_R","Defend_R+1","Defend_R","Bash+1","Body Slam+1","Ghostly Armor+1","True Grit+1","Entrench+1","Impervious+1","Flame Barrier+1","Battle Trance+1","Shrug It Off+1","Impervious+1","Dual Wield+1"],"special_seed":0,"relics":["Burning Blood","Dream Catcher","Happy Flower","War Paint","Astrolabe","Red Mask","Matryoshka","Blood Vial","Tiny House","Thread and Needle","Turnip","Centennial Puzzle","TheAbacus","Self Forming Clay","Charon\u0027s Ashes"],"potions_floor_usage":[55,55],"damage_taken":[{"damage":6.0,"enemies":"Jaw Worm","floor":1.0,"turns":5.0},{"damage":4.0,"enemies":"Cultist","floor":2.0,"turns":4.0},{"damage":0.0,"enemies":"2 Louse","floor":4.0,"turns":4.0},{"damage":25.0,"enemies":"Exordium Thugs","floor":5.0,"turns":8.0},{"damage":9.0,"enemies":"Blue Slaver","floor":7.0,"turns":4.0},{"damage":30.0,"enemies":"Gremlin Nob","floor":8.0,"turns":5.0},{"damage":5.0,"enemies":"3 Louse","floor":13.0,"turns":6.0},{"damage":2.0,"enemies":"2 Fungi Beasts","floor":14.0,"turns":4.0},{"damage":31.0,"enemies":"The Guardian","floor":16.0,"turns":13.0},{"damage":0.0,"enemies":"Chosen","floor":18.0,"turns":3.0},{"damage":0.0,"enemies":"Masked Bandits","floor":19.0,"turns":6.0},{"damage":0.0,"enemies":"Spheric Guardian","floor":21.0,"turns":4.0},{"damage":1.0,"enemies":"Cultist and Chosen","floor":22.0,"turns":8.0},{"damage":0.0,"enemies":"Chosen and Byrds","floor":23.0,"turns":6.0},{"damage":0.0,"enemies":"Sentry and Sphere","floor":24.0,"turns":3.0},{"damage":0.0,"enemies":"Centurion and Healer","floor":25.0,"turns":7.0},{"damage":0.0,"enemies":"Snake Plant","floor":27.0,"turns":3.0},{"damage":6.0,"enemies":"Gremlin Leader","floor":30.0,"turns":11.0},{"damage":0.0,"enemies":"Chosen and Byrds","floor":31.0,"turns":3.0},{"damage":15.0,"enemies":"Automaton","floor":33.0,"turns":12.0},{"damage":22.0,"enemies":"3 Darklings","floor":35.0,"turns":8.0},{"damage":0.0,"enemies":"2 Orb Walkers","floor":37.0,"turns":5.0},{"damage":0.0,"enemies":"3 Shapes","floor":38.0,"turns":5.0},{"damage":0.0,"enemies":"Mind Bloom Boss Battle","floor":41.0,"turns":5.0},{"damage":0.0,"enemies":"Writhing Mass","floor":42.0,"turns":6.0},{"damage":0.0,"enemies":"Sphere and 2 Shapes","floor":47.0,"turns":5.0},{"damage":35.0,"enemies":"Transient","floor":48.0,"turns":5.0},{"damage":0.0,"enemies":"Awakened One","floor":50.0,"turns":11.0},{"damage":3,"enemies":"Shield and Spear","floor":54,"turns":8},{"damage":89,"enemies":"The Heart","floor":55,"turns":11}],"seed_played":"2742436647236866355","potions_obtained":[{"floor":5.0,"key":"Swift Potion"},{"floor":7.0,"key":"Strength Potion"},{"floor":8.0,"key":"Energy Potion"},{"floor":10.0,"key":"PowerPotion"},{"floor":14.0,"key":"Regen Potion"},{"floor":16.0,"key":"EssenceOfSteel"},{"floor":31.0,"key":"Explosive Potion"},{"floor":34.0,"key":"GamblersBrew"},{"floor":38.0,"key":"Energy Potion"},{"floor":41.0,"key":"Weak Potion"}],"is_trial":false,"path_per_floor":["M","M","?","M","M","R","M","E","T","?","$","R","M","M","R","B",null,"M","?","$","M","M","M","M","M","T","M","$","R","E","M","R","B",null,"M","$","?","M","$","R","?","M","T","R","$","?","M","M","R","B",null,"R","$","E","B"],"character_chosen":"IRONCLAD","items_purchased":["War Paint","Regen Potion","Dual Wield","TheAbacus","Self Forming Clay"],"campfire_rested":0,"item_purchase_floors":[11,11,39,45,53],"current_hp_per_floor":[56,58,58,64,45,45,42,18,18,18,18,18,34,38,38,28,80,80,80,80,80,80,80,80,80,80,80,80,80,80,80,80,71,85,69,69,77,85,85,85,85,85,85,85,85,85,85,56,56,64,85,85,85,85,0],"gold":53,"neow_bonus":"REMOVE_TWO","is_prod":false,"is_daily":false,"chose_seed":false,"campfire_upgraded":8,"win_rate":0,"timestamp":1544498551,"path_taken":["M","M","?","M","M","R","?","E","T","?","?","R","M","M","R","BOSS","M","?","$","M","M","M","M","M","T","M","$","R","E","M","R","BOSS","M","$","?","M","$","R","?","M","T","R","?","?","?","M","R","BOSS","R","$","E","BOSS"],"build_version":"2018-12-06","purchased_purges":3,"victory":false,"max_hp_per_floor":[80,80,80,80,80,80,80,80,80,80,80,80,80,80,80,80,80,80,80,80,80,80,80,80,80,80,80,80,80,80,80,80,80,85,85,85,85,85,85,85,85,85,85,85,85,85,85,85,85,85,85,85,85,85,85],"card_choices":[{"not_picked":["Warcry","Flex"],"picked":"Body Slam","floor":1.0},{"not_picked":["Feel No Pain","Bloodletting"],"picked":"Ghostly Armor","floor":2.0},{"not_picked":["Evolve","Spot Weakness"],"picked":"True Grit","floor":4.0},{"not_picked":["Seeing Red","Pommel Strike","Carnage"],"picked":"SKIP","floor":5.0},{"not_picked":["Shrug It Off","Rupture"],"picked":"Entrench","floor":7.0},{"not_picked":["Body Slam","Second Wind","Juggernaut"],"picked":"SKIP","floor":8.0},{"not_picked":["Pommel Strike","Reckless Charge","Havoc"],"picked":"SKIP","floor":13.0},{"not_picked":["Pommel Strike","Headbutt","Clothesline"],"picked":"SKIP","floor":14.0},{"not_picked":["Fiend Fire","Immolate"],"picked":"Impervious","floor":16.0},{"not_picked":["Body Slam","Power Through"],"picked":"Battle Trance","floor":18.0},{"not_picked":["Fiend Fire","Pommel Strike"],"picked":"Shrug It Off","floor":21.0},{"not_picked":["Second Wind+1","Thunderclap","Sword Boomerang+1"],"picked":"SKIP","floor":22.0},{"not_picked":["Perfected Strike+1","Clothesline","Dropkick"],"picked":"SKIP","floor":23.0},{"not_picked":["Havoc+1","True Grit","Perfected Strike"],"picked":"SKIP","floor":24.0},{"not_picked":["Feel No Pain+1","Anger","Battle Trance"],"picked":"SKIP","floor":25.0},{"not_picked":["Clash+1","Immolate","Infernal Blade"],"picked":"SKIP","floor":27.0},{"not_picked":["Clothesline+1","Rampage+1","True Grit"],"picked":"SKIP","floor":30.0},{"not_picked":["Wild Strike","Warcry","Burning Pact"],"picked":"SKIP","floor":31.0},{"not_picked":["Dark Embrace","Reaper"],"picked":"Impervious","floor":33.0},{"not_picked":["Wild Strike","Sever Soul+1","Pommel Strike"],"picked":"SKIP","floor":35.0},{"not_picked":["Fire Breathing","Armaments+1","Heavy Blade"],"picked":"SKIP","floor":38.0},{"not_picked":["Heavy Blade+1","Corruption+1","Power Through+1"],"picked":"SKIP","floor":42.0},{"not_picked":["Dropkick+1","Anger+1","Feel No Pain"],"picked":"SKIP","floor":47.0},{"not_picked":["Headbutt","Perfected Strike","Wild Strike+1"],"picked":"SKIP","floor":48.0},{"not_picked":["Heavy Blade","Infernal Blade","Headbutt+1"],"picked":"SKIP","floor":54}],"player_experience":743991,"relics_obtained":[{"floor":8.0,"key":"Dream Catcher"},{"floor":9.0,"key":"Happy Flower"},{"floor":19.0,"key":"Red Mask"},{"floor":26.0,"key":"Matryoshka"},{"floor":30.0,"key":"Blood Vial"},{"floor":37.0,"key":"Thread and Needle"},{"floor":41.0,"key":"Turnip"},{"floor":43.0,"key":"Centennial Puzzle"},{"floor":54,"key":"Charon\u0027s Ashes"}],"event_choices":[{"damage_healed":0.0,"max_hp_gain":0.0,"max_hp_loss":0.0,"gold_gain":100.0,"event_name":"Wheel of Change","player_choice":"Gold","floor":3.0,"gold_loss":0.0,"damage_taken":0.0},{"damage_healed":0.0,"max_hp_gain":0.0,"max_hp_loss":0.0,"gold_gain":0.0,"event_name":"The Woman in Blue","player_choice":"Bought 1 Potion","floor":10.0,"gold_loss":0.0,"damage_taken":0.0},{"damage_healed":0.0,"max_hp_gain":0.0,"max_hp_loss":0.0,"gold_gain":0.0,"event_name":"Masked Bandits","player_choice":"Fought Bandits","floor":19.0,"gold_loss":0.0,"damage_taken":0.0},{"damage_healed":0.0,"max_hp_gain":0.0,"max_hp_loss":0.0,"gold_gain":0.0,"event_name":"Mysterious Sphere","player_choice":"Fight","floor":37.0,"gold_loss":0.0,"damage_taken":0.0},{"damage_healed":0.0,"max_hp_gain":0.0,"max_hp_loss":0.0,"gold_gain":0.0,"event_name":"MindBloom","player_choice":"Fight","floor":41.0,"gold_loss":0.0,"damage_taken":0.0},{"damage_healed":0.0,"max_hp_gain":0.0,"max_hp_loss":0.0,"gold_gain":0.0,"event_name":"NoteForYourself","player_choice":"Ignored","floor":46.0,"gold_loss":0.0,"damage_taken":0.0}],"is_beta":false,"boss_relics":[{"not_picked":["Busted Crown","Velvet Choker"],"picked":"Astrolabe"},{"not_picked":["Pandora\u0027s Box","Mark of Pain"],"picked":"Tiny House"}],"items_purged_floors":[11,20,28],"is_endless":false,"potions_floor_spawned":[5,7,8,14,16,19,24,27,31,38,41],"killed_by":"The Heart","ascension_level":0}