{"gold_per_floor":[18,18,29,49,49,78,78,104,131,144,172,189,203,229,229,326,326,341,357,79,96,196,196,214,214,214,233,262,293,293,293],"floor_reached":31,"playtime":1640,"items_purged":[],"score":369,"play_id":"9a45b81b-33f4-4449-ad44-6025a8bd03de","local_time":"20181109025240","is_ascension_mode":true,"campfire_choices":[{"data":"Inflame","floor":7,"key":"SMITH"},{"data":"Limit Break","floor":15,"key":"SMITH"},{"data":"Limit Break","floor":23,"key":"SMITH"},{"floor":25,"key":"REST"}],"neow_cost":"NO_GOLD","seed_source_timestamp":36157175000023,"circlet_count":0,"master_deck":["Strike_R","Strike_R","Strike_R","Defend_R","Defend_R","Defend_R+1","Defend_R+1","Bash","Forethought","Iron Wave","Feel No Pain","Inflame+1","Clothesline","Dark Embrace","Anger","Flame Barrier","Limit Break+1","Armaments","Iron Wave","Inflame","Burning Pact","Cleave","Limit Break+1","Flame Barrier","Shrug It Off","Juggernaut","Dark Shackles","Pummel","Heavy Blade","Flame Barrier+1","Body Slam+1","Infernal Blade+1","Shockwave","Iron Wave","Demon Form","Whirlwind"],"relics":["Burning Blood","War Paint","Oddly Smooth Stone","Prayer Wheel","Bag of Preparation","Calipers","Magic Flower","Sozu","Medical Kit","Vajra","Red Mask","Matryoshka"],"potions_floor_usage":[16,24,27,31],"damage_taken":[{"damage":11,"enemies":"2 Louse","floor":1,"turns":3},{"damage":1,"enemies":"Cultist","floor":3,"turns":5},{"damage":7,"enemies":"Jaw Worm","floor":4,"turns":4},{"damage":19,"enemies":"Gremlin Nob","floor":6,"turns":5},{"damage":9,"enemies":"Lagavulin","floor":8,"turns":9},{"damage":5,"enemies":"Red Slaver","floor":10,"turns":3},{"damage":14,"enemies":"Gremlin Nob","floor":11,"turns":4},{"damage":2,"enemies":"Blue Slaver","floor":12,"turns":4},{"damage":15,"enemies":"3 Louse","floor":13,"turns":4},{"damage":20,"enemies":"Lagavulin","floor":14,"turns":6},{"damage":21,"enemies":"Hexaghost","floor":16,"turns":8},{"damage":29,"enemies":"2 Thieves","floor":18,"turns":3},{"damage":12,"enemies":"Chosen","floor":19,"turns":6},{"damage":40,"enemies":"Shelled Parasite and Fungi","floor":21,"turns":7},{"damage":21,"enemies":"Snake Plant","floor":24,"turns":6},{"damage":17,"enemies":"Centurion and Healer","floor":27,"turns":6},{"damage":1,"enemies":"Masked Bandits","floor":28,"turns":3},{"damage":21,"enemies":"Slavers","floor":29,"turns":6},{"damage":31,"enemies":"Book of Stabbing","floor":31,"turns":4}],"seed_played":"7530885803371425609","potions_obtained":[{"floor":3,"key":"Weak Potion"},{"floor":6,"key":"Swift Potion"},{"floor":12,"key":"Block Potion"},{"floor":16,"key":"SpeedPotion"}],"is_trial":false,"path_per_floor":["M","?","M","M","?","E","R","E","T","M","E","M","M","E","R","B",null,"M","M","$","M","?","R","M","R","T","M","?","E","?","E"],"character_chosen":"IRONCLAD","items_purchased":["Medical Kit","Dark Shackles"],"campfire_rested":1,"item_purchase_floors":[20,20],"current_hp_per_floor":[75,75,80,79,79,66,66,63,63,64,56,60,51,37,37,25,80,60,57,57,26,26,26,14,38,38,30,38,26,26,0],"gold":293,"neow_bonus":"RANDOM_COLORLESS_2","is_prod":false,"is_daily":false,"chose_seed":false,"campfire_upgraded":3,"win_rate":0,"timestamp":1541760760,"path_taken":["M","?","?","M","?","E","R","E","T","?","E","M","M","E","R","BOSS","M","M","$","M","?","R","M","R","T","?","?","E","?","E"],"build_version":"2018-11-08","purchased_purges":0,"victory":false,"max_hp_per_floor":[80,80,80,80,80,80,80,80,80,80,80,80,80,80,80,80,80,80,80,80,80,80,80,80,80,80,80,80,80,80,80],"card_choices":[{"not_picked":["Heavy Blade","Reckless Charge"],"picked":"Iron Wave","floor":1},{"not_picked":["Shrug It Off","Warcry"],"picked":"Feel No Pain","floor":3},{"not_picked":["Iron Wave","Uppercut"],"picked":"Inflame","floor":4},{"not_picked":["Heavy Blade","Anger"],"picked":"Dark Embrace","floor":6},{"not_picked":["Perfected Strike","Clothesline"],"picked":"Anger","floor":8},{"not_picked":["Cleave","Sever Soul"],"picked":"Flame Barrier","floor":10},{"not_picked":["Evolve","Clash","Uppercut"],"picked":"SKIP","floor":10},{"not_picked":["Body Slam","Clash"],"picked":"Limit Break","floor":11},{"not_picked":["Dropkick","True Grit"],"picked":"Armaments","floor":12},{"not_picked":["Blood for Blood","Havoc"],"picked":"Iron Wave","floor":12},{"not_picked":["Iron Wave","Sever Soul"],"picked":"Inflame","floor":13},{"not_picked":["Power Through","Pummel"],"picked":"Burning Pact","floor":13},{"not_picked":["Entrench","Berserk"],"picked":"Cleave","floor":14},{"not_picked":["Feed","Fiend Fire"],"picked":"Limit Break","floor":16},{"not_picked":["Headbutt+1","Thunderclap"],"picked":"Flame Barrier","floor":18},{"not_picked":["Body Slam","Twin Strike"],"picked":"Shrug It Off","floor":18},{"not_picked":["True Grit+1","Shrug It Off+1"],"picked":"Juggernaut","floor":19},{"not_picked":["Wild Strike","Thunderclap","Body Slam"],"picked":"SKIP","floor":19},{"not_picked":["Bloodletting","Flex"],"picked":"Pummel","floor":21},{"not_picked":["Rampage","Power Through"],"picked":"Heavy Blade","floor":21},{"not_picked":["Sever Soul","Searing Blow+1"],"picked":"Flame Barrier+1","floor":24},{"not_picked":["Sword Boomerang","Uppercut"],"picked":"Body Slam+1","floor":24},{"not_picked":["Rage","Rampage"],"picked":"Infernal Blade+1","floor":27},{"not_picked":["Flame Barrier","Carnage"],"picked":"Shockwave","floor":27},{"not_picked":["Reckless Charge","Body Slam"],"picked":"Iron Wave","floor":28},{"not_picked":["Entrench","Rampage"],"picked":"Demon Form","floor":29}],"player_experience":377613,"relics_obtained":[{"floor":6,"key":"Oddly Smooth Stone"},{"floor":8,"key":"Prayer Wheel"},{"floor":9,"key":"Bag of Preparation"},{"floor":11,"key":"Calipers"},{"floor":14,"key":"Magic Flower"},{"floor":26,"key":"Vajra"},{"floor":28,"key":"Red Mask"},{"floor":29,"key":"Matryoshka"}],"event_choices":[{"cards_removed":["Flash of Steel"],"damage_healed":0,"gold_gain":0,"player_choice":"Gave Card","damage_taken":0,"relics_obtained":["War Paint"],"max_hp_gain":0,"max_hp_loss":0,"event_name":"WeMeetAgain","floor":2,"gold_loss":0},{"damage_healed":0,"gold_gain":0,"cards_transformed":["Strike_R"],"player_choice":"Transformed","damage_taken":0,"max_hp_gain":0,"max_hp_loss":0,"event_name":"Transmorgrifier","floor":5,"gold_loss":0,"cards_obtained":["Clothesline"]},{"damage_healed":0,"gold_gain":100,"player_choice":"Pray","damage_taken":0,"max_hp_gain":0,"max_hp_loss":0,"event_name":"Golden Shrine","floor":22,"gold_loss":0},{"damage_healed":0,"gold_gain":0,"player_choice":"Fought Bandits","damage_taken":0,"max_hp_gain":0,"max_hp_loss":0,"event_name":"Masked Bandits","floor":28,"gold_loss":0},{"damage_healed":0,"gold_gain":0,"cards_transformed":["Strike_R"],"player_choice":"Transformed","damage_taken":0,"max_hp_gain":0,"max_hp_loss":0,"event_name":"Transmorgrifier","floor":30,"gold_loss":0,"cards_obtained":["Whirlwind"]}],"is_beta":false,"boss_relics":[{"not_picked":["Cursed Key","Black Star"],"picked":"Sozu"}],"items_purged_floors":[],"is_endless":false,"potions_floor_spawned":[3,6,12,16,18,19,28],"killed_by":"Book of Stabbing","ascension_level":4}