{"path_per_floor":["M","?","M","?","M","E","R","E","T","E","?","M","M","$","R","B",null,"M","?","M","?","M","R","M","R","T","$","T","M","R","?","R","B",null,"M","?","$","M","M","R"],"character_chosen":"DEFECT","items_purchased":["Self Repair+1","FTL","Shuriken","Beam Cell"],"gold_per_floor":[20,20,40,115,125,150,150,180,180,205,205,218,234,51,51,156,156,175,175,155,155,172,172,187,187,187,87,158,173,173,173,173,275,305,322,322,15,26,38,38,38],"floor_reached":41,"campfire_rested":1,"playtime":1790,"item_purchase_floors":[14,14,37,37],"current_hp_per_floor":[75,63,56,45,35,18,40,22,22,22,40,38,27,27,27,17,58,67,67,67,67,72,72,72,72,72,72,72,50,50,37,37,32,71,58,58,58,58,51,51,0],"items_purged":["Parasite","Strike_B"],"gold":38,"score":545,"play_id":"43bcdff0-8169-48b3-9b46-945903d04a9e","local_time":"20180606175745","is_prod":false,"is_daily":false,"chose_seed":false,"is_ascension_mode":true,"campfire_upgraded":6,"win_rate":0,"timestamp":1528275465,"campfire_choices":[{"floor":7,"key":"REST"},{"data":"Hologram","floor":15,"key":"SMITH"},{"data":"Chill","floor":23,"key":"SMITH"},{"data":"FTL","floor":25,"key":"SMITH"},{"data":"Gash","floor":30,"key":"SMITH"},{"data":"Zap","floor":32,"key":"SMITH"},{"data":"Beam Cell","floor":40,"key":"SMITH"}],"path_taken":["M","?","M","?","M","E","R","E","T","E","?","M","M","?","R","BOSS","M","?","?","?","M","R","?","R","T","$","?","M","R","?","R","BOSS","M","?","$","M","M","R","E"],"build_version":"2018-05-31","seed_source_timestamp":992921524400065,"purchased_purges":2,"victory":false,"master_deck":["Strike_B","Strike_B","Defend_B","Defend_B","Defend_B","Defend_B","Zap+1","Dualcast","Gash+1","Melter","Ball Lightning","Chill+1","Echo Form+1","Hologram+1","Steam","Glacier","Self Repair+1","FTL+1","Machine Learning+1","Leap","Glacier","Thunder Strike+1","Beam Cell+1","Gash+1","Beam Cell+1"],"max_hp_per_floor":[75,75,75,75,75,75,75,75,75,75,75,75,75,72,72,72,72,72,72,72,72,72,72,72,72,72,72,72,72,72,77,77,77,82,82,82,82,82,82,82,82],"relics":["Cracked Core","Ginger","Art of War","Frozen Egg 2","Cables","Bag of Marbles","Bronze Scales","Nuclear Battery","Letter Opener","Dodecahedron","Tiny House","Shuriken"],"card_choices":[{"not_picked":["Sweeping Beam","Skim"],"picked":"Gash","floor":1},{"not_picked":["Skim","Heatsinks"],"picked":"Melter","floor":3},{"not_picked":["Go for the Eyes","Barrage"],"picked":"Ball Lightning","floor":5},{"not_picked":["Go for the Eyes","Leap"],"picked":"Chill","floor":6},{"not_picked":["Stack","Coolheaded"],"picked":"Echo Form+1","floor":8},{"not_picked":["Loop+1","Barrage"],"picked":"Hologram","floor":10},{"not_picked":["Blizzard","Lockon"],"picked":"Steam","floor":12},{"not_picked":["Conserve Battery","Hologram"],"picked":"Glacier","floor":13},{"not_picked":["Fission","Hyperbeam"],"picked":"Machine Learning+1","floor":16},{"not_picked":["Stack","Darkness"],"picked":"Leap","floor":18},{"not_picked":["Beam Cell+1","Leap"],"picked":"Glacier","floor":20},{"not_picked":["Coolheaded","Streamline"],"picked":"Capacitor+1","floor":22},{"not_picked":["Go for the Eyes","Turbo"],"picked":"Thunder Strike","floor":24},{"not_picked":["Cold Snap+1","Steam Power","Hologram"],"picked":"SKIP","floor":29},{"not_picked":["Go for the Eyes","Doom and Gloom","Compile Driver+1"],"picked":"SKIP","floor":35},{"not_picked":["Chaos+1","Coolheaded"],"picked":"Gash+1","floor":38},{"not_picked":["Hello World+1","Stack+1"],"picked":"Beam Cell+1","floor":39}],"player_experience":495389,"potions_floor_usage":[6,8,33,33,41,41,41],"damage_taken":[{"damage":0,"enemies":"Cultist","floor":1,"turns":3},{"damage":7,"enemies":"Small Slimes","floor":3,"turns":3},{"damage":10,"enemies":"2 Louse","floor":5,"turns":3},{"damage":17,"enemies":"3 Sentries","floor":6,"turns":5},{"damage":18,"enemies":"Lagavulin","floor":8,"turns":5},{"damage":0,"enemies":"3 Sentries","floor":10,"turns":5},{"damage":2,"enemies":"2 Fungi Beasts","floor":12,"turns":2},{"damage":11,"enemies":"3 Louse","floor":13,"turns":2},{"damage":20,"enemies":"Slime Boss","floor":16,"turns":11},{"damage":1,"enemies":"Spheric Guardian","floor":18,"turns":4},{"damage":20,"enemies":"2 Thieves","floor":20,"turns":5},{"damage":2,"enemies":"Centurion and Healer","floor":22,"turns":8},{"damage":11,"enemies":"Chosen and Byrds","floor":24,"turns":8},{"damage":32,"enemies":"Slaver and Parasite","floor":29,"turns":6},{"damage":25,"enemies":"Champ","floor":33,"turns":12},{"damage":33,"enemies":"3 Darklings","floor":35,"turns":7},{"damage":0,"enemies":"Orb Walker","floor":38,"turns":4},{"damage":17,"enemies":"Sphere and 2 Shapes","floor":39,"turns":5},{"damage":51,"enemies":"2 Orb Walkers","floor":41,"turns":2}],"relics_obtained":[{"floor":6,"key":"Frozen Egg 2"},{"floor":8,"key":"Cables"},{"floor":9,"key":"Bag of Marbles"},{"floor":10,"key":"Bronze Scales"},{"floor":26,"key":"Letter Opener"},{"floor":28,"key":"Dodecahedron"}],"event_choices":[{"event_name":"Scrap Ooze","player_choice":"success","floor":2,"damage_taken":12},{"event_name":"World of Goop","player_choice":"Gather Gold","floor":4,"damage_taken":0},{"event_name":"Mushrooms","player_choice":"Healed and dodged fight","floor":11,"damage_taken":0},{"event_name":"Bonfire Elementals","player_choice":"BASIC","floor":19,"damage_taken":0},{"event_name":"Drug Dealer","player_choice":"Ignored","floor":21,"damage_taken":0},{"event_name":"Forgotten Altar","player_choice":"Shed Blood","floor":31,"damage_taken":0}],"boss_relics":[{"not_picked":["Velvet Choker","Eternal Feather"],"picked":"Nuclear Battery"},{"not_picked":["White Beast Statue","Snecko Eye"],"picked":"Tiny House"}],"items_purged_floors":[14,27],"potions_floor_spawned":[3,6,8,12,18,29,33,35],"seed_played":"-2114658591372295085","killed_by":"2 Orb Walkers","ascension_level":5,"potions_obtained":[{"floor":3,"key":"PowerPotion"},{"floor":6,"key":"Fire Potion"},{"floor":8,"key":"FearPotion"},{"floor":12,"key":"Dexterity Potion"},{"floor":18,"key":"EssenceOfSteel"},{"floor":33,"key":"Dexterity Potion"},{"floor":34,"key":"AttackPotion"},{"floor":35,"key":"GamblersBrew"}],"is_trial":false}