{"gold_per_floor":[118,133,149,169,184,184,184,197,243,260,260,140,175,195,195,291,291,307,317,327,337,147,147,147,147,170,180,199,199,50,50,50,150,150,165,178,193,193,193],"floor_reached":39,"playtime":1971,"items_purged":["Defend_R","Strike_R"],"score":408,"play_id":"1b8a46ae-6be6-4bc8-9f5c-b7a2f2856944","local_time":"20190303121437","is_ascension_mode":true,"campfire_choices":[{"data":"Double Tap","floor":6,"key":"SMITH"},{"data":"Inflame","floor":11,"key":"SMITH"},{"floor":15,"key":"REST"},{"floor":23,"key":"REST"},{"data":"Whirlwind","floor":25,"key":"SMITH"},{"data":"Spot Weakness","floor":29,"key":"SMITH"},{"data":"Spot Weakness","floor":32,"key":"SMITH"}],"neow_cost":"PERCENT_DAMAGE","seed_source_timestamp":1610322885699437,"circlet_count":0,"master_deck":["Strike_R","Strike_R+1","Strike_R","Defend_R","Defend_R+1","Shrug It Off","Ghostly Armor","Headbutt","Double Tap+1","Anger","Inflame+1","Spot Weakness+1","Flame Barrier","Reaper","Shrug It Off","Headbutt+1","Cleave","Spot Weakness+1","Whirlwind+1","Impervious"],"relics":["Burning Blood","Smiling Mask","Vajra","Sozu","Boot","PreservedInsect","Runic Pyramid"],"potions_floor_usage":[33,35,39],"damage_taken":[{"damage":6,"enemies":"Cultist","floor":1,"turns":3},{"damage":0,"enemies":"2 Louse","floor":2,"turns":3},{"damage":5,"enemies":"Small Slimes","floor":3,"turns":4},{"damage":2,"enemies":"Exordium Thugs","floor":4,"turns":8},{"damage":0,"enemies":"Looter","floor":5,"turns":3},{"damage":11,"enemies":"Large Slime","floor":8,"turns":6},{"damage":5,"enemies":"3 Louse","floor":10,"turns":4},{"damage":6,"enemies":"Gremlin Nob","floor":13,"turns":3},{"damage":12,"enemies":"Exordium Thugs","floor":14,"turns":3},{"damage":52,"enemies":"Hexaghost","floor":16,"turns":8},{"damage":0,"enemies":"Spheric Guardian","floor":18,"turns":3},{"damage":15,"enemies":"3 Byrds","floor":19,"turns":4},{"damage":17,"enemies":"Shelled Parasite and Fungi","floor":20,"turns":5},{"damage":14,"enemies":"Snake Plant","floor":21,"turns":4},{"damage":11,"enemies":"Centurion and Healer","floor":27,"turns":6},{"damage":4,"enemies":"Cultist and Chosen","floor":28,"turns":5},{"damage":55,"enemies":"Automaton","floor":33,"turns":8},{"damage":28,"enemies":"3 Darklings","floor":35,"turns":4},{"damage":28,"enemies":"3 Shapes","floor":36,"turns":5},{"damage":31,"enemies":"Jaw Worm Horde","floor":37,"turns":5},{"damage":27,"enemies":"Spire Growth","floor":39,"turns":5}],"seed_played":"105790871207589325","potions_obtained":[{"floor":2,"key":"Weak Potion"},{"floor":3,"key":"GamblersBrew"},{"floor":8,"key":"Energy Potion"}],"is_trial":false,"path_per_floor":["M","M","M","M","M","R","?","M","T","M","R","$","E","M","R","B",null,"M","M","M","M","$","R","?","R","T","M","M","R","$","?","R","B",null,"M","M","M","?","M"],"character_chosen":"IRONCLAD","items_purchased":["Spot Weakness","Spot Weakness","Whirlwind","PreservedInsect"],"campfire_rested":2,"item_purchase_floors":[12,22,22,30],"current_hp_per_floor":[56,62,63,67,73,73,57,52,52,53,53,53,53,47,71,25,80,80,71,60,52,52,76,76,76,76,71,73,73,73,73,73,44,80,58,36,11,11,0],"gold":193,"neow_bonus":"REMOVE_TWO","is_prod":false,"is_daily":false,"chose_seed":false,"campfire_upgraded":5,"win_rate":0,"timestamp":1551633277,"path_taken":["M","M","?","M","M","R","?","M","T","M","R","$","E","M","R","BOSS","M","M","M","M","$","R","?","R","T","?","M","R","$","?","R","BOSS","M","M","M","?","M"],"build_version":"2019-01-23","purchased_purges":2,"victory":false,"max_hp_per_floor":[80,80,80,80,80,80,80,80,80,80,80,80,80,80,80,80,80,80,80,80,80,80,80,80,80,80,80,80,80,80,80,80,80,80,80,80,80,80,80],"card_choices":[{"not_picked":["Clothesline","Wild Strike"],"picked":"Shrug It Off","floor":1},{"not_picked":["Clothesline","Disarm"],"picked":"Ghostly Armor","floor":2},{"not_picked":["Iron Wave","Anger"],"picked":"Headbutt","floor":3},{"not_picked":["Havoc","Heavy Blade"],"picked":"Double Tap","floor":4},{"not_picked":["Dropkick","Searing Blow","Rampage"],"picked":"SKIP","floor":5},{"not_picked":["Cleave","Flex"],"picked":"Anger","floor":8},{"not_picked":["Blood for Blood","Havoc"],"picked":"Inflame","floor":10},{"not_picked":["Headbutt","Immolate"],"picked":"Flame Barrier","floor":13},{"not_picked":["Havoc","Perfected Strike","Wild Strike"],"picked":"SKIP","floor":14},{"not_picked":["Feed","Immolate"],"picked":"Reaper","floor":16},{"not_picked":["True Grit+1","Rage+1"],"picked":"Shrug It Off","floor":18},{"not_picked":["Hemokinesis","Iron Wave"],"picked":"Headbutt+1","floor":19},{"not_picked":["Clothesline","Ghostly Armor+1"],"picked":"Cleave","floor":20},{"not_picked":["Reckless Charge","Disarm","Wild Strike"],"picked":"SKIP","floor":21},{"not_picked":["Wild Strike","Clash","Shrug It Off"],"picked":"SKIP","floor":27},{"not_picked":["Immolate","Sword Boomerang","Rage"],"picked":"SKIP","floor":28},{"not_picked":["Fiend Fire","Immolate"],"picked":"Impervious","floor":33},{"not_picked":["Warcry","Battle Trance+1","Body Slam+1"],"picked":"SKIP","floor":35},{"not_picked":["Anger+1","Cleave","True Grit+1"],"picked":"SKIP","floor":36},{"not_picked":["Burning Pact","Sever Soul+1","Second Wind+1"],"picked":"SKIP","floor":37}],"player_experience":501887,"relics_obtained":[{"floor":9,"key":"Smiling Mask"},{"floor":13,"key":"Vajra"},{"floor":26,"key":"Boot"}],"event_choices":[{"damage_healed":0,"gold_gain":0,"player_choice":"Entered Light","damage_taken":16,"max_hp_gain":0,"max_hp_loss":0,"event_name":"Shining Light","floor":7,"gold_loss":0,"cards_upgraded":["Defend_R","Strike_R"]},{"damage_healed":0,"gold_gain":0,"player_choice":"Leave","damage_taken":0,"max_hp_gain":0,"max_hp_loss":0,"event_name":"FaceTrader","floor":24,"gold_loss":0},{"cards_removed":["Bash"],"damage_healed":0,"gold_gain":0,"player_choice":"Elegance","damage_taken":0,"max_hp_gain":0,"max_hp_loss":0,"event_name":"Back to Basics","floor":31,"gold_loss":0},{"damage_healed":0,"gold_gain":0,"player_choice":"Memory 1","damage_taken":0,"max_hp_gain":0,"max_hp_loss":0,"event_name":"SensoryStone","floor":38,"gold_loss":0}],"is_beta":false,"boss_relics":[{"not_picked":["Velvet Choker","Orrery"],"picked":"Sozu"},{"not_picked":["Empty Cage","Fusion Hammer"],"picked":"Runic Pyramid"}],"items_purged_floors":[12,22],"is_endless":false,"potions_floor_spawned":[2,3,8,10,13,18,19,20,35],"killed_by":"Spire Growth","ascension_level":1}