{"gold_per_floor":[117,117,192,192,192,192,37,67,122,34,58,129,154,187,187,310,310,326,156,156,0,14,50,175,175,175,50,69,69,84,84,84,183,183,195,295,310,23,35,51,51,66,117,132,167,17,17,31,31,31,31,31,31,56,56],"floor_reached":55,"playtime":6994,"items_purged":["Injury","Defend_B","Defend_B","Decay"],"score":1188,"play_id":"52a55318-a7c2-4dde-b20e-dc7961240d1f","local_time":"20181128141331","is_ascension_mode":true,"campfire_choices":[{"data":"Zap","floor":6.0,"key":"SMITH"},{"data":"Defragment","floor":15,"key":"SMITH"},{"floor":29,"key":"REST"},{"floor":32,"key":"RECALL"},{"floor":49,"key":"REST"},{"floor":52,"key":"REST"}],"neow_cost":"NONE","seed_source_timestamp":0,"circlet_count":0,"master_deck":["AscendersBane","Strike_B","Strike_B","Defend_B+1","Defend_B+1","Zap+1","Auto Shields","Defragment+1","FTL","Self Repair","Cold Snap","Ball Lightning","Cold Snap","Electrodynamics","Core Surge","White Noise+1","Buffer","Defragment","Rainbow","Streamline","Machine Learning","Hologram+1","BootSequence","Go for the Eyes+1","Redo+1","All For One","Beam Cell+1","Seek","Ball Lightning+1","Decay","Machine Learning","Doom and Gloom+1"],"special_seed":0,"relics":["Cracked Core","Bloody Idol","Odd Mushroom","Regal Pillow","Meat on the Bone","Omamori","Cursed Key","Necronomicon","Singing Bowl","Calipers","Sundial","Dream Catcher","Fusion Hammer","Dead Branch","Cables","Vajra"],"potions_floor_usage":[24,24,33,39,40,40,50],"damage_taken":[{"damage":1.0,"enemies":"Cultist","floor":1.0,"turns":4.0},{"damage":21.0,"enemies":"The Mushroom Lair","floor":8.0,"turns":6.0},{"damage":0.0,"enemies":"Small Slimes","floor":11.0,"turns":3.0},{"damage":24.0,"enemies":"3 Sentries","floor":12.0,"turns":6.0},{"damage":0.0,"enemies":"2 Louse","floor":13.0,"turns":2.0},{"damage":0,"enemies":"Lagavulin","floor":14,"turns":7},{"damage":6,"enemies":"The Guardian","floor":16,"turns":10},{"damage":9,"enemies":"2 Thieves","floor":18,"turns":2},{"damage":3,"enemies":"Shell Parasite","floor":22,"turns":3},{"damage":29,"enemies":"Book of Stabbing","floor":23,"turns":5},{"damage":3,"enemies":"Colosseum Slavers","floor":24,"turns":4},{"damage":40,"enemies":"Colosseum Nobs","floor":24,"turns":5},{"damage":24,"enemies":"Snake Plant","floor":28,"turns":4},{"damage":0,"enemies":"3 Cultists","floor":30,"turns":3},{"damage":37,"enemies":"Automaton","floor":33,"turns":8},{"damage":21,"enemies":"3 Darklings","floor":35,"turns":4},{"damage":0,"enemies":"Orb Walker","floor":37,"turns":3},{"damage":0,"enemies":"Jaw Worm Horde","floor":39,"turns":2},{"damage":7,"enemies":"Transient","floor":40,"turns":5},{"damage":26,"enemies":"Sphere and 2 Shapes","floor":42,"turns":5},{"damage":0,"enemies":"3 Darklings","floor":44,"turns":2},{"damage":26,"enemies":"Nemesis","floor":45,"turns":7},{"damage":0,"enemies":"4 Shapes","floor":48,"turns":2},{"damage":89,"enemies":"Time Eater","floor":50,"turns":10},{"damage":90,"enemies":"Shield and Spear","floor":54,"turns":7},{"damage":41,"enemies":"The Heart","floor":55,"turns":2}],"seed_played":"2105325896973209126","potions_obtained":[{"floor":12.0,"key":"SkillPotion"},{"floor":13,"key":"SneckoOil"},{"floor":23,"key":"SkillPotion"},{"floor":24,"key":"PowerPotion"},{"floor":28,"key":"Poison Potion"},{"floor":37,"key":"SkillPotion"},{"floor":39,"key":"Poison Potion"},{"floor":44,"key":"Regen Potion"}],"is_trial":false,"path_per_floor":["M","?","?","?","?","R","$","?","T","$","M","?","M","?","E","R","B",null,"M","$","?","$","M","E","?","?","T","$","M","R","M","?","R","B",null,"M","?","M","$","M","M","?","M","T","M","E","$","?","M","R","B",null,"R","$","E","B"],"character_chosen":"DEFECT","items_purchased":["Defragment","Self Repair","Cold Snap","Buffer","Defragment","Rainbow","Dead Branch"],"campfire_rested":3,"item_purchase_floors":[7,10,10,19,21,21,38],"current_hp_per_floor":[74,58,47,47,47,47,47,26,26,26,33,28,33,52,52,53,75,66,66,50,50,47,37,32,32,32,32,27,66,68,68,68,55,77,70,75,80,80,87,90,90,76,81,86,74,74,74,88,94,39,80,96,96,30,0],"gold":56,"neow_bonus":"TEN_PERCENT_HP_BONUS","is_prod":false,"is_daily":false,"chose_seed":false,"campfire_upgraded":2,"win_rate":0,"timestamp":1543410811,"path_taken":["M","?","?","?","?","R","$","?","T","$","M","?","?","E","R","BOSS","M","$","?","$","M","E","?","?","T","?","?","R","M","?","R","BOSS","M","?","?","?","M","M","?","?","T","M","E","$","?","M","R","BOSS","R","$","E","BOSS"],"build_version":"2018-11-15","purchased_purges":4,"victory":false,"max_hp_per_floor":[82,82,82,82,82,82,82,82,82,82,82,82,82,82,82,82,82,82,82,82,82,82,82,82,82,82,82,82,82,84,84,84,84,84,86,86,86,86,88,90,90,90,90,90,92,92,92,94,94,94,94,96,96,96,96],"card_choices":[{"not_picked":["Rebound","Lockon"],"picked":"Auto Shields","floor":1.0},{"not_picked":["Gash","Hologram"],"picked":"FTL","floor":8.0},{"not_picked":["Sweeping Beam","Amplify"],"picked":"Ball Lightning","floor":11.0},{"not_picked":["Gash","Steam"],"picked":"Cold Snap","floor":13},{"not_picked":["Compile Driver","Force Field"],"picked":"Electrodynamics","floor":14},{"not_picked":["Amplify","Meteor Strike"],"picked":"Core Surge","floor":16},{"not_picked":["Capacitor","Chill"],"picked":"White Noise+1","floor":18},{"not_picked":["Rebound","Hologram"],"picked":"Streamline","floor":22},{"not_picked":["Lockon","Fusion"],"picked":"Machine Learning","floor":23},{"not_picked":["Defragment","Melter"],"picked":"Hologram+1","floor":24},{"not_picked":["Hologram+1","Turbo"],"picked":"Go for the Eyes+1","floor":28},{"not_picked":["Go for the Eyes","Darkness"],"picked":"Redo+1","floor":29},{"not_picked":["Beam Cell","Ball Lightning","Electrodynamics"],"picked":"Singing Bowl","floor":30},{"not_picked":["Machine Learning","Multi-Cast"],"picked":"All For One","floor":33},{"not_picked":["Sunder","Redo+1","Fusion"],"picked":"Singing Bowl","floor":35},{"not_picked":["Redo","Conserve Battery"],"picked":"Beam Cell+1","floor":37},{"not_picked":["Go for the Eyes+1","Turbo","Rip and Tear+1"],"picked":"Singing Bowl","floor":39},{"not_picked":["Sweeping Beam","Hologram+1","Darkness+1"],"picked":"Singing Bowl","floor":40},{"not_picked":["Conserve Battery","Darkness+1"],"picked":"Seek","floor":42},{"not_picked":["Compile Driver","Rebound"],"picked":"Ball Lightning+1","floor":44},{"not_picked":["Sweeping Beam","Go for the Eyes","Gash+1"],"picked":"Singing Bowl","floor":45},{"not_picked":["Sweeping Beam","Turbo+1","Barrage+1"],"picked":"Singing Bowl","floor":48},{"not_picked":["Gash","Steam+1"],"picked":"Machine Learning","floor":49},{"not_picked":["Gash","Beam Cell+1","Sweeping Beam+1"],"picked":"Singing Bowl","floor":52},{"not_picked":["Hologram+1","Ball Lightning+1"],"picked":"Doom and Gloom+1","floor":54}],"player_experience":569062,"relics_obtained":[{"floor":8.0,"key":"Odd Mushroom"},{"floor":9.0,"key":"Regal Pillow"},{"floor":14,"key":"Omamori"},{"floor":20,"key":"Necronomicon"},{"floor":23,"key":"Singing Bowl"},{"floor":24,"key":"Calipers"},{"floor":24,"key":"Sundial"},{"floor":26,"key":"Dream Catcher"},{"floor":45,"key":"Cables"},{"floor":54,"key":"Vajra"}],"event_choices":[{"damage_healed":0.0,"max_hp_gain":0.0,"max_hp_loss":0.0,"gold_gain":0.0,"event_name":"Shining Light","player_choice":"Entered Light","floor":2.0,"gold_loss":0.0,"damage_taken":16.0,"cards_upgraded":["Defend_B","Defend_B"]},{"damage_healed":0.0,"max_hp_gain":0.0,"max_hp_loss":0.0,"gold_gain":75.0,"event_name":"World of Goop","player_choice":"Gather Gold","floor":3.0,"gold_loss":0.0,"damage_taken":11.0},{"cards_removed":["Strike_B"],"damage_healed":0.0,"max_hp_gain":0.0,"max_hp_loss":0.0,"gold_gain":0.0,"event_name":"Living Wall","player_choice":"Forget","floor":4.0,"gold_loss":0.0,"damage_taken":0.0},{"damage_healed":0.0,"max_hp_gain":0.0,"max_hp_loss":0.0,"gold_gain":0.0,"event_name":"Golden Idol","player_choice":"Take Wound","floor":5.0,"gold_loss":0.0,"damage_taken":0.0,"relics_obtained":["Golden Idol"],"cards_obtained":["Injury"]},{"damage_healed":0.0,"max_hp_gain":0.0,"max_hp_loss":0.0,"gold_gain":0.0,"event_name":"Mushrooms","player_choice":"Fought Mushrooms","floor":8.0,"gold_loss":0.0,"damage_taken":0.0},{"damage_healed":0.0,"max_hp_gain":0.0,"max_hp_loss":0.0,"gold_gain":0.0,"event_name":"Dead Adventurer","player_choice":"Searched \u00272\u0027 times","floor":12.0,"gold_loss":0.0,"damage_taken":0.0,"relics_obtained":["Meat on the Bone"]},{"cards_removed":["Strike_B"],"damage_healed":0,"gold_gain":0,"player_choice":"Card Removal","damage_taken":7,"max_hp_gain":0,"max_hp_loss":0,"event_name":"Golden Wing","floor":13,"gold_loss":0},{"damage_healed":0,"gold_gain":0,"player_choice":"Obtained Book","damage_taken":16,"max_hp_gain":0,"max_hp_loss":0,"event_name":"Cursed Tome","floor":20,"gold_loss":0},{"damage_healed":0,"gold_gain":0,"player_choice":"Fight","damage_taken":0,"max_hp_gain":0,"max_hp_loss":0,"event_name":"Colosseum","floor":24,"gold_loss":0},{"damage_healed":0,"gold_gain":0,"player_choice":"Fought Nobs","damage_taken":0,"max_hp_gain":0,"max_hp_loss":0,"event_name":"Colosseum","floor":24,"gold_loss":0},{"damage_healed":0,"gold_gain":0,"player_choice":"Read","damage_taken":0,"max_hp_gain":0,"max_hp_loss":0,"event_name":"The Library","floor":25,"gold_loss":0,"cards_obtained":["BootSequence"]},{"damage_healed":0,"gold_gain":0,"player_choice":"Gave Idol","damage_taken":0,"relics_obtained":["Bloody Idol"],"max_hp_gain":0,"max_hp_loss":0,"event_name":"Forgotten Altar","floor":31,"relics_lost":["Golden Idol"],"gold_loss":0},{"damage_healed":0,"gold_gain":100,"player_choice":"Pray","damage_taken":0,"max_hp_gain":0,"max_hp_loss":0,"event_name":"Golden Shrine","floor":36,"gold_loss":0},{"cards_removed":["Dualcast"],"damage_healed":0,"gold_gain":0,"player_choice":"Purged","damage_taken":0,"max_hp_gain":0,"max_hp_loss":0,"event_name":"Purifier","floor":41,"gold_loss":0},{"damage_healed":0,"gold_gain":0,"player_choice":"Cursed","damage_taken":0,"max_hp_gain":0,"max_hp_loss":0,"event_name":"Wheel of Change","floor":47,"gold_loss":0,"cards_obtained":["Decay"]}],"is_beta":true,"boss_relics":[{"not_picked":["Ectoplasm","Lizard Tail"],"picked":"Cursed Key"},{"not_picked":["Black Star","Calling Bell"],"picked":"Fusion Hammer"}],"items_purged_floors":[7,19,27,46],"is_endless":false,"potions_floor_spawned":[12,13,14,23,24,28,37,39,44],"killed_by":"The Heart","ascension_level":11}