{"path_per_floor":["M","M","?","?","M","E","R","E","T","E","R","M","M","?","R","B",null,"M","M","M","$","M"],"character_chosen":"IRONCLAD","items_purchased":["Meat on the Bone"],"gold_per_floor":[110,127,127,92,106,145,145,180,180,216,216,235,259,339,339,462,500,525,539,558,233,251,251],"floor_reached":23,"campfire_rested":2,"playtime":763,"current_hp_per_floor":[80,80,60,80,80,60,60,57,57,39,63,49,40,30,54,60,85,77,58,39,39,19,19],"items_purged":["Wild Strike"],"gold":251,"score":289,"play_id":"266d69e2-1c96-409a-8a48-6bd9a1f2ac55","local_time":"20180330032048","is_prod":false,"is_daily":false,"is_ascension_mode":true,"campfire_upgraded":1,"timestamp":1522401648,"path_taken":["M","M","?","?","?","E","R","E","T","E","R","M","M","?","R","BOSS","M","M","M","$","M","E"],"build_version":"2018-03-29v2","purchased_purges":1,"victory":false,"master_deck":["Strike_R+1","Strike_R","Strike_R","Strike_R","Strike_R","Defend_R","Defend_R","Defend_R","Defend_R+1","Bash","Double Tap+1","Pommel Strike","Perfected Strike+1","Spot Weakness","Dual Wield","Rage","Clash","Rampage","Limit Break","Flex","Carnage","Sword Boomerang","Feed"],"max_hp_per_floor":[80,80,80,80,80,80,80,80,80,80,80,80,80,80,80,80,85,85,85,85,85,85,85],"relics":["Burning Blood","NeowsBlessing","Golden Idol","Juzu Bracelet","Happy Flower","Du-Vu Doll","War Paint","Frozen Egg 2","Tiny House","Meat on the Bone"],"card_choices":[{"not_picked":["Clash","Flex"],"picked":"Double Tap","floor":1.0},{"not_picked":["Twin Strike","Whirlwind"],"picked":"Pommel Strike","floor":2.0},{"not_picked":["Havoc","Anger"],"picked":"Perfected Strike","floor":5.0},{"not_picked":["Thunderclap","Anger"],"picked":"Spot Weakness","floor":6.0},{"not_picked":["Heavy Blade","Fire Breathing"],"picked":"Wild Strike","floor":8.0},{"not_picked":["Intimidate","Havoc"],"picked":"Dual Wield","floor":10.0},{"not_picked":["Second Wind","Bludgeon"],"picked":"Rage","floor":12.0},{"not_picked":["Rage","Dropkick"],"picked":"Clash","floor":13.0},{"not_picked":["Disarm","True Grit"],"picked":"Rampage","floor":14.0},{"not_picked":["Offering","Dark Embrace"],"picked":"Limit Break","floor":16.0},{"not_picked":["Second Wind","Heavy Blade"],"picked":"Flex","floor":17.0},{"not_picked":["Dual Wield","Flex"],"picked":"Carnage","floor":18.0},{"not_picked":["Intimidate","Armaments"],"picked":"Sword Boomerang","floor":19.0},{"not_picked":["Thunderclap","Flex"],"picked":"Feed","floor":22.0}],"player_experience":224362,"potions_floor_usage":[],"damage_taken":[{"damage":0.0,"enemies":"Cultist","floor":1.0,"turns":1.0},{"damage":0.0,"enemies":"Small Slimes","floor":2.0,"turns":1.0},{"damage":0.0,"enemies":"Jaw Worm","floor":5.0,"turns":1.0},{"damage":26.0,"enemies":"Lagavulin","floor":6.0,"turns":4.0},{"damage":9.0,"enemies":"3 Sentries","floor":8.0,"turns":5.0},{"damage":24.0,"enemies":"Gremlin Nob","floor":10.0,"turns":4.0},{"damage":20.0,"enemies":"3 Louse","floor":12.0,"turns":2.0},{"damage":15.0,"enemies":"Lots of Slimes","floor":13.0,"turns":4.0},{"damage":16.0,"enemies":"Gremlin Nob","floor":14.0,"turns":3.0},{"damage":0.0,"enemies":"Slime Boss","floor":16.0,"turns":7.0},{"damage":14.0,"enemies":"2 Thieves","floor":18.0,"turns":3.0},{"damage":25.0,"enemies":"3 Byrds","floor":19.0,"turns":6.0},{"damage":25.0,"enemies":"Centurion and Healer","floor":20.0,"turns":5.0},{"damage":38.0,"enemies":"Sentry and Sphere","floor":22.0,"turns":5.0},{"damage":0,"enemies":"Book of Stabbing","floor":23,"turns":1}],"event_choices":[{"event_name":"Golden Idol","player_choice":"Take Damage","floor":3.0,"damage_taken":0.0},{"event_name":"The Cleric","player_choice":"Healed","floor":4.0,"damage_taken":0.0},{"event_name":"Dead Adventurer","player_choice":"Searched \u00271\u0027 times","floor":14.0,"damage_taken":0.0}],"boss_relics":[],"potions_floor_spawned":[5,6,8,12,14,14,16,20,22],"seed_played":"-7242729166129807049","killed_by":"Book of Stabbing","ascension_level":2,"is_trial":false}