{"gold_per_floor":[119,119,119,84,100,100,100,100,125,125,139,160,176,192,192,192],"floor_reached":16,"playtime":616,"items_purged":[],"score":92,"play_id":"0cf5ac59-649d-4cbf-8ac8-68a3a1c76b28","local_time":"20181212171808","is_ascension_mode":false,"campfire_choices":[{"data":"Blade Dance","floor":6,"key":"SMITH"},{"data":"Cloak And Dagger","floor":8,"key":"SMITH"},{"data":"Survivor","floor":10,"key":"SMITH"},{"floor":15,"key":"REST"}],"neow_cost":"TEN_PERCENT_HP_LOSS","seed_source_timestamp":1104879685391504,"circlet_count":0,"master_deck":["Defend_G","Defend_G","Defend_G","Defend_G","Defend_G","Strike_G","Strike_G","Strike_G","Strike_G","Strike_G","Survivor+1","Neutralize","Blade Dance+1","Cloak And Dagger+1","Deflect"],"relics":["Ring of the Snake","The Specimen","Golden Idol","Blood Vial"],"potions_floor_usage":[12,16,16],"damage_taken":[{"damage":0,"enemies":"Jaw Worm","floor":1,"turns":4},{"damage":0,"enemies":"Small Slimes","floor":5,"turns":5},{"damage":0,"enemies":"2 Louse","floor":11,"turns":3},{"damage":4,"enemies":"Gremlin Gang","floor":12,"turns":6},{"damage":10,"enemies":"Looter","floor":13,"turns":4},{"damage":2,"enemies":"Exordium Wildlife","floor":14,"turns":4},{"damage":68,"enemies":"Hexaghost","floor":16,"turns":16}],"seed_played":"-8432750956106806243","potions_obtained":[{"floor":11,"key":"GhostInAJar"},{"floor":12,"key":"GamblersBrew"},{"floor":13,"key":"Swift Potion"}],"is_trial":false,"path_per_floor":["M","$","?","?","M","R","?","R","T","R","M","M","M","M","R","B"],"character_chosen":"THE_SILENT","items_purchased":[],"campfire_rested":1,"item_purchase_floors":[],"current_hp_per_floor":[63,63,48,63,63,63,63,63,63,63,63,59,51,51,63,0],"gold":192,"neow_bonus":"ONE_RARE_RELIC","is_prod":false,"is_daily":false,"chose_seed":false,"campfire_upgraded":3,"win_rate":0.0,"timestamp":1544653088,"path_taken":["M","$","?","?","M","R","?","R","T","R","M","M","M","M","R","BOSS"],"build_version":"2018-12-06","purchased_purges":0,"victory":false,"max_hp_per_floor":[63,63,63,63,63,63,63,63,63,63,63,63,63,63,63,63],"card_choices":[{"not_picked":["Slice","Leg Sweep"],"picked":"Blade Dance","floor":1},{"not_picked":["Terror","Underhanded Strike"],"picked":"Cloak And Dagger","floor":5},{"not_picked":["Acrobatics","Prepared","Dodge and Roll"],"picked":"SKIP","floor":11},{"not_picked":["Slice","Well Laid Plans"],"picked":"Deflect","floor":12},{"not_picked":["Choke","Setup","Heel Hook"],"picked":"SKIP","floor":13},{"not_picked":["Noxious Fumes","Bane","Tactician"],"picked":"SKIP","floor":14}],"player_experience":259819,"relics_obtained":[{"floor":9,"key":"Blood Vial"}],"event_choices":[{"damage_healed":0,"gold_gain":0,"player_choice":"Take Damage","damage_taken":15,"relics_obtained":["Golden Idol"],"max_hp_gain":0,"max_hp_loss":0,"event_name":"Golden Idol","floor":3,"gold_loss":0},{"damage_healed":15,"gold_gain":0,"player_choice":"Healed","damage_taken":0,"max_hp_gain":0,"max_hp_loss":0,"event_name":"The Cleric","floor":4,"gold_loss":35},{"damage_healed":0,"gold_gain":0,"player_choice":"Ignored","damage_taken":0,"max_hp_gain":0,"max_hp_loss":0,"event_name":"NoteForYourself","floor":7,"gold_loss":0}],"is_beta":false,"boss_relics":[],"items_purged_floors":[],"is_endless":false,"potions_floor_spawned":[11,12,13],"killed_by":"Hexaghost","ascension_level":0}