{"gold_per_floor":[217,142,161,178,178,205,216,216,216,216,227,237,65,95,95,192,192,203,203,118,131,144,144,19,19,19,32,32,47,60,78,78,174,174,194,44,44,55,55,55,75,75,75,92,112,132,132,142,142,142],"floor_reached":51,"playtime":2607,"items_purged":["Strike_R","Strike_R","Clash","Defend_R"],"score":665,"play_id":"2fc004c0-1205-4f74-9943-f4b9ba987e62","local_time":"20190110133739","is_ascension_mode":false,"campfire_choices":[{"floor":8,"key":"REST"},{"data":"Shrug It Off","floor":10,"key":"SMITH"},{"data":"Anger","floor":15,"key":"SMITH"},{"data":"Rampage","floor":23,"key":"SMITH"},{"data":"Cleave","floor":25,"key":"SMITH"},{"floor":28,"key":"REST"},{"data":"Inflame","floor":32,"key":"SMITH"},{"data":"Barricade","floor":40,"key":"SMITH"},{"data":"Inflame","floor":42,"key":"SMITH"},{"floor":47,"key":"REST"},{"floor":49,"key":"REST"}],"neow_cost":"NONE","seed_source_timestamp":2158476863996766,"circlet_count":0,"master_deck":["Strike_R","Strike_R","Strike_R","Defend_R","Defend_R","Bash","Cleave+1","Rampage+1","Shrug It Off+1","Warcry","Anger+1","Offering","Shrug It Off+1","Inflame+1","Inflame+1","Fire Breathing+1","Barricade+1","Dual Wield"],"relics":["Burning Blood","Dream Catcher","Letter Opener","Torii","Runic Pyramid","Centennial Puzzle","Mummified Hand","Busted Crown","Bronze Scales"],"potions_floor_usage":[6,16,22,33,50,50,50],"damage_taken":[{"damage":5,"enemies":"Cultist","floor":1,"turns":4},{"damage":7,"enemies":"2 Louse","floor":3,"turns":2},{"damage":5,"enemies":"Small Slimes","floor":4,"turns":3},{"damage":28,"enemies":"Gremlin Nob","floor":6,"turns":4},{"damage":3,"enemies":"3 Louse","floor":7,"turns":3},{"damage":7,"enemies":"Gremlin Gang","floor":11,"turns":4},{"damage":4,"enemies":"2 Fungi Beasts","floor":12,"turns":3},{"damage":15,"enemies":"3 Sentries","floor":14,"turns":6},{"damage":23,"enemies":"Slime Boss","floor":16,"turns":11},{"damage":8,"enemies":"2 Thieves","floor":18,"turns":4},{"damage":11,"enemies":"3 Byrds","floor":21,"turns":4},{"damage":10,"enemies":"Centurion and Healer","floor":22,"turns":6},{"damage":2,"enemies":"3 Cultists","floor":27,"turns":5},{"damage":0,"enemies":"Chosen and Byrds","floor":29,"turns":6},{"damage":7,"enemies":"Cultist and Chosen","floor":30,"turns":6},{"damage":9,"enemies":"3 Cultists","floor":31,"turns":5},{"damage":23,"enemies":"Champ","floor":33,"turns":9},{"damage":1,"enemies":"Orb Walker","floor":35,"turns":3},{"damage":6,"enemies":"3 Shapes","floor":38,"turns":3},{"damage":16,"enemies":"Writhing Mass","floor":41,"turns":5},{"damage":16,"enemies":"4 Shapes","floor":44,"turns":3},{"damage":17,"enemies":"Sphere and 2 Shapes","floor":45,"turns":3},{"damage":17,"enemies":"Spire Growth","floor":46,"turns":3},{"damage":24,"enemies":"4 Shapes","floor":48,"turns":5},{"damage":62,"enemies":"Donu and Deca","floor":50,"turns":8}],"seed_played":"-1271149934141233651","potions_obtained":[{"floor":4,"key":"FearPotion"},{"floor":7,"key":"Dexterity Potion"},{"floor":12,"key":"EssenceOfSteel"},{"floor":21,"key":"PowerPotion"},{"floor":22,"key":"PowerPotion"},{"floor":30,"key":"GamblersBrew"},{"floor":45,"key":"Poison Potion"}],"is_trial":false,"path_per_floor":["M","$","M","M","?","E","M","R","T","R","M","M","$","E","R","B",null,"M","?","?","M","M","R","$","R","T","M","R","M","M","M","R","B",null,"M","$","?","M","$","R","M","R","T","M","M","M","R","M","R","B",null],"character_chosen":"IRONCLAD","items_purchased":["Offering"],"campfire_rested":4,"item_purchase_floors":[13],"current_hp_per_floor":[80,80,79,80,72,50,53,77,77,77,76,78,78,69,69,52,80,78,63,63,58,54,54,54,54,54,58,83,85,84,81,81,64,85,85,85,85,85,85,85,75,75,75,65,54,43,68,50,75,19],"gold":142,"neow_bonus":"HUNDRED_GOLD","is_prod":false,"is_daily":false,"chose_seed":false,"campfire_upgraded":7,"win_rate":0.0,"timestamp":1547145459,"path_taken":["M","$","M","?","?","E","?","R","T","R","M","M","$","E","R","BOSS","M","?","?","M","M","R","$","R","T","M","R","M","M","M","R","BOSS","M","$","?","M","$","R","M","R","T","?","M","M","R","M","R","BOSS"],"build_version":"2019-01-03v4","purchased_purges":4,"victory":true,"max_hp_per_floor":[80,80,80,80,80,80,80,80,80,80,80,80,80,80,80,80,80,80,85,85,85,85,85,85,85,85,85,85,85,85,85,85,85,85,85,85,85,85,85,85,85,85,85,85,85,85,85,85,85,85],"card_choices":[{"not_picked":["Thunderclap","Burning Pact"],"picked":"Cleave","floor":1},{"not_picked":["Perfected Strike","Twin Strike","Hemokinesis"],"picked":"SKIP","floor":3},{"not_picked":["True Grit","Blood for Blood"],"picked":"Clash","floor":4},{"not_picked":["Shockwave","Body Slam"],"picked":"Rampage","floor":6},{"not_picked":["Thunderclap","Rupture","Heavy Blade"],"picked":"SKIP","floor":7},{"not_picked":["Flex","Thunderclap"],"picked":"Shrug It Off","floor":8},{"not_picked":["Uppercut","True Grit"],"picked":"Warcry","floor":11},{"not_picked":["Perfected Strike","Whirlwind"],"picked":"Anger","floor":12},{"not_picked":["Shockwave","Feel No Pain","Shrug It Off"],"picked":"SKIP","floor":14},{"not_picked":["Rage","Headbutt"],"picked":"Shrug It Off+1","floor":18},{"not_picked":["Dropkick","Intimidate"],"picked":"Inflame","floor":21},{"not_picked":["Reckless Charge","Hemokinesis"],"picked":"Inflame","floor":22},{"not_picked":["Pommel Strike","Twin Strike+1","Shrug It Off+1"],"picked":"SKIP","floor":27},{"not_picked":["Warcry","True Grit+1","Wild Strike"],"picked":"SKIP","floor":29},{"not_picked":["Bloodletting","Clothesline"],"picked":"Fire Breathing+1","floor":30},{"not_picked":["Anger","Wild Strike","Rage"],"picked":"SKIP","floor":31},{"not_picked":["Offering","Demon Form"],"picked":"Barricade","floor":33},{"not_picked":["Sever Soul"],"picked":"SKIP","floor":35},{"not_picked":["Second Wind"],"picked":"SKIP","floor":38},{"not_picked":["Thunderclap"],"picked":"SKIP","floor":41},{"not_picked":["Hemokinesis"],"picked":"SKIP","floor":44},{"not_picked":[],"picked":"Dual Wield","floor":45},{"not_picked":["True Grit+1"],"picked":"SKIP","floor":46},{"not_picked":["Blood for Blood"],"picked":"SKIP","floor":48}],"player_experience":30939,"relics_obtained":[{"floor":6,"key":"Dream Catcher"},{"floor":9,"key":"Letter Opener"},{"floor":14,"key":"Torii"},{"floor":26,"key":"Mummified Hand"},{"floor":43,"key":"Bronze Scales"}],"event_choices":[{"damage_healed":0,"gold_gain":0,"player_choice":"Damaged","damage_taken":8,"max_hp_gain":0,"max_hp_loss":0,"event_name":"Wheel of Change","floor":5,"gold_loss":0},{"damage_healed":0,"gold_gain":0,"player_choice":"Shed Blood","damage_taken":20,"max_hp_gain":5,"max_hp_loss":0,"event_name":"Forgotten Altar","floor":19,"gold_loss":0},{"damage_healed":0,"gold_gain":0,"player_choice":"Obtained Relic","damage_taken":0,"relics_obtained":["Centennial Puzzle"],"max_hp_gain":0,"max_hp_loss":0,"event_name":"Addict","floor":20,"gold_loss":85},{"cards_removed":["Defend_R"],"damage_healed":0,"gold_gain":0,"player_choice":"Purged","damage_taken":0,"max_hp_gain":0,"max_hp_loss":0,"event_name":"Purifier","floor":37,"gold_loss":0}],"is_beta":false,"boss_relics":[{"not_picked":["Astrolabe","Orrery"],"picked":"Runic Pyramid"},{"not_picked":["Mark of Pain","Eternal Feather"],"picked":"Busted Crown"}],"items_purged_floors":[2,13,24,36],"is_endless":false,"potions_floor_spawned":[4,7,12,21,22,30,45],"ascension_level":0}