{"gold_per_floor":[112,129,304,320,71,99,125,154,205,27,47,82,82,102,102,207,207,225,100,114,74,52,52,84,84,136,136,153,165,179,64,64,161,161,178,190,190,117,217,244,256,282,294,317,358,27,37,4,4,4],"floor_reached":51,"playtime":4892,"items_purged":["Doubt","Strike_B","Strike_B","Strike_B"],"score":874,"play_id":"ee28bc08-8a6c-4bc5-88c0-11b2b49adfaa","local_time":"20181105212813","is_ascension_mode":true,"campfire_choices":[{"data":"Static Discharge","floor":13,"key":"SMITH"},{"data":"Zap","floor":15,"key":"SMITH"},{"data":"Electrodynamics","floor":23,"key":"SMITH"},{"data":"Chill","floor":25,"key":"SMITH"},{"data":"Defragment","floor":32,"key":"SMITH"},{"floor":41,"key":"REST"},{"floor":49,"key":"REST"}],"neow_cost":"NONE","seed_source_timestamp":2202506926300955,"circlet_count":0,"master_deck":["Strike_B","Defend_B","Defend_B","Defend_B","Defend_B","Zap+1","Dualcast","Chill+1","Self Repair","Electrodynamics+1","Beam Cell","Creative AI","Cold Snap","Static Discharge+1","Core Surge","Ball Lightning","Thunder Strike","Undo","Capacitor","Cold Snap","Hello World+1","Ghostly","Ghostly","Ghostly","Ghostly","Ghostly","Defragment+1","Melter","Echo Form","Blizzard+1","Sweeping Beam+1","Madness","Madness","Heatsinks","Creative AI","Hello World","Turbo+1","Force Field","Sadistic Nature","Recycle+1","White Noise","Creative AI"],"relics":["Cracked Core","Pen Nib","Dream Catcher","PreservedInsect","Art of War","Bag of Marbles","Snecko Eye","Mercury Hourglass","Omamori","Fusion Hammer","Turnip","MawBank","Bottled Lightning","Happy Flower"],"potions_floor_usage":[45,47,47,50,50],"damage_taken":[{"damage":1,"enemies":"Cultist","floor":1,"turns":3},{"damage":4,"enemies":"Jaw Worm","floor":2,"turns":5},{"damage":2,"enemies":"2 Louse","floor":4,"turns":3},{"damage":8,"enemies":"3 Sentries","floor":6,"turns":5},{"damage":27,"enemies":"Gremlin Nob","floor":8,"turns":5},{"damage":9,"enemies":"Exordium Thugs","floor":11,"turns":3},{"damage":10,"enemies":"3 Sentries","floor":12,"turns":2},{"damage":0,"enemies":"Large Slime","floor":14,"turns":2},{"damage":5,"enemies":"The Guardian","floor":16,"turns":8},{"damage":12,"enemies":"Chosen","floor":18,"turns":4},{"damage":6,"enemies":"3 Byrds","floor":20,"turns":3},{"damage":13,"enemies":"Book of Stabbing","floor":24,"turns":3},{"damage":8,"enemies":"Shelled Parasite and Fungi","floor":28,"turns":5},{"damage":6,"enemies":"Snake Plant","floor":29,"turns":4},{"damage":3,"enemies":"Centurion and Healer","floor":30,"turns":8},{"damage":24,"enemies":"Collector","floor":33,"turns":9},{"damage":0,"enemies":"3 Shapes","floor":35,"turns":5},{"damage":6,"enemies":"3 Darklings","floor":36,"turns":5},{"damage":2,"enemies":"Mind Bloom Boss Battle","floor":39,"turns":6},{"damage":1,"enemies":"Nemesis","floor":40,"turns":5},{"damage":0,"enemies":"4 Shapes","floor":42,"turns":4},{"damage":0,"enemies":"Maw","floor":44,"turns":7},{"damage":6,"enemies":"Giant Head","floor":45,"turns":7},{"damage":14,"enemies":"Writhing Mass","floor":47,"turns":5},{"damage":20,"enemies":"Awakened One","floor":50,"turns":7}],"seed_played":"-3394610328402000016","potions_obtained":[{"floor":2,"key":"Swift Potion"},{"floor":12,"key":"Weak Potion"},{"floor":14,"key":"Block Potion"},{"floor":40,"key":"Regen Potion"},{"floor":45,"key":"Block Potion"},{"floor":47,"key":"Regen Potion"}],"is_trial":false,"path_per_floor":["M","M","?","M","$","E","T","E","T","$","M","E","R","M","R","B",null,"M","$","M","$","$","R","E","R","T","?","M","M","M","$","R","B",null,"M","M","?","$","?","E","R","M","T","M","E","$","M","$","R","B",null],"character_chosen":"DEFECT","items_purchased":["Electrodynamics","Beam Cell","Static Discharge","Capacitor","Cold Snap","Defragment","Melter","Heatsinks","Sadistic Nature","White Noise"],"campfire_rested":2,"item_purchase_floors":[5,5,10,21,22,31,31,38,46,48],"current_hp_per_floor":[81,77,77,75,75,74,74,54,54,54,52,42,42,42,42,37,82,70,70,71,71,71,71,65,65,65,41,40,41,41,41,41,17,41,41,41,36,36,41,41,41,41,41,41,35,35,41,41,41,38],"gold":4,"neow_bonus":"TEN_PERCENT_HP_BONUS","is_prod":false,"is_daily":false,"chose_seed":false,"campfire_upgraded":5,"win_rate":0,"timestamp":1541449693,"path_taken":["M","M","?","M","$","E","?","E","T","$","M","E","R","M","R","BOSS","M","$","?","?","$","R","E","R","T","?","M","M","M","$","R","BOSS","M","M","?","$","?","E","R","M","T","M","E","$","M","?","R","BOSS"],"build_version":"2018-11-02","purchased_purges":4,"victory":true,"max_hp_per_floor":[82,82,82,82,82,82,82,82,82,82,82,82,82,82,82,82,82,82,82,82,82,82,82,82,82,82,41,41,41,41,41,41,41,41,41,41,41,41,41,41,41,41,41,41,41,41,41,41,41,41],"card_choices":[{"not_picked":["Stack","Darkness","Steam"],"picked":"SKIP","floor":1},{"not_picked":["Redo","Skim"],"picked":"Chill","floor":2},{"not_picked":["Compile Driver","FTL"],"picked":"Self Repair","floor":4},{"not_picked":["Meteor Strike","Heatsinks"],"picked":"Creative AI","floor":6},{"not_picked":["Lockon","Turbo"],"picked":"Cold Snap","floor":8},{"not_picked":["Aggregate","Streamline","Reprogram"],"picked":"SKIP","floor":11},{"not_picked":["Conserve Battery","Doom and Gloom"],"picked":"Core Surge","floor":12},{"not_picked":["Rebound","Barrage"],"picked":"Ball Lightning","floor":14},{"not_picked":["Machine Learning","Multi-Cast"],"picked":"Thunder Strike","floor":16},{"not_picked":["Sweeping Beam","Beam Cell"],"picked":"Undo","floor":18},{"not_picked":["Sweeping Beam","Streamline","Stack+1"],"picked":"SKIP","floor":20},{"not_picked":["Force Field","Stack"],"picked":"Hello World+1","floor":24},{"not_picked":["Streamline","Rebound","Leap"],"picked":"SKIP","floor":28},{"not_picked":["Streamline","Conserve Battery+1","Beam Cell"],"picked":"SKIP","floor":29},{"not_picked":["Redo","FTL","Streamline"],"picked":"SKIP","floor":30},{"not_picked":["Hyperbeam","Core Surge"],"picked":"Echo Form","floor":33},{"not_picked":["Skim","Hologram+1"],"picked":"Blizzard+1","floor":35},{"not_picked":["Steam","Compile Driver"],"picked":"Sweeping Beam+1","floor":36},{"not_picked":["Steam+1","Leap"],"picked":"Creative AI","floor":40},{"not_picked":["Sweeping Beam","Turbo"],"picked":"Hello World","floor":42},{"not_picked":["FTL","Leap+1"],"picked":"Turbo+1","floor":44},{"not_picked":["Compile Driver+1","Steam+1"],"picked":"Force Field","floor":45},{"not_picked":["Reinforced Body+1","Chill"],"picked":"Recycle+1","floor":47},{"not_picked":["Stack","Redo"],"picked":"Creative AI","floor":49}],"player_experience":229860,"relics_obtained":[{"floor":6,"key":"Pen Nib"},{"floor":7,"key":"Dream Catcher"},{"floor":8,"key":"PreservedInsect"},{"floor":9,"key":"Art of War"},{"floor":12,"key":"Bag of Marbles"},{"floor":24,"key":"Mercury Hourglass"},{"floor":26,"key":"Omamori"},{"floor":39,"key":"Turnip"},{"floor":40,"key":"MawBank"},{"floor":43,"key":"Bottled Lightning"},{"floor":45,"key":"Happy Flower"}],"event_choices":[{"damage_healed":0,"gold_gain":175,"player_choice":"AGREE","damage_taken":0,"max_hp_gain":0,"max_hp_loss":0,"event_name":"Liars Game","floor":3,"gold_loss":0,"cards_obtained":["Doubt"]},{"damage_healed":0,"gold_gain":0,"player_choice":"Became a Ghost","damage_taken":0,"max_hp_gain":0,"max_hp_loss":41,"event_name":"Ghosts","floor":27,"gold_loss":0,"cards_obtained":["Ghostly","Ghostly","Ghostly","Ghostly","Ghostly"]},{"damage_healed":0,"gold_gain":0,"player_choice":"Embrace Madness","damage_taken":5,"max_hp_gain":0,"max_hp_loss":0,"event_name":"Winding Halls","floor":37,"gold_loss":0,"cards_obtained":["Madness","Madness"]},{"damage_healed":0,"gold_gain":0,"player_choice":"Fight","damage_taken":0,"max_hp_gain":0,"max_hp_loss":0,"event_name":"MindBloom","floor":39,"gold_loss":0}],"is_beta":true,"boss_relics":[{"not_picked":["Runic Pyramid","Nuclear Battery"],"picked":"Snecko Eye"},{"not_picked":["Lizard Tail","Inserter"],"picked":"Fusion Hammer"}],"items_purged_floors":[5,10,19,46],"is_endless":false,"potions_floor_spawned":[2,12,14,16,18,28,30,36,40,42,45,47],"ascension_level":3}