{"gold_per_floor":[115,130,150,169,169,169,209,209,232,263,291,331,331,345,345,469,469,488,403,403,416,28,28,28,71,98,98,0,0,15,53,53,183,183,199,169,184,7,7,7,43,62,108,120],"floor_reached":44,"playtime":2575,"items_purged":["Strike_R","Strike_R"],"score":645,"play_id":"231c7770-d075-41d9-a526-9b9b11521259","local_time":"20190220121241","is_ascension_mode":true,"campfire_choices":[{"data":"Flame Barrier","floor":6,"key":"SMITH"},{"data":"Bash","floor":8,"key":"SMITH"},{"data":"Body Slam","floor":15,"key":"SMITH"},{"data":"Barricade","floor":23,"key":"SMITH"},{"data":"True Grit","floor":27,"key":"SMITH"},{"floor":32,"key":"REST"},{"data":"Body Slam","floor":40,"key":"SMITH"}],"neow_cost":"NONE","seed_source_timestamp":220756751973700,"circlet_count":0,"master_deck":["Strike_R+1","Strike_R+1","Defend_R","Defend_R","Defend_R","Defend_R","Bash+1","Flame Barrier+1","Shrug It Off","Evolve","Clothesline","Pommel Strike","Cleave","Body Slam+1","Barricade+1","Reckless Charge","Feed","Armaments+1","True Grit+1","Entrench+1","Body Slam+1","Thunderclap+1","Disarm","Immolate","Flame Barrier"],"relics":["Burning Blood","Golden Idol","Whetstone","Art of War","Potion Belt","Odd Mushroom","Oddly Smooth Stone","Philosopher\u0027s Stone","Bag of Preparation","Bottled Tornado","Juzu Bracelet","Omamori","Nunchaku","Mark of Pain","Dream Catcher","MawBank"],"potions_floor_usage":[7,7,11,25,25,31,42,44,44,44],"damage_taken":[{"damage":1,"enemies":"Cultist","floor":1,"turns":3},{"damage":6,"enemies":"Jaw Worm","floor":2,"turns":5},{"damage":3,"enemies":"2 Louse","floor":3,"turns":6},{"damage":12,"enemies":"Looter","floor":4,"turns":4},{"damage":19,"enemies":"Lagavulin","floor":7,"turns":9},{"damage":18,"enemies":"Gremlin Nob","floor":10,"turns":5},{"damage":0,"enemies":"The Mushroom Lair","floor":11,"turns":3},{"damage":11,"enemies":"3 Sentries","floor":12,"turns":6},{"damage":14,"enemies":"Exordium Thugs","floor":14,"turns":6},{"damage":16,"enemies":"Slime Boss","floor":16,"turns":12},{"damage":15,"enemies":"Spheric Guardian","floor":18,"turns":4},{"damage":4,"enemies":"Shell Parasite","floor":21,"turns":6},{"damage":38,"enemies":"Book of Stabbing","floor":25,"turns":7},{"damage":9,"enemies":"Cultist and Chosen","floor":30,"turns":5},{"damage":23,"enemies":"Slavers","floor":31,"turns":6},{"damage":31,"enemies":"Collector","floor":33,"turns":11},{"damage":10,"enemies":"3 Darklings","floor":35,"turns":6},{"damage":1,"enemies":"3 Shapes","floor":37,"turns":6},{"damage":12,"enemies":"Nemesis","floor":41,"turns":5},{"damage":69,"enemies":"Transient","floor":42,"turns":5},{"damage":45,"enemies":"Reptomancer","floor":44,"turns":7}],"seed_played":"8784094342674758550","potions_obtained":[{"floor":2,"key":"Block Potion"},{"floor":4,"key":"Fire Potion"},{"floor":7,"key":"Weak Potion"},{"floor":10,"key":"Explosive Potion"},{"floor":12,"key":"Block Potion"},{"floor":16,"key":"AttackPotion"},{"floor":30,"key":"GamblersBrew"},{"floor":33,"key":"Poison Potion"},{"floor":36,"key":"BloodPotion"},{"floor":36,"key":"Energy Potion"},{"floor":42,"key":"PowerPotion"}],"is_trial":false,"path_per_floor":["M","M","M","M","?","R","E","R","T","E","?","E","?","M","R","B",null,"M","?","?","M","$","R","?","E","T","R","?","?","M","E","R","B",null,"M","?","M","$","$","R","E","M","T","E"],"character_chosen":"IRONCLAD","items_purchased":["Bottled Tornado","Entrench","Flame Barrier"],"campfire_rested":1,"item_purchase_floors":[22,22,38],"current_hp_per_floor":[80,80,80,74,54,54,41,41,41,29,35,30,56,48,48,38,80,74,74,74,80,80,80,80,48,48,48,48,48,45,31,58,36,93,89,89,96,96,96,96,90,27,27,0],"gold":120,"neow_bonus":"THREE_CARDS","is_prod":false,"is_daily":false,"chose_seed":false,"campfire_upgraded":6,"win_rate":0,"timestamp":1550682761,"path_taken":["M","M","M","M","?","R","E","R","T","E","?","E","?","M","R","BOSS","M","?","?","?","$","R","?","E","T","R","?","?","M","E","R","BOSS","M","?","M","?","$","R","E","M","T","E"],"build_version":"2019-02-06","purchased_purges":2,"victory":false,"max_hp_per_floor":[80,80,80,80,80,80,80,80,80,80,80,80,80,80,80,80,80,83,83,83,87,87,87,87,87,87,87,87,87,87,90,90,93,93,93,93,96,96,96,96,96,96,96,96],"card_choices":[{"not_picked":["Rupture","Hemokinesis"],"picked":"Flame Barrier","floor":0},{"not_picked":["Body Slam","Pommel Strike"],"picked":"Shrug It Off","floor":1},{"not_picked":["Pommel Strike","Armaments"],"picked":"Evolve","floor":2},{"not_picked":["Rupture","Anger"],"picked":"Clothesline","floor":3},{"not_picked":["Havoc","Dark Embrace"],"picked":"Pommel Strike","floor":4},{"not_picked":["Havoc","Shrug It Off"],"picked":"Cleave","floor":7},{"not_picked":["Sword Boomerang","Warcry","Havoc"],"picked":"SKIP","floor":10},{"not_picked":["Shrug It Off","Second Wind"],"picked":"Body Slam","floor":11},{"not_picked":["Fire Breathing","Wild Strike"],"picked":"Barricade","floor":12},{"not_picked":["Cleave","Perfected Strike"],"picked":"Reckless Charge","floor":14},{"not_picked":["Double Tap","Bludgeon"],"picked":"Feed","floor":16},{"not_picked":["Blood for Blood","Rupture+1"],"picked":"Armaments+1","floor":18},{"not_picked":["Evolve","Headbutt","Iron Wave"],"picked":"SKIP","floor":21},{"not_picked":["Wild Strike","Ghostly Armor"],"picked":"Body Slam","floor":25},{"not_picked":["Havoc+1","Shrug It Off"],"picked":"Thunderclap+1","floor":30},{"not_picked":["Bloodletting","Inflame"],"picked":"Disarm","floor":31},{"not_picked":["Reaper","Brutality"],"picked":"Immolate","floor":33},{"not_picked":["Sentinel+1","Cleave","Wild Strike"],"picked":"SKIP","floor":35},{"not_picked":["Hemokinesis+1","Sword Boomerang+1","Thunderclap"],"picked":"SKIP","floor":37},{"not_picked":["Bloodletting+1","Perfected Strike+1","Heavy Blade"],"picked":"SKIP","floor":41},{"not_picked":["Warcry","Heavy Blade","Dual Wield+1"],"picked":"SKIP","floor":42}],"player_experience":532321,"relics_obtained":[{"floor":7,"key":"Whetstone"},{"floor":9,"key":"Art of War"},{"floor":10,"key":"Potion Belt"},{"floor":11,"key":"Odd Mushroom"},{"floor":12,"key":"Oddly Smooth Stone"},{"floor":25,"key":"Juzu Bracelet"},{"floor":26,"key":"Omamori"},{"floor":31,"key":"Nunchaku"},{"floor":41,"key":"Dream Catcher"},{"floor":43,"key":"MawBank"}],"event_choices":[{"damage_healed":0,"gold_gain":0,"player_choice":"Take Damage","damage_taken":20,"relics_obtained":["Golden Idol"],"max_hp_gain":0,"max_hp_loss":0,"event_name":"Golden Idol","floor":5,"gold_loss":0},{"damage_healed":0,"gold_gain":0,"player_choice":"Fought Mushrooms","damage_taken":0,"max_hp_gain":0,"max_hp_loss":0,"event_name":"Mushrooms","floor":11,"gold_loss":0},{"damage_healed":26,"gold_gain":0,"player_choice":"Banana","damage_taken":0,"max_hp_gain":0,"max_hp_loss":0,"event_name":"Big Fish","floor":13,"gold_loss":0},{"damage_healed":0,"gold_gain":0,"player_choice":"Obtained Relic","damage_taken":0,"relics_obtained":["Bag of Preparation"],"max_hp_gain":0,"max_hp_loss":0,"event_name":"Addict","floor":19,"gold_loss":85},{"damage_healed":0,"gold_gain":0,"player_choice":"Read","damage_taken":0,"max_hp_gain":0,"max_hp_loss":0,"event_name":"The Library","floor":20,"gold_loss":0,"cards_obtained":["True Grit"]},{"cards_removed":["Strike_R"],"damage_healed":0,"gold_gain":0,"player_choice":"Offered Basic","damage_taken":0,"max_hp_gain":0,"max_hp_loss":0,"event_name":"Bonfire Elementals","floor":24,"gold_loss":0},{"damage_healed":0,"gold_gain":0,"player_choice":"Paid Fearfully","damage_taken":0,"max_hp_gain":0,"max_hp_loss":0,"event_name":"Masked Bandits","floor":28,"gold_loss":98},{"damage_healed":0,"gold_gain":0,"player_choice":"Forge","damage_taken":0,"max_hp_gain":0,"max_hp_loss":0,"event_name":"Accursed Blacksmith","floor":29,"gold_loss":0,"cards_upgraded":["Entrench"]},{"damage_healed":0,"gold_gain":0,"player_choice":"Bought 2 Potions","damage_taken":0,"max_hp_gain":0,"max_hp_loss":0,"event_name":"The Woman in Blue","floor":36,"gold_loss":0}],"is_beta":true,"boss_relics":[{"not_picked":["Snecko Eye","Coffee Dripper"],"picked":"Philosopher\u0027s Stone"},{"not_picked":["Velvet Choker","Runic Cube"],"picked":"Mark of Pain"}],"items_purged_floors":[22,38],"is_endless":false,"potions_floor_spawned":[2,4,7,10,12,16,30,33,42],"killed_by":"Reptomancer","ascension_level":4}