{"gold_per_floor":[115,115,139,164,339,382,382,382],"floor_reached":8,"playtime":350,"items_purged":[],"score":70,"play_id":"02e051f5-f55c-4177-bd3f-941e977bbac0","local_time":"20190129193137","is_ascension_mode":true,"campfire_choices":[{"data":"Zap","floor":7.0,"key":"SMITH"}],"neow_cost":"PERCENT_DAMAGE","seed_source_timestamp":487102476557443,"circlet_count":0,"master_deck":["Strike_B","Strike_B","Defend_B","Defend_B","Defend_B","Defend_B","Zap+1","Dualcast","Defragment","Conserve Battery","Auto Shields","Doubt","Auto Shields"],"special_seed":0,"relics":["Cracked Core","Golden Idol","StoneCalendar"],"potions_floor_usage":[8,8],"damage_taken":[{"damage":1.0,"enemies":"Cultist","floor":1.0,"turns":3.0},{"damage":2.0,"enemies":"2 Louse","floor":3.0,"turns":2.0},{"damage":3.0,"enemies":"Small Slimes","floor":4.0,"turns":4.0},{"damage":18.0,"enemies":"3 Sentries","floor":6.0,"turns":9.0},{"damage":58,"enemies":"Gremlin Nob","floor":8,"turns":4}],"seed_played":"-5484988859851885890","potions_obtained":[{"floor":1.0,"key":"LiquidBronze"},{"floor":3.0,"key":"Fire Potion"},{"floor":6.0,"key":"Fire Potion"}],"is_trial":false,"path_per_floor":["M","?","M","M","?","E","R","E"],"character_chosen":"DEFECT","items_purchased":[],"campfire_rested":0,"item_purchase_floors":[],"current_hp_per_floor":[53,53,51,48,48,30,30,0],"gold":382,"neow_bonus":"REMOVE_TWO","is_prod":false,"is_daily":false,"chose_seed":false,"campfire_upgraded":1,"win_rate":0,"timestamp":1548808297,"path_taken":["M","?","M","M","?","E","R","E"],"build_version":"2019-01-23","purchased_purges":0,"victory":false,"max_hp_per_floor":[75,69,69,69,69,69,69,69],"card_choices":[{"not_picked":["Go for the Eyes","Melter"],"picked":"Defragment","floor":1.0},{"not_picked":["Beam Cell","Streamline"],"picked":"Conserve Battery","floor":3.0},{"not_picked":["Darkness","Stack"],"picked":"Auto Shields","floor":4.0},{"not_picked":["Blizzard","Aggregate"],"picked":"Auto Shields","floor":6.0}],"player_experience":236936,"relics_obtained":[{"floor":6.0,"key":"StoneCalendar"}],"event_choices":[{"damage_healed":0.0,"max_hp_gain":0.0,"max_hp_loss":6.0,"gold_gain":0.0,"event_name":"Golden Idol","player_choice":"Lose Max HP","floor":2.0,"gold_loss":0.0,"damage_taken":0.0,"relics_obtained":["Golden Idol"]},{"damage_healed":0.0,"max_hp_gain":0.0,"max_hp_loss":0.0,"gold_gain":175.0,"event_name":"Liars Game","player_choice":"AGREE","floor":5.0,"gold_loss":0.0,"damage_taken":0.0,"cards_obtained":["Doubt"]}],"is_beta":false,"boss_relics":[],"items_purged_floors":[],"is_endless":false,"potions_floor_spawned":[1,3,6],"killed_by":"Gremlin Nob","ascension_level":5}