{"gold_per_floor":[111,111,62,62,62,62,62,86,112,132,132,146,181,181,181,310,310,323,48,61,86,105,105,140,164,210,241,259,259,284,304,304,432,432,455,455,19,19,19,49,70,86,113,113,126,126,51,51],"floor_reached":48,"playtime":1545,"items_purged":["Doubt"],"score":599,"play_id":"80ca8f2e-db4f-458e-8b25-4ef7e0b012f5","local_time":"20190126155455","is_ascension_mode":true,"campfire_choices":[{"floor":6,"key":"RECALL"},{"data":"Flex","floor":11,"key":"SMITH"},{"floor":15,"key":"REST"},{"floor":23,"key":"REST"},{"floor":29,"key":"REST"},{"floor":32,"key":"REST"},{"floor":40,"key":"DIG"},{"floor":44,"key":"DIG"}],"neow_cost":"PERCENT_DAMAGE","seed_source_timestamp":1527430158690495,"circlet_count":0,"master_deck":["Strike_R","Strike_R","Strike_R","Strike_R","Strike_R","Defend_R","Defend_R","Defend_R","Defend_R","Bash","Twin Strike","Flex+1","Power Through","Cleave","Cleave","Demon Form+1","Immolate","Clothesline+1","Heavy Blade","Heavy Blade","Anger","Inflame","Whirlwind","Inflame+1","Injury","Sword Boomerang","Perfected Strike","Twin Strike","Pommel Strike+1","Reaper","Thunderclap+1","Whirlwind","Dramatic Entrance","Warcry+1","Flex+1","Decay","Immolate"],"relics":["Burning Blood","Nunchaku","Golden Idol","Pocketwatch","Vajra","Cursed Key","Bottled Tornado","Shovel","Art of War","Kunai","Runic Pyramid","Mummified Hand","Bronze Scales","Paper Frog","Tiny Chest","Omamori","Centennial Puzzle"],"potions_floor_usage":[24,27,28,42,48,48],"damage_taken":[{"damage":14,"enemies":"Jaw Worm","floor":1,"turns":5},{"damage":0,"enemies":"Small Slimes","floor":8,"turns":3},{"damage":0,"enemies":"2 Louse","floor":10,"turns":2},{"damage":0,"enemies":"Looter","floor":12,"turns":2},{"damage":16,"enemies":"Lagavulin","floor":13,"turns":5},{"damage":0,"enemies":"Slime Boss","floor":16,"turns":6},{"damage":18,"enemies":"Shell Parasite","floor":18,"turns":4},{"damage":22,"enemies":"2 Thieves","floor":20,"turns":3},{"damage":12,"enemies":"Chosen and Byrds","floor":21,"turns":4},{"damage":7,"enemies":"Cultist and Chosen","floor":22,"turns":4},{"damage":18,"enemies":"Book of Stabbing","floor":24,"turns":3},{"damage":14,"enemies":"Centurion and Healer","floor":25,"turns":4},{"damage":23,"enemies":"Gremlin Leader","floor":27,"turns":4},{"damage":7,"enemies":"Snake Plant","floor":28,"turns":4},{"damage":19,"enemies":"Chosen and Byrds","floor":30,"turns":5},{"damage":0,"enemies":"Sentry and Sphere","floor":31,"turns":3},{"damage":15,"enemies":"Collector","floor":33,"turns":5},{"damage":11,"enemies":"Orb Walker","floor":35,"turns":2},{"damage":19,"enemies":"3 Darklings","floor":41,"turns":3},{"damage":33,"enemies":"Transient","floor":42,"turns":5},{"damage":30,"enemies":"Maw","floor":45,"turns":5},{"damage":52,"enemies":"Writhing Mass","floor":48,"turns":3}],"seed_played":"-6090787992482752288","potions_obtained":[{"floor":10,"key":"Poison Potion"},{"floor":13,"key":"EssenceOfSteel"},{"floor":20,"key":"Swift Potion"},{"floor":22,"key":"FearPotion"},{"floor":27,"key":"Block Potion"},{"floor":30,"key":"Swift Potion"},{"floor":33,"key":"BloodPotion"},{"floor":36,"key":"PowerPotion"},{"floor":36,"key":"AttackPotion"},{"floor":45,"key":"Ancient Potion"}],"is_trial":false,"path_per_floor":["M","?","$","?","?","R","?","M","T","M","R","M","E","?","R","B",null,"M","$","M","M","M","R","E","M","T","E","M","R","M","M","R","B",null,"M","?","$","T","?","R","M","M","T","R","M","?","$","M"],"character_chosen":"IRONCLAD","items_purchased":["Flex","Bottled Tornado","Heavy Blade","Mummified Hand","Bronze Scales","Whirlwind"],"campfire_rested":4,"item_purchase_floors":[3,19,19,37,37,37],"current_hp_per_floor":[48,48,48,48,23,23,47,53,53,59,59,65,55,55,74,74,74,62,62,46,40,39,61,49,41,41,24,23,45,32,38,60,51,74,69,69,69,69,69,69,56,47,47,47,46,46,46,0],"gold":51,"neow_bonus":"ONE_RARE_RELIC","is_prod":false,"is_daily":false,"chose_seed":false,"campfire_upgraded":1,"win_rate":0,"timestamp":1548536095,"path_taken":["M","?","$","?","?","R","?","M","T","M","R","M","E","?","R","BOSS","M","$","M","M","M","R","E","M","T","E","M","R","M","M","R","BOSS","M","?","$","?","?","R","M","M","T","R","M","?","$","?"],"build_version":"2019-01-23","purchased_purges":1,"victory":false,"max_hp_per_floor":[80,80,80,74,74,74,74,74,74,74,74,74,74,74,74,74,74,74,74,74,74,74,74,74,74,74,74,74,74,74,74,74,74,74,74,74,74,74,74,74,74,74,74,74,74,74,74,74],"card_choices":[{"not_picked":["Havoc","Fire Breathing"],"picked":"Twin Strike","floor":1},{"not_picked":["Dual Wield","Shrug It Off"],"picked":"Power Through","floor":8},{"not_picked":["Corruption","Perfected Strike"],"picked":"Cleave","floor":10},{"not_picked":["Havoc","Bloodletting"],"picked":"Cleave","floor":12},{"not_picked":["Spot Weakness","Dropkick"],"picked":"Demon Form","floor":13},{"not_picked":["Impervious","Offering"],"picked":"Immolate","floor":16},{"not_picked":["Dual Wield","Hemokinesis"],"picked":"Clothesline+1","floor":18},{"not_picked":["Clash","Pommel Strike"],"picked":"Heavy Blade","floor":20},{"not_picked":["Second Wind","Evolve"],"picked":"Anger","floor":21},{"not_picked":["Clash","Thunderclap"],"picked":"Inflame","floor":22},{"not_picked":["Thunderclap","Dual Wield"],"picked":"Whirlwind","floor":24},{"not_picked":["Clash","Warcry"],"picked":"Inflame+1","floor":25},{"not_picked":["Disarm","Havoc"],"picked":"Sword Boomerang","floor":27},{"not_picked":["Juggernaut","Sever Soul"],"picked":"Perfected Strike","floor":28},{"not_picked":["Flex","Shrug It Off"],"picked":"Twin Strike","floor":30},{"not_picked":["Dual Wield","Iron Wave"],"picked":"Pommel Strike+1","floor":31},{"not_picked":["Impervious","Brutality"],"picked":"Reaper","floor":33},{"not_picked":["Feel No Pain+1","Pommel Strike"],"picked":"Thunderclap+1","floor":35},{"not_picked":["Sadistic Nature","HandOfGreed"],"picked":"Dramatic Entrance","floor":39},{"not_picked":["True Grit","Clothesline+1"],"picked":"Warcry+1","floor":41},{"not_picked":["Ghostly Armor+1","Twin Strike+1"],"picked":"Flex+1","floor":42},{"not_picked":["Shrug It Off","Reckless Charge+1"],"picked":"Immolate","floor":45}],"player_experience":106518,"relics_obtained":[{"floor":13,"key":"Vajra"},{"floor":24,"key":"Shovel"},{"floor":26,"key":"Art of War"},{"floor":27,"key":"Kunai"},{"floor":38,"key":"Paper Frog"},{"floor":40,"key":"Tiny Chest"},{"floor":43,"key":"Omamori"},{"floor":44,"key":"Centennial Puzzle"}],"event_choices":[{"damage_healed":0,"gold_gain":0,"player_choice":"Ignored","damage_taken":0,"max_hp_gain":0,"max_hp_loss":0,"event_name":"Golden Wing","floor":2,"gold_loss":0},{"damage_healed":0,"gold_gain":0,"player_choice":"Lose Max HP","damage_taken":0,"relics_obtained":["Golden Idol"],"max_hp_gain":0,"max_hp_loss":6,"event_name":"Golden Idol","floor":4,"gold_loss":0},{"damage_healed":0,"gold_gain":0,"player_choice":"Success","damage_taken":25,"relics_obtained":["Pocketwatch"],"max_hp_gain":0,"max_hp_loss":0,"event_name":"Scrap Ooze","floor":5,"gold_loss":0},{"damage_healed":24,"gold_gain":0,"player_choice":"Banana","damage_taken":0,"max_hp_gain":0,"max_hp_loss":0,"event_name":"Big Fish","floor":7,"gold_loss":0},{"damage_healed":0,"gold_gain":0,"player_choice":"Leave","damage_taken":0,"max_hp_gain":0,"max_hp_loss":0,"event_name":"The Cleric","floor":14,"gold_loss":0},{"damage_healed":0,"gold_gain":0,"player_choice":"Got Potions","damage_taken":0,"max_hp_gain":0,"max_hp_loss":0,"event_name":"Lab","floor":36,"gold_loss":0},{"damage_healed":0,"gold_gain":0,"player_choice":"Memory 1","damage_taken":0,"max_hp_gain":0,"max_hp_loss":0,"event_name":"SensoryStone","floor":39,"gold_loss":0},{"damage_healed":0,"gold_gain":0,"player_choice":"Forge","damage_taken":0,"max_hp_gain":0,"max_hp_loss":0,"event_name":"Accursed Blacksmith","floor":46,"gold_loss":0,"cards_upgraded":["Demon Form"]}],"is_beta":false,"boss_relics":[{"not_picked":["Lizard Tail","Runic Cube"],"picked":"Cursed Key"},{"not_picked":["Empty Cage","Tiny House"],"picked":"Runic Pyramid"}],"items_purged_floors":[47],"is_endless":false,"potions_floor_spawned":[10,13,20,22,27,30,33,35,45],"killed_by":"Writhing Mass","ascension_level":2}