{"gold_per_floor":[110,127,139,151,171,171,205,205,205,231,231,263,42,62,62,162,162,177,197,210,228,228,228,260,260,286,286,305,305,330,348,348,450,450,463,473,488,488,488],"floor_reached":39,"playtime":2480,"items_purged":["Strike_B"],"score":517,"play_id":"daab8758-93be-441f-b531-92de21635e0e","local_time":"20190219094021","is_ascension_mode":true,"campfire_choices":[{"data":"Zap","floor":6.0,"key":"SMITH"},{"data":"Electrodynamics","floor":8.0,"key":"SMITH"},{"data":"Genetic Algorithm","floor":11.0,"key":"SMITH"},{"data":"Dualcast","floor":15.0,"key":"SMITH"},{"floor":23.0,"key":"REST"},{"data":"Echo Form","floor":25.0,"key":"SMITH"},{"data":"BootSequence","floor":27.0,"key":"SMITH"},{"floor":32.0,"key":"REST"}],"neow_cost":"TEN_PERCENT_HP_LOSS","seed_source_timestamp":0,"circlet_count":0,"master_deck":["Defend_B","Defend_B","Defend_B","Defend_B","Zap+1","Dualcast+1","Electrodynamics+1","Conserve Battery","Genetic Algorithm+1","Redo","FTL","Capacitor","BootSequence+1","Genetic Algorithm","Creative AI","Echo Form+1","Force Field","Amplify","Machine Learning","Storm+1","Capacitor+1","All For One","Tempest","Thunder Strike","Fusion","Leap+1","Barrage+1","Aggregate+1","Double Energy","Madness"],"special_seed":0,"relics":["Cracked Core","PreservedInsect","Pear","Regal Pillow","Prayer Wheel","Bag of Preparation","Inserter","Juzu Bracelet","Smiling Mask","Bronze Scales","Empty Cage"],"potions_floor_usage":[],"damage_taken":[{"damage":4.0,"enemies":"Small Slimes","floor":1.0,"turns":4.0},{"damage":1.0,"enemies":"Cultist","floor":2.0,"turns":3.0},{"damage":3.0,"enemies":"2 Louse","floor":3.0,"turns":3.0},{"damage":2.0,"enemies":"Exordium Wildlife","floor":4.0,"turns":2.0},{"damage":7.0,"enemies":"Looter","floor":5.0,"turns":3.0},{"damage":6.0,"enemies":"3 Sentries","floor":7.0,"turns":3.0},{"damage":16.0,"enemies":"Gremlin Nob","floor":10.0,"turns":3.0},{"damage":0.0,"enemies":"3 Sentries","floor":12.0,"turns":2.0},{"damage":0.0,"enemies":"Large Slime","floor":14.0,"turns":4.0},{"damage":32.0,"enemies":"Hexaghost","floor":16.0,"turns":11.0},{"damage":15.0,"enemies":"3 Byrds","floor":18.0,"turns":4.0},{"damage":22.0,"enemies":"Spheric Guardian","floor":19.0,"turns":5.0},{"damage":17.0,"enemies":"Snecko","floor":20.0,"turns":8.0},{"damage":8.0,"enemies":"Cultist and Chosen","floor":21.0,"turns":6.0},{"damage":24.0,"enemies":"Slavers","floor":24.0,"turns":3.0},{"damage":17.0,"enemies":"Centurion and Healer","floor":28.0,"turns":6.0},{"damage":2.0,"enemies":"Book of Stabbing","floor":30.0,"turns":5.0},{"damage":11.0,"enemies":"Snake Plant","floor":31.0,"turns":3.0},{"damage":41.0,"enemies":"Champ","floor":33.0,"turns":9.0},{"damage":1.0,"enemies":"Orb Walker","floor":35.0,"turns":4.0},{"damage":20.0,"enemies":"3 Shapes","floor":36.0,"turns":5.0},{"damage":39.0,"enemies":"3 Darklings","floor":37.0,"turns":5.0},{"damage":24,"enemies":"Sphere and 2 Shapes","floor":39,"turns":2}],"seed_played":"-9094241344973343136","potions_obtained":[{"floor":2.0,"key":"LiquidBronze"},{"floor":3.0,"key":"Energy Potion"},{"floor":5.0,"key":"Poison Potion"},{"floor":12.0,"key":"Regen Potion"},{"floor":19.0,"key":"GamblersBrew"},{"floor":24.0,"key":"SkillPotion"},{"floor":33.0,"key":"Fruit Juice"},{"floor":35.0,"key":"Poison Potion"},{"floor":37.0,"key":"FearPotion"}],"is_trial":false,"path_per_floor":["M","M","M","M","M","R","E","R","T","E","R","E","$","M","R","B",null,"M","M","M","M","?","R","E","R","T","R","M","?","E","M","R","B",null,"M","M","M","?","M"],"character_chosen":"DEFECT","items_purchased":["Bag of Preparation"],"campfire_rested":2,"item_purchase_floors":[13],"current_hp_per_floor":[64,63,60,58,51,51,45,45,55,39,39,39,39,39,39,7,78,63,50,33,25,25,63,39,39,39,39,22,22,20,9,47,6,78,82,62,23,23,0],"gold":488,"neow_bonus":"THREE_RARE_CARDS","is_prod":false,"is_daily":false,"chose_seed":false,"campfire_upgraded":6,"win_rate":0,"timestamp":1550558421,"path_taken":["M","M","M","M","M","R","E","R","T","E","R","E","$","M","R","BOSS","M","M","M","M","?","R","E","R","T","R","M","?","E","M","R","BOSS","M","M","M","?","M"],"build_version":"2019-01-23","purchased_purges":1,"victory":false,"max_hp_per_floor":[68,68,68,68,68,68,68,68,78,78,78,78,78,78,78,78,78,78,78,78,78,78,78,78,78,78,78,78,78,78,78,78,78,78,83,83,83,83,83],"card_choices":[{"not_picked":["Reboot","Buffer"],"picked":"Electrodynamics","floor":0.0},{"not_picked":["Beam Cell","Lockon"],"picked":"Conserve Battery","floor":1.0},{"not_picked":["Go for the Eyes","Stack"],"picked":"Genetic Algorithm","floor":2.0},{"not_picked":["Gash","Conserve Battery"],"picked":"Redo","floor":3.0},{"not_picked":["Force Field","Compile Driver"],"picked":"FTL","floor":4.0},{"not_picked":["Streamline","Chill"],"picked":"Capacitor","floor":5.0},{"not_picked":["Streamline","Compile Driver","Redo"],"picked":"SKIP","floor":7.0},{"not_picked":["Electrodynamics","Leap"],"picked":"BootSequence","floor":10.0},{"not_picked":["Doom and Gloom","Go for the Eyes","Steam"],"picked":"SKIP","floor":12.0},{"not_picked":["Sweeping Beam","Leap"],"picked":"Genetic Algorithm","floor":14.0},{"not_picked":["Gash","Aggregate","Go for the Eyes"],"picked":"SKIP","floor":14.0},{"not_picked":["Buffer","Thunder Strike"],"picked":"Creative AI","floor":16.0},{"not_picked":["Stack","Hello World","Sweeping Beam"],"picked":"SKIP","floor":18.0},{"not_picked":["Aggregate","Compile Driver","Sweeping Beam"],"picked":"SKIP","floor":18.0},{"not_picked":["Redo","Go for the Eyes"],"picked":"Echo Form","floor":19.0},{"not_picked":["Recycle","Glacier","Heatsinks"],"picked":"SKIP","floor":19.0},{"not_picked":["Rip and Tear","Leap"],"picked":"Force Field","floor":20.0},{"not_picked":["Steam","Melter","Stack+1"],"picked":"SKIP","floor":20.0},{"not_picked":["Steam","Melter","Stack+1"],"picked":"SKIP","floor":20.0},{"not_picked":["Sweeping Beam","Leap+1"],"picked":"Amplify","floor":21.0},{"not_picked":["Sweeping Beam","Beam Cell","Static Discharge"],"picked":"SKIP","floor":21.0},{"not_picked":["Rip and Tear+1","Rebound","Sunder"],"picked":"SKIP","floor":24.0},{"not_picked":["Sweeping Beam","Streamline+1"],"picked":"Storm+1","floor":28.0},{"not_picked":["Static Discharge","Genetic Algorithm+1"],"picked":"Capacitor+1","floor":28.0},{"not_picked":["Gash","Cold Snap"],"picked":"All For One","floor":30.0},{"not_picked":["Steam","Barrage"],"picked":"Tempest","floor":31.0},{"not_picked":["Conserve Battery","Barrage","Go for the Eyes"],"picked":"SKIP","floor":31.0},{"not_picked":["Multi-Cast","Meteor Strike"],"picked":"Thunder Strike","floor":33.0},{"not_picked":["Tempest","Sweeping Beam"],"picked":"Fusion","floor":35.0},{"not_picked":["Conserve Battery+1","Cold Snap","Skim"],"picked":"SKIP","floor":35.0},{"not_picked":["Stack","Self Repair"],"picked":"Leap+1","floor":36.0},{"not_picked":["Steam+1","Static Discharge+1"],"picked":"Barrage+1","floor":36.0},{"not_picked":["Steam Power+1","Hyperbeam"],"picked":"Aggregate+1","floor":37.0},{"not_picked":["Static Discharge","Streamline"],"picked":"Double Energy","floor":37.0},{"not_picked":["HandOfGreed","Violence"],"picked":"Madness","floor":38.0}],"player_experience":318595,"relics_obtained":[{"floor":7.0,"key":"PreservedInsect"},{"floor":9.0,"key":"Pear"},{"floor":10.0,"key":"Regal Pillow"},{"floor":12.0,"key":"Prayer Wheel"},{"floor":24.0,"key":"Juzu Bracelet"},{"floor":26.0,"key":"Smiling Mask"},{"floor":30.0,"key":"Bronze Scales"}],"event_choices":[{"damage_healed":0.0,"max_hp_gain":0.0,"max_hp_loss":0.0,"gold_gain":0.0,"event_name":"Match and Keep!","player_choice":"1 cards matched","floor":22.0,"gold_loss":0.0,"damage_taken":0.0,"cards_obtained":["Machine Learning"]},{"cards_removed":["Strike_B"],"damage_healed":0.0,"max_hp_gain":0.0,"max_hp_loss":0.0,"gold_gain":0.0,"event_name":"Back to Basics","player_choice":"Elegance","floor":29.0,"gold_loss":0.0,"damage_taken":0.0},{"damage_healed":0.0,"max_hp_gain":0.0,"max_hp_loss":0.0,"gold_gain":0.0,"event_name":"SensoryStone","player_choice":"Memory 1","floor":38.0,"gold_loss":0.0,"damage_taken":0.0}],"is_beta":false,"boss_relics":[{"not_picked":["Astrolabe","Runic Dome"],"picked":"Inserter"},{"not_picked":["Velvet Choker","Cursed Key"],"picked":"Empty Cage"}],"items_purged_floors":[13],"is_endless":false,"potions_floor_spawned":[2,3,5,12,18,19,24,33,35,37],"killed_by":"Sphere and 2 Shapes","ascension_level":2}