{"gold_per_floor":[114,114,124,124,141,141,158,168,168,188,113,63,63,81,81,155,155,167,186,111,91,102,135,135,145,145,156,156,81,92,104,104,104],"floor_reached":33,"playtime":1365,"items_purged":["Defend_R"],"score":526,"play_id":"2935a8e5-ebbb-4fc3-a8e1-59fbe9fac09a","local_time":"20181120004926","is_ascension_mode":true,"campfire_choices":[{"data":"Whirlwind","floor":6.0,"key":"SMITH"},{"floor":13.0,"key":"REST"},{"data":"Demon Form","floor":15.0,"key":"SMITH"},{"floor":24.0,"key":"REST"},{"floor":28.0,"key":"REST"},{"floor":32.0,"key":"REST"}],"neow_cost":"PERCENT_DAMAGE","seed_source_timestamp":49175836294961,"circlet_count":0,"master_deck":["AscendersBane","Defend_R","Defend_R","Defend_R","Bash","Reaper","Ghostly Armor","Whirlwind+1","Ghostly Armor","Metallicize","Demon Form+1","Shrug It Off","Fiend Fire","Thunderclap+1","Headbutt+1","Flame Barrier+1","True Grit","Metallicize+1","Metallicize","Flame Barrier+1"],"special_seed":0,"relics":["Burning Blood","Shuriken","Astrolabe","Centennial Puzzle","Turnip"],"potions_floor_usage":[33],"damage_taken":[{"damage":9.0,"enemies":"Jaw Worm","floor":1.0,"turns":4.0},{"damage":21.0,"enemies":"Small Slimes","floor":3.0,"turns":6.0},{"damage":18.0,"enemies":"Cultist","floor":5.0,"turns":5.0},{"damage":12.0,"enemies":"Looter","floor":7.0,"turns":4.0},{"damage":2.0,"enemies":"2 Fungi Beasts","floor":8.0,"turns":3.0},{"damage":2.0,"enemies":"Lots of Slimes","floor":10.0,"turns":2.0},{"damage":15.0,"enemies":"Exordium Thugs","floor":14.0,"turns":7.0},{"damage":51.0,"enemies":"Hexaghost","floor":16.0,"turns":11.0},{"damage":8.0,"enemies":"3 Byrds","floor":18.0,"turns":4.0},{"damage":14.0,"enemies":"Spheric Guardian","floor":19.0,"turns":8.0},{"damage":36.0,"enemies":"Snake Plant","floor":22.0,"turns":7.0},{"damage":7.0,"enemies":"Gremlin Leader","floor":23.0,"turns":6.0},{"damage":28.0,"enemies":"Sentry and Sphere","floor":25.0,"turns":7.0},{"damage":21.0,"enemies":"Snecko","floor":27.0,"turns":5.0},{"damage":44.0,"enemies":"Cultist and Chosen","floor":30.0,"turns":7.0},{"damage":13.0,"enemies":"Centurion and Healer","floor":31.0,"turns":10.0},{"damage":72,"enemies":"Automaton","floor":33,"turns":6}],"seed_played":"-5938621262389127532","potions_obtained":[{"floor":3.0,"key":"SpeedPotion"},{"floor":4.0,"key":"Weak Potion"},{"floor":7.0,"key":"Swift Potion"},{"floor":19.0,"key":"GamblersBrew"},{"floor":21.0,"key":"Swift Potion"},{"floor":22.0,"key":"Swift Potion"},{"floor":27.0,"key":"Swift Potion"}],"is_trial":false,"path_per_floor":["M","?","M","?","M","R","M","M","T","M","?","$","R","M","R","B",null,"M","M","?","?","M","E","R","M","T","M","R","$","M","M","R","B"],"character_chosen":"IRONCLAD","items_purchased":["Shrug It Off"],"campfire_rested":4,"item_purchase_floors":[12],"current_hp_per_floor":[51,51,40,40,34,34,28,32,32,36,36,36,58,52,52,22,62,60,52,52,52,22,21,43,21,21,13,35,35,11,12,34,0],"gold":104,"neow_bonus":"THREE_RARE_CARDS","is_prod":false,"is_daily":false,"chose_seed":false,"campfire_upgraded":2,"win_rate":0,"timestamp":1542703766,"path_taken":["M","?","M","?","?","R","M","M","T","M","?","$","R","M","R","BOSS","M","M","?","?","M","E","R","M","T","M","R","$","?","?","R","BOSS"],"build_version":"2018-11-15","purchased_purges":1,"victory":false,"max_hp_per_floor":[75,75,75,75,75,75,75,75,75,75,75,75,75,75,75,75,75,75,75,75,75,75,75,75,75,75,75,75,75,75,75,75,75],"card_choices":[{"not_picked":["Fiend Fire","Double Tap"],"picked":"Reaper","floor":0.0},{"not_picked":["Warcry","Cleave"],"picked":"Ghostly Armor","floor":1.0},{"not_picked":["Armaments","Sentinel"],"picked":"Whirlwind","floor":3.0},{"not_picked":["Headbutt","Havoc"],"picked":"Ghostly Armor","floor":5.0},{"not_picked":["Blood for Blood","Heavy Blade"],"picked":"Metallicize","floor":7.0},{"not_picked":["Anger","Clothesline","Rage"],"picked":"SKIP","floor":8.0},{"not_picked":["True Grit","Power Through"],"picked":"Demon Form","floor":10.0},{"not_picked":["True Grit","Power Through","Fire Breathing"],"picked":"SKIP","floor":14.0},{"not_picked":["Immolate","Berserk"],"picked":"Fiend Fire","floor":16.0},{"not_picked":["Iron Wave","Rage","Clash"],"picked":"SKIP","floor":18.0},{"not_picked":["Burning Pact","Twin Strike","Entrench"],"picked":"SKIP","floor":19.0},{"not_picked":["Cleave","Anger+1"],"picked":"True Grit","floor":22.0},{"not_picked":["Clash","Anger"],"picked":"Metallicize+1","floor":23.0},{"not_picked":["Iron Wave","Inflame","Twin Strike"],"picked":"SKIP","floor":25.0},{"not_picked":["Anger","Havoc+1","Sword Boomerang"],"picked":"SKIP","floor":27.0},{"not_picked":["Twin Strike","Bloodletting+1"],"picked":"Metallicize","floor":30.0},{"not_picked":["Iron Wave","Perfected Strike"],"picked":"Flame Barrier+1","floor":31.0}],"player_experience":658044,"relics_obtained":[{"floor":9.0,"key":"Shuriken"},{"floor":23.0,"key":"Centennial Puzzle"},{"floor":26.0,"key":"Turnip"}],"event_choices":[{"damage_healed":0.0,"max_hp_gain":0.0,"max_hp_loss":0.0,"gold_gain":0.0,"cards_transformed":["Strike_R"],"event_name":"Living Wall","player_choice":"Change","floor":2.0,"gold_loss":0.0,"damage_taken":0.0,"cards_obtained":["Havoc"]},{"damage_healed":0.0,"max_hp_gain":0.0,"max_hp_loss":0.0,"gold_gain":0.0,"event_name":"Lab","player_choice":"Got Potions","floor":4.0,"gold_loss":0.0,"damage_taken":0.0},{"cards_removed":["Havoc"],"damage_healed":0.0,"max_hp_gain":0.0,"max_hp_loss":0.0,"gold_gain":0.0,"event_name":"The Cleric","player_choice":"Card Removal","floor":11.0,"gold_loss":75.0,"damage_taken":0.0},{"cards_removed":["Strike_R"],"damage_healed":0.0,"max_hp_gain":0.0,"max_hp_loss":0.0,"gold_gain":0.0,"event_name":"Beggar","player_choice":"Gave Gold","floor":20.0,"gold_loss":75.0,"damage_taken":0.0},{"damage_healed":0.0,"max_hp_gain":0.0,"max_hp_loss":0.0,"gold_gain":0.0,"event_name":"The Woman in Blue","player_choice":"Bought 1 Potion","floor":21.0,"gold_loss":0.0,"damage_taken":0.0}],"is_beta":false,"boss_relics":[{"not_picked":["Empty Cage","Runic Dome"],"picked":"Astrolabe"}],"items_purged_floors":[29],"is_endless":false,"potions_floor_spawned":[3,7,8,14,19,22,27],"killed_by":"Automaton","ascension_level":20}