{"gold_per_floor":[117,117,130,43,43,76,76,1,1,1,11,11,11,28,28,124,124,143,143,143,157,157,184,197,74,74,74,34,34,99,119,119,214,214,230,105,187,206,139,139,155,155,155,155,185,185,219,219],"floor_reached":48,"playtime":3252,"items_purged":["Strike_G","Strike_G","Strike_G"],"score":601,"play_id":"a34a3cf9-f2ef-4c93-9952-d8c09358b1b9","local_time":"20190211222358","is_ascension_mode":true,"campfire_choices":[{"data":"Neutralize","floor":7,"key":"SMITH"},{"data":"Noxious Fumes","floor":10,"key":"SMITH"},{"data":"Bane","floor":12,"key":"SMITH"},{"data":"Survivor","floor":15,"key":"SMITH"},{"data":"Defend_G","floor":27,"key":"SMITH"},{"floor":29,"key":"REST"},{"floor":32,"key":"REST"},{"floor":40,"key":"RECALL"},{"data":"Catalyst","floor":42,"key":"SMITH"}],"neow_cost":"NONE","seed_source_timestamp":197689363693976,"circlet_count":0,"master_deck":["Defend_G+1","Defend_G","Defend_G","Defend_G","Defend_G","Survivor+1","Neutralize+1","Noxious Fumes+1","Bane+1","Deadly Poison","Noxious Fumes+1","Poisoned Stab","Deflect+1","Poisoned Stab+1","Noxious Fumes+1","Bane","Catalyst+1","After Image","Noxious Fumes","Catalyst"],"relics":["Ring of the Snake","Juzu Bracelet","Potion Belt","Vajra","Empty Cage","Paper Crane","Sundial","Mummified Hand","Tiny Chest","Velvet Choker","Ninja Scroll","Bottled Tornado","PreservedInsect"],"potions_floor_usage":[23,30,30,33,33,41,46,47,47,47],"damage_taken":[{"damage":0,"enemies":"2 Louse","floor":1,"turns":3},{"damage":0,"enemies":"Jaw Worm","floor":3,"turns":3},{"damage":20,"enemies":"Lagavulin","floor":6,"turns":6},{"damage":0,"enemies":"Cultist","floor":11,"turns":3},{"damage":2,"enemies":"3 Louse","floor":14,"turns":3},{"damage":19,"enemies":"The Guardian","floor":16,"turns":8},{"damage":0,"enemies":"Chosen","floor":18,"turns":4},{"damage":4,"enemies":"3 Byrds","floor":21,"turns":4},{"damage":8,"enemies":"Book of Stabbing","floor":23,"turns":6},{"damage":7,"enemies":"Shelled Parasite and Fungi","floor":24,"turns":5},{"damage":32,"enemies":"Slavers","floor":30,"turns":4},{"damage":3,"enemies":"Chosen and Byrds","floor":31,"turns":3},{"damage":52,"enemies":"Automaton","floor":33,"turns":7},{"damage":2,"enemies":"Orb Walker","floor":35,"turns":3},{"damage":14,"enemies":"3 Darklings","floor":38,"turns":4},{"damage":2,"enemies":"Maw","floor":41,"turns":6},{"damage":22,"enemies":"Giant Head","floor":45,"turns":7},{"damage":0,"enemies":"Jaw Worm Horde","floor":46,"turns":1},{"damage":23,"enemies":"Reptomancer","floor":47,"turns":4},{"damage":27,"enemies":"3 Darklings","floor":48,"turns":2}],"seed_played":"-4816374984241448000","potions_obtained":[{"floor":14,"key":"GamblersBrew"},{"floor":18,"key":"PowerPotion"},{"floor":21,"key":"GamblersBrew"},{"floor":23,"key":"GamblersBrew"},{"floor":28,"key":"SpeedPotion"},{"floor":28,"key":"SmokeBomb"},{"floor":28,"key":"Regen Potion"},{"floor":33,"key":"Regen Potion"},{"floor":35,"key":"Strength Potion"},{"floor":41,"key":"Ancient Potion"},{"floor":45,"key":"PowerPotion"}],"is_trial":false,"path_per_floor":["M","?","M","$","?","E","R","$","T","R","M","R","$","M","R","B",null,"M","T","$","M","?","E","M","$","T","R","?","R","E","M","R","B",null,"M","$","T","M","$","R","M","R","T","?","E","M","E","M"],"character_chosen":"THE_SILENT","items_purchased":["Noxious Fumes","Poisoned Stab","Bane","Noxious Fumes"],"campfire_rested":2,"item_purchase_floors":[4,4,25,39],"current_hp_per_floor":[70,70,70,70,67,47,47,47,47,47,47,47,47,45,45,26,70,70,70,70,66,66,58,51,51,51,51,51,70,50,47,68,16,70,68,68,68,54,54,54,67,67,67,66,44,44,21,0],"gold":219,"neow_bonus":"THREE_CARDS","is_prod":false,"is_daily":false,"chose_seed":false,"campfire_upgraded":6,"win_rate":0,"timestamp":1549931038,"path_taken":["M","?","M","$","?","E","R","?","T","R","M","R","$","M","R","BOSS","M","?","$","M","?","E","M","$","T","R","?","R","E","M","R","BOSS","M","$","?","M","$","R","M","R","T","?","E","M","E","M"],"build_version":"2019-01-23","purchased_purges":3,"victory":false,"max_hp_per_floor":[70,70,70,70,70,70,70,70,70,70,70,70,70,70,70,70,70,70,70,70,70,70,70,70,70,70,70,70,70,70,70,70,70,70,70,70,70,70,70,70,70,70,70,66,66,66,66,66],"card_choices":[{"not_picked":["Poisoned Stab","Dagger Throw"],"picked":"Noxious Fumes","floor":0},{"not_picked":["Dagger Spray","PiercingWail"],"picked":"Bane","floor":1},{"not_picked":["Dagger Throw","Outmaneuver"],"picked":"Deadly Poison","floor":3},{"not_picked":["Underhanded Strike","Deflect","Dagger Throw"],"picked":"SKIP","floor":6},{"not_picked":["Backstab","Deadly Poison","Acrobatics"],"picked":"SKIP","floor":11},{"not_picked":["Quick Slash","Acrobatics","Backflip"],"picked":"SKIP","floor":14},{"not_picked":["Dodge and Roll","Masterful Stab"],"picked":"Deflect+1","floor":18},{"not_picked":["Dash","Backflip"],"picked":"Poisoned Stab+1","floor":21},{"not_picked":["Cloak And Dagger","Caltrops","Accuracy"],"picked":"SKIP","floor":23},{"not_picked":["Blade Dance+1","Finisher","Calculated Gamble"],"picked":"SKIP","floor":24},{"not_picked":["Cloak And Dagger+1","Underhanded Strike","Deadly Poison"],"picked":"SKIP","floor":30},{"not_picked":["Bane","Acrobatics"],"picked":"Catalyst","floor":31},{"not_picked":["Malaise","Storm of Steel"],"picked":"After Image","floor":33},{"not_picked":["Poisoned Stab+1","Dash+1","Skewer+1"],"picked":"SKIP","floor":35},{"not_picked":["Concentrate","Backflip","Bane"],"picked":"SKIP","floor":38},{"not_picked":["Underhanded Strike","Slice+1"],"picked":"Catalyst","floor":41},{"not_picked":["Poisoned Stab+1","Deadly Poison+1","Prepared+1"],"picked":"SKIP","floor":45},{"not_picked":["Endless Agony","Predator","Flying Knee+1"],"picked":"SKIP","floor":47}],"player_experience":95339,"relics_obtained":[{"floor":6,"key":"Potion Belt"},{"floor":9,"key":"Vajra"},{"floor":19,"key":"Paper Crane"},{"floor":23,"key":"Sundial"},{"floor":26,"key":"Mummified Hand"},{"floor":30,"key":"Tiny Chest"},{"floor":43,"key":"Ninja Scroll"},{"floor":45,"key":"Bottled Tornado"},{"floor":47,"key":"PreservedInsect"}],"event_choices":[{"damage_healed":0,"gold_gain":0,"player_choice":"Grow","damage_taken":0,"max_hp_gain":0,"max_hp_loss":0,"event_name":"Living Wall","floor":2,"gold_loss":0,"cards_upgraded":["Noxious Fumes"]},{"damage_healed":0,"gold_gain":0,"player_choice":"Success","damage_taken":3,"relics_obtained":["Juzu Bracelet"],"max_hp_gain":0,"max_hp_loss":0,"event_name":"Scrap Ooze","floor":5,"gold_loss":0},{"damage_healed":0,"gold_gain":0,"player_choice":"Copied","damage_taken":0,"max_hp_gain":0,"max_hp_loss":0,"event_name":"Duplicator","floor":22,"gold_loss":0,"cards_obtained":["Noxious Fumes"]},{"damage_healed":0,"gold_gain":0,"player_choice":"Bought 3 Potions","damage_taken":0,"max_hp_gain":0,"max_hp_loss":0,"event_name":"The Woman in Blue","floor":28,"gold_loss":0},{"damage_healed":0,"gold_gain":0,"player_choice":"Max HP","damage_taken":0,"max_hp_gain":0,"max_hp_loss":4,"event_name":"Winding Halls","floor":44,"gold_loss":0}],"is_beta":false,"boss_relics":[{"not_picked":["Philosopher\u0027s Stone","Runic Dome"],"picked":"Empty Cage"},{"not_picked":["Sozu","Lizard Tail"],"picked":"Velvet Choker"}],"items_purged_floors":[8,25,36],"is_endless":false,"potions_floor_spawned":[14,18,21,23,33,35,41,45],"killed_by":"3 Darklings","ascension_level":1}