{"gold_per_floor":[110,130,205,205,222,254,254,280,280,280,128,142,142,161,161,234,234,248,265,265,276,276,276],"floor_reached":23,"playtime":998,"items_purged":["Strike_B"],"score":502,"play_id":"efbe6df0-ee2f-42ca-9af9-c5e6b66ae795","local_time":"20190121123405","is_ascension_mode":true,"campfire_choices":[{"floor":7,"key":"REST"},{"data":"Chaos","floor":10,"key":"SMITH"},{"data":"Chaos","floor":13,"key":"SMITH"},{"data":"Hologram","floor":15,"key":"SMITH"}],"neow_cost":"NONE","seed_source_timestamp":1069637487255163,"circlet_count":0,"master_deck":["AscendersBane","Strike_B","Defend_B","Defend_B","Defend_B","Defend_B","Zap+1","Dualcast","Coolheaded","Glacier","Chaos+1","Echo Form","Chaos+1","Lockon","Compile Driver","Hologram+1","Biased Cognition","Loop","Reprogram","Reboot","Darkness"],"relics":["Cracked Core","NeowsBlessing","Ancient Tea Set","Meat on the Bone","Boot","Black Star"],"potions_floor_usage":[8,23],"damage_taken":[{"damage":0,"enemies":"Cultist","floor":1,"turns":1},{"damage":0,"enemies":"Small Slimes","floor":2,"turns":1},{"damage":0,"enemies":"2 Louse","floor":5,"turns":1},{"damage":29,"enemies":"Lagavulin","floor":6,"turns":10},{"damage":9,"enemies":"3 Sentries","floor":8,"turns":9},{"damage":1,"enemies":"Looter","floor":12,"turns":3},{"damage":0,"enemies":"3 Louse","floor":14,"turns":4},{"damage":0,"enemies":"The Guardian","floor":16,"turns":9},{"damage":1,"enemies":"Chosen","floor":18,"turns":4},{"damage":16,"enemies":"Shell Parasite","floor":19,"turns":5},{"damage":17,"enemies":"Shelled Parasite and Fungi","floor":21,"turns":8},{"damage":32,"enemies":"Book of Stabbing","floor":23,"turns":5}],"seed_played":"5737018919921317876","potions_obtained":[{"floor":5,"key":"LiquidBronze"},{"floor":12,"key":"EssenceOfSteel"},{"floor":21,"key":"SneckoOil"}],"is_trial":false,"path_per_floor":["M","?","?","M","?","?"],"character_chosen":"DEFECT","items_purchased":["Lockon"],"campfire_rested":1,"item_purchase_floors":[11],"current_hp_per_floor":[64,64,53,53,53,24,45,36,36,36,36,47,47,47,47,47,65,64,48,48,43,43,11],"gold":276,"neow_bonus":"THREE_ENEMY_KILL","is_prod":false,"is_daily":false,"chose_seed":false,"campfire_upgraded":3,"win_rate":0,"timestamp":1548092045,"path_taken":["M","?","?","?","?","E","R","E","T","R","$","M","R","M","R","BOSS","M","M","?","M","?","E"],"build_version":"2019-01-20","purchased_purges":1,"victory":false,"max_hp_per_floor":[71,71,71,71,71,71,71,71,71,71,71,71,71,71,71,71,71,71,71,71,71,71,71],"card_choices":[{"not_picked":["Redo","Skim"],"picked":"Coolheaded","floor":1},{"not_picked":["Steam Power","Melter"],"picked":"Glacier","floor":2},{"not_picked":["Redo","Steam"],"picked":"Chaos","floor":5},{"not_picked":["Ball Lightning","Darkness"],"picked":"Echo Form","floor":6},{"not_picked":["Fission","Conserve Battery"],"picked":"Chaos","floor":8},{"not_picked":["Go for the Eyes","Gash"],"picked":"Compile Driver","floor":12},{"not_picked":["Stack","Go for the Eyes"],"picked":"Hologram","floor":14},{"not_picked":["Fission","Seek"],"picked":"Biased Cognition","floor":16},{"not_picked":["Hologram","Barrage","Ball Lightning"],"picked":"SKIP","floor":18},{"not_picked":["Consume","Gash"],"picked":"Loop","floor":19},{"not_picked":["Go for the Eyes","Rebound"],"picked":"Darkness","floor":21}],"player_experience":478280,"relics_obtained":[{"floor":6,"key":"Ancient Tea Set"},{"floor":8,"key":"Meat on the Bone"},{"floor":9,"key":"Boot"}],"event_choices":[{"damage_healed":0,"gold_gain":75,"player_choice":"Gather Gold","damage_taken":11,"max_hp_gain":0,"max_hp_loss":0,"event_name":"World of Goop","floor":3,"gold_loss":0},{"damage_healed":0,"gold_gain":0,"player_choice":"Forge","damage_taken":0,"max_hp_gain":0,"max_hp_loss":0,"event_name":"Accursed Blacksmith","floor":4,"gold_loss":0,"cards_upgraded":["Zap"]},{"damage_healed":0,"gold_gain":0,"cards_transformed":["Strike_B","Strike_B"],"player_choice":"Became Test Subject","damage_taken":0,"max_hp_gain":0,"max_hp_loss":0,"event_name":"Drug Dealer","floor":20,"gold_loss":0,"cards_obtained":["Reprogram","Reboot"]},{"damage_healed":0,"gold_gain":0,"player_choice":"Ignored","damage_taken":0,"max_hp_gain":0,"max_hp_loss":0,"event_name":"The Mausoleum","floor":22,"gold_loss":0}],"is_beta":true,"boss_relics":[{"not_picked":["Tiny House","Runic Pyramid"],"picked":"Black Star"}],"items_purged_floors":[11],"is_endless":false,"potions_floor_spawned":[5,12,21],"killed_by":"Book of Stabbing","ascension_level":20}