{"path_per_floor":["M","M","?","M","M","R","?","$","T","M","R","M","M","?","R","B",null,"M","?","$","M","?","E","R","E","T","?","$","R","M","M","R","B",null,"M","?","M","M","M","M","R","M","T","E","M","R","M","M","R"],"character_chosen":"IRONCLAD","items_purchased":["Rupture","Toxic Egg 2"],"gold_per_floor":[118,132,232,246,265,265,320,1,1,19,19,30,48,48,48,144,144,163,78,3,16,16,41,41,75,75,75,75,75,86,104,104,199,199,218,218,237,256,268,286,286,304,304,338,352,352,363,373,373,373],"floor_reached":50,"campfire_rested":1,"playtime":6169,"current_hp_per_floor":[80,80,80,80,80,80,44,44,44,42,42,32,36,36,36,11,80,79,79,79,80,80,53,53,43,43,43,43,67,69,72,72,38,80,80,70,73,80,71,68,68,75,75,58,51,51,48,60,60,0],"items_purged":["Strike_R"],"gold":373,"score":510,"play_id":"aa8daf16-8fe2-4d9a-a92a-3c983b73b266","local_time":"20180406205126","is_prod":false,"is_daily":false,"is_ascension_mode":false,"campfire_upgraded":8,"timestamp":1523040686,"path_taken":["M","M","?","M","M","R","?","$","T","M","R","M","M","?","R","BOSS","M","?","$","M","?","E","R","E","T","?","$","R","?","M","R","BOSS","M","?","M","M","M","M","R","M","T","E","M","R","M","M","R","BOSS"],"build_version":"2018-04-05v2","purchased_purges":1,"victory":false,"master_deck":["Strike_R+1","Strike_R+1","Strike_R+1","Defend_R+1","Defend_R+1","Defend_R+1","Defend_R+1","Bash+1","Flex","True Grit+1","Fire Breathing+1","Metallicize","Rage+1","Dropkick","Pommel Strike+1","Thunderclap","Intimidate+1","Bludgeon","Armaments+1","Warcry+1","Twin Strike","Clothesline+1","Rampage+1","Rage+1","Barricade+1","Shrug It Off+1","Finesse+1","Bandage Up+1","Panacea+1","Warcry+1","Fire Breathing+1","Pommel Strike+1","Warcry+1","Impervious+1"],"max_hp_per_floor":[80,80,80,80,80,80,80,80,80,80,80,80,80,80,80,80,80,80,80,80,80,80,80,80,80,80,80,80,80,80,80,80,80,80,80,80,80,80,80,80,80,80,80,80,80,80,80,80,80,80],"relics":["Burning Blood","Centennial Puzzle","Toxic Egg 2","Ginger","Velvet Choker","Anchor","Bag of Marbles","Dodecahedron","Bag of Preparation","Runic Cube","Charon\u0027s Ashes","Paper Frog"],"card_choices":[{"not_picked":["Body Slam","Sever Soul"],"picked":"Flex","floor":1},{"not_picked":["Thunderclap","Reaper"],"picked":"True Grit","floor":2},{"not_picked":["Heavy Blade","Combust"],"picked":"Fire Breathing","floor":4},{"not_picked":["Power Through","Iron Wave"],"picked":"Metallicize","floor":5},{"not_picked":["Flex","Clothesline"],"picked":"Rage","floor":7},{"not_picked":["Twin Strike","Metallicize"],"picked":"Dropkick","floor":10},{"not_picked":["Pummel","Warcry"],"picked":"Pommel Strike","floor":12},{"not_picked":["Blood for Blood","Dual Wield"],"picked":"Thunderclap","floor":13},{"not_picked":["Impervious","Offering"],"picked":"Bludgeon","floor":16},{"not_picked":["Perfected Strike","Corruption"],"picked":"Armaments","floor":18},{"not_picked":["Sword Boomerang","Armaments"],"picked":"Warcry","floor":21},{"not_picked":["Twin Strike","Bludgeon"],"picked":"Clothesline","floor":23},{"not_picked":["Thunderclap","Body Slam"],"picked":"Rampage","floor":30},{"not_picked":["Shrug It Off","Thunderclap"],"picked":"Rage","floor":31},{"not_picked":["Reaper","Bludgeon"],"picked":"Barricade","floor":33},{"not_picked":["True Grit","Sever Soul"],"picked":"Shrug It Off","floor":35},{"not_picked":["Secret Weapon","Good Instincts"],"picked":"Finesse","floor":36},{"not_picked":["Purity","Finesse"],"picked":"Bandage Up","floor":36},{"not_picked":["Blind","Deep Breath"],"picked":"Panacea","floor":36},{"not_picked":["Shrug It Off","Twin Strike"],"picked":"Warcry","floor":39},{"not_picked":["Warcry","Fiend Fire"],"picked":"Fire Breathing","floor":42},{"not_picked":["Body Slam","Blood for Blood"],"picked":"Pommel Strike","floor":44},{"not_picked":["True Grit","Intimidate"],"picked":"Warcry","floor":47},{"not_picked":["Flame Barrier","Thunderclap"],"picked":"Impervious","floor":48}],"player_experience":18478,"potions_floor_usage":[16,18,33,33,44,48,50,50],"damage_taken":[{"damage":6,"enemies":"Jaw Worm","floor":1,"turns":4},{"damage":1,"enemies":"Cultist","floor":2,"turns":3},{"damage":5,"enemies":"Small Slimes","floor":4,"turns":4},{"damage":2,"enemies":"3 Louse","floor":5,"turns":5},{"damage":42,"enemies":"Gremlin Nob","floor":7,"turns":6},{"damage":8,"enemies":"Looter","floor":10,"turns":4},{"damage":16,"enemies":"Large Slime","floor":12,"turns":7},{"damage":2,"enemies":"3 Louse","floor":13,"turns":4},{"damage":31,"enemies":"Hexaghost","floor":16,"turns":12},{"damage":7,"enemies":"Chosen","floor":18,"turns":5},{"damage":2,"enemies":"2 Thieves","floor":21,"turns":4},{"damage":33,"enemies":"Gremlin Leader","floor":23,"turns":4},{"damage":16,"enemies":"Book of Stabbing","floor":25,"turns":6},{"damage":4,"enemies":"Cultist and Chosen","floor":30,"turns":5},{"damage":3,"enemies":"Snecko","floor":31,"turns":4},{"damage":40,"enemies":"Collector","floor":33,"turns":8},{"damage":0,"enemies":"3 Shapes","floor":35,"turns":7},{"damage":9,"enemies":"Orb Walker","floor":37,"turns":4},{"damage":0,"enemies":"Maw","floor":38,"turns":8},{"damage":21,"enemies":"3 Darklings","floor":39,"turns":7},{"damage":15,"enemies":"Sphere and 2 Shapes","floor":40,"turns":8},{"damage":5,"enemies":"Maw","floor":42,"turns":9},{"damage":29,"enemies":"2 Orb Walkers","floor":44,"turns":6},{"damage":19,"enemies":"3 Darklings","floor":45,"turns":8},{"damage":15,"enemies":"Sphere and 2 Shapes","floor":47,"turns":5},{"damage":0,"enemies":"4 Shapes","floor":48,"turns":6},{"damage":62,"enemies":"Time Eater","floor":50,"turns":13}],"event_choices":[{"event_name":"Golden Shrine","player_choice":"Pray","floor":3,"damage_taken":0},{"event_name":"Dead Adventurer","player_choice":"Searched \u00271\u0027 times","floor":7,"damage_taken":0},{"event_name":"Living Wall","player_choice":"Change","floor":14,"damage_taken":0},{"event_name":"Addict","player_choice":"Obtained Relic","floor":19,"damage_taken":0},{"event_name":"Transmorgrifier","player_choice":"Transform","floor":22,"damage_taken":0},{"event_name":"Back to Basics","player_choice":"Simplicity","floor":27,"damage_taken":0},{"event_name":"SensoryStone","player_choice":"Memory 3","floor":36,"damage_taken":0}],"boss_relics":[{"not_picked":["Snecko Eye","White Beast Statue"],"picked":"Velvet Choker"},{"not_picked":["Eternal Feather","Runic Pyramid"],"picked":"Runic Cube"}],"potions_floor_spawned":[4,7,10,16,21,25,33,40,42,45,48],"seed_played":"-7528887226144303602","killed_by":"Time Eater","ascension_level":0,"is_trial":false}