{"gold_per_floor":[109,109,34,53,3,3,38,38,113,113,113,138,138,148,148,227,227,242,242,260,260,270,2,2],"floor_reached":24,"playtime":723,"items_purged":["Defend_B"],"score":429,"play_id":"7de6b9dd-c7bb-47c6-b507-963516eb6186","local_time":"20190303050628","is_ascension_mode":true,"campfire_choices":[{"data":"Zap","floor":6.0,"key":"SMITH"},{"data":"Hologram","floor":8.0,"key":"SMITH"},{"data":"Dualcast","floor":10.0,"key":"SMITH"},{"data":"Beam Cell","floor":13.0,"key":"SMITH"},{"data":"FTL","floor":15.0,"key":"SMITH"}],"neow_cost":"TEN_PERCENT_HP_LOSS","seed_source_timestamp":160778812571324,"circlet_count":0,"master_deck":["AscendersBane","Defend_B","Defend_B","Zap+1","Dualcast+1","Beam Cell+1","Leap","Compile Driver","Gash","Hologram+1","Gash","FTL+1","Electrodynamics","Buffer","Conserve Battery","Defragment","Rebound","Bite","Bite","Bite","Bite","Bite","Skim","Gash"],"special_seed":0,"relics":["Cracked Core","Sundial","Ancient Tea Set","Singing Bowl","Lantern","Coffee Dripper","Membership Card"],"potions_floor_usage":[22,24],"damage_taken":[{"damage":2.0,"enemies":"2 Louse","floor":1.0,"turns":3.0},{"damage":1.0,"enemies":"Small Slimes","floor":4.0,"turns":3.0},{"damage":28.0,"enemies":"3 Sentries","floor":7.0,"turns":9.0},{"damage":61.0,"enemies":"Gremlin Nob","floor":12.0,"turns":4.0},{"damage":0.0,"enemies":"Cultist","floor":14.0,"turns":2.0},{"damage":3.0,"enemies":"Slime Boss","floor":16.0,"turns":7.0},{"damage":11.0,"enemies":"Spheric Guardian","floor":18.0,"turns":4.0},{"damage":6.0,"enemies":"2 Thieves","floor":20.0,"turns":2.0},{"damage":33,"enemies":"Snake Plant","floor":22,"turns":5},{"damage":0,"enemies":"Slavers","floor":24,"turns":1}],"seed_played":"2646301001687512580","potions_obtained":[{"floor":4.0,"key":"Fire Potion"},{"floor":7.0,"key":"FairyPotion"},{"floor":12.0,"key":"SkillPotion"},{"floor":22,"key":"EntropicBrew"}],"is_trial":false,"path_per_floor":["M","?","?","M","$","R","E","R","T","R","?","E","R","M","R","B",null,"M","?","M","?","M","$","E"],"character_chosen":"DEFECT","items_purchased":["Hologram","Membership Card","Gash"],"campfire_rested":0,"item_purchase_floors":[5,23,23],"current_hp_per_floor":[62,57,57,56,56,56,28,28,28,28,28,6,6,6,6,3,49,38,38,32,32,11,11,17],"gold":2,"neow_bonus":"TRANSFORM_TWO_CARDS","is_prod":false,"is_daily":false,"chose_seed":false,"campfire_upgraded":5,"win_rate":0,"timestamp":1551607588,"path_taken":["M","?","?","M","$","R","E","R","T","R","?","E","R","?","R","BOSS","M","?","M","?","M","$","E"],"build_version":"2019-01-23","purchased_purges":1,"victory":false,"max_hp_per_floor":[64,64,64,64,64,64,64,64,64,64,64,64,64,64,64,64,64,64,64,64,44,44,44,44],"card_choices":[{"not_picked":["Conserve Battery","Scrape"],"picked":"Compile Driver","floor":1.0},{"not_picked":["Compile Driver","Steam Power"],"picked":"Gash","floor":4.0},{"not_picked":["Blizzard","Hello World"],"picked":"Gash","floor":7.0},{"not_picked":["Capacitor","Conserve Battery"],"picked":"FTL","floor":12.0},{"not_picked":["Barrage","Redo"],"picked":"Electrodynamics","floor":14.0},{"not_picked":["Meteor Strike","Rainbow"],"picked":"Buffer","floor":16.0},{"not_picked":["Cold Snap","Streamline"],"picked":"Conserve Battery","floor":18.0},{"not_picked":["Leap","Turbo"],"picked":"Rebound","floor":20.0},{"not_picked":["Cold Snap","Reinforced Body"],"picked":"Skim","floor":22}],"player_experience":655734,"relics_obtained":[{"floor":7.0,"key":"Ancient Tea Set"},{"floor":9.0,"key":"Singing Bowl"},{"floor":12.0,"key":"Lantern"}],"event_choices":[{"damage_healed":0.0,"max_hp_gain":0.0,"max_hp_loss":0.0,"gold_gain":0.0,"event_name":"Scrap Ooze","player_choice":"Success","floor":2.0,"gold_loss":0.0,"damage_taken":5.0,"relics_obtained":["Sundial"]},{"cards_removed":["Defend_B"],"damage_healed":0.0,"max_hp_gain":0.0,"max_hp_loss":0.0,"gold_gain":0.0,"event_name":"The Cleric","player_choice":"Card Removal","floor":3.0,"gold_loss":75.0,"damage_taken":0.0},{"cards_removed":["Strike_B"],"damage_healed":0.0,"max_hp_gain":0.0,"max_hp_loss":0.0,"gold_gain":0.0,"event_name":"Wheel of Change","player_choice":"Card Removal","floor":11.0,"gold_loss":0.0,"damage_taken":0.0},{"damage_healed":0.0,"max_hp_gain":0.0,"max_hp_loss":0.0,"gold_gain":0.0,"event_name":"The Library","player_choice":"Read","floor":19.0,"gold_loss":0.0,"damage_taken":0.0,"cards_obtained":["Defragment"]},{"damage_healed":0.0,"max_hp_gain":0.0,"max_hp_loss":20.0,"gold_gain":0.0,"event_name":"Vampires","player_choice":"Became a vampire","floor":21.0,"gold_loss":0.0,"damage_taken":0.0,"cards_obtained":["Bite","Bite","Bite","Bite","Bite"]}],"is_beta":false,"boss_relics":[{"not_picked":["Nuclear Battery","Busted Crown"],"picked":"Coffee Dripper"}],"items_purged_floors":[23],"is_endless":false,"potions_floor_spawned":[4,7,12,22],"killed_by":"Slavers","ascension_level":20}