{"gold_per_floor":[11,11,11,24,35,35,67,67,146,158,172,172,172,172,172,172],"floor_reached":16,"playtime":676,"items_purged":[],"score":194,"play_id":"1a5d010f-cc29-473d-99f7-bcc5fbbc8452","local_time":"20180927235256","is_ascension_mode":true,"campfire_choices":[{"data":"Endless Agony","floor":6,"key":"SMITH"},{"data":"Noxious Fumes","floor":8,"key":"SMITH"},{"data":"Neutralize","floor":12,"key":"SMITH"},{"data":"Calculated Gamble","floor":15,"key":"SMITH"}],"neow_cost":"NO_GOLD","seed_source_timestamp":26273986988889,"circlet_count":0,"master_deck":["Defend_G","Defend_G","Defend_G","Defend_G","Defend_G","Strike_G","Strike_G","Strike_G","Strike_G","Survivor","Neutralize+1","AscendersBane","Endless Agony+1","Deflect","Dagger Throw","Noxious Fumes+1","Calculated Gamble+1","Backflip"],"special_seed":0,"relics":["Ring of the Snake","Prayer Wheel","Juzu Bracelet","The Courier"],"potions_floor_usage":[7,13,16],"damage_taken":[{"damage":1.0,"enemies":"Cultist","floor":1.0,"turns":5.0},{"damage":0.0,"enemies":"Jaw Worm","floor":4.0,"turns":4.0},{"damage":4,"enemies":"Small Slimes","floor":5,"turns":5},{"damage":25,"enemies":"3 Sentries","floor":7,"turns":9},{"damage":0,"enemies":"3 Louse","floor":10,"turns":3},{"damage":4,"enemies":"2 Fungi Beasts","floor":11,"turns":4},{"damage":10,"enemies":"Gremlin Gang","floor":13,"turns":2},{"damage":17,"enemies":"Hexaghost","floor":16,"turns":10}],"seed_played":"6975478719135529268","potions_obtained":[{"floor":1.0,"key":"Block Potion"},{"floor":5,"key":"SmokeBomb"},{"floor":7,"key":"SteroidPotion"}],"is_trial":false,"path_per_floor":["M","?","?","M","M","R","E","R","T","M","M","R","M","?","R"],"character_chosen":"THE_SILENT","items_purchased":[],"campfire_rested":0,"item_purchase_floors":[],"current_hp_per_floor":[58,58,58,58,54,54,29,29,29,29,25,25,15,15,15,0],"gold":172,"neow_bonus":"ONE_RARE_RELIC","is_prod":false,"is_daily":false,"chose_seed":false,"campfire_upgraded":4,"win_rate":0,"timestamp":1538059976,"path_taken":["M","?","?","M","M","R","E","R","T","M","M","R","M","?","R","BOSS"],"build_version":"2018-09-20","purchased_purges":0,"victory":false,"max_hp_per_floor":[66,66,66,66,66,66,66,66,66,66,66,66,66,66,66,66],"card_choices":[{"not_picked":["Reflex","Blur"],"picked":"Endless Agony","floor":1.0},{"not_picked":["Tactician","Deadly Poison"],"picked":"Deflect","floor":1.0},{"not_picked":["Poisoned Stab","Deadly Poison"],"picked":"Dagger Throw","floor":4.0},{"not_picked":["Acrobatics","Outmaneuver","Prepared"],"picked":"SKIP","floor":4.0},{"not_picked":["Noxious Fumes","Cloak And Dagger","Sucker Punch"],"picked":"SKIP","floor":5},{"not_picked":["Dagger Throw","PiercingWail","Corpse Explosion"],"picked":"SKIP","floor":5},{"not_picked":["Cloak And Dagger","Sucker Punch"],"picked":"Noxious Fumes","floor":5},{"not_picked":["Dagger Throw","PiercingWail","Corpse Explosion"],"picked":"SKIP","floor":5},{"not_picked":["Blur","Blade Dance","Accuracy"],"picked":"SKIP","floor":7},{"not_picked":["Underhanded Strike","Prepared"],"picked":"Calculated Gamble","floor":10},{"not_picked":["Blur","Flechettes","Acrobatics"],"picked":"SKIP","floor":10},{"not_picked":["Poisoned Stab","PiercingWail"],"picked":"Backflip","floor":11},{"not_picked":["Distraction","Poisoned Stab","Bouncing Flask"],"picked":"SKIP","floor":11}],"player_experience":675213,"relics_obtained":[{"floor":7,"key":"Juzu Bracelet"},{"floor":9,"key":"The Courier"}],"event_choices":[{"event_name":"The Cleric","player_choice":"Leave","floor":2.0,"damage_taken":0.0},{"event_name":"Liars Game","player_choice":"disagreed","floor":3.0,"damage_taken":0.0},{"event_name":"Living Wall","player_choice":"Forget","floor":14,"damage_taken":0}],"is_beta":false,"boss_relics":[],"items_purged_floors":[],"is_endless":false,"potions_floor_spawned":[1,5,7,10],"killed_by":"Hexaghost","ascension_level":18}