{"path_per_floor":["M","?","M","M","M","R","M","R","T","?","M","R","$","?","R","B",null,"M","?","?","M","M","R","M","R","T","R","M","R","$","M","R"],"character_chosen":"IRONCLAD","items_purchased":["Oddly Smooth Stone","Bronze Scales","Blood Vial"],"gold_per_floor":[118,293,307,323,340,340,353,353,353,428,444,444,220,220,220,323,353,363,286,286,274,291,291,304,304,304,304,324,324,20,33,33,33],"floor_reached":33,"campfire_rested":3,"playtime":1660,"current_hp_per_floor":[80,80,80,80,80,80,76,76,76,65,59,59,59,59,80,9,85,75,75,75,76,63,63,42,67,67,67,47,72,72,71,71,0],"items_purged":["Bash"],"gold":33,"score":251,"play_id":"07027615-b3ce-43f9-8a04-e725a2fc6ae7","local_time":"20180512105625","is_prod":false,"is_daily":false,"chose_seed":false,"is_ascension_mode":true,"campfire_upgraded":6,"timestamp":1526086585,"path_taken":["M","?","M","M","M","R","M","R","T","?","M","R","$","?","R","BOSS","M","?","?","M","M","R","M","R","T","R","M","R","$","?","R","BOSS"],"build_version":"2018-05-10","seed_source_timestamp":1290277762106,"purchased_purges":1,"victory":false,"master_deck":["Strike_R+1","Strike_R","Strike_R","Strike_R+1","Strike_R","Defend_R","Defend_R","Defend_R+1","Defend_R","Body Slam+1","Doubt","Armaments+1","Iron Wave+1","Body Slam+1","Regret","Anger","Iron Wave+1","J.A.X.","Flame Barrier+1","Body Slam+1","Anger"],"max_hp_per_floor":[80,80,80,80,80,80,80,80,80,80,80,80,80,80,80,80,85,85,85,85,85,85,85,85,85,85,85,85,85,85,85,85,85],"relics":["Burning Blood","Toolbox","Oddly Smooth Stone","Torii","Tiny House","Mercury Hourglass","Bronze Scales","Blood Vial"],"card_choices":[{"not_picked":["Bloodletting","Thunderclap"],"picked":"Body Slam","floor":1},{"not_picked":["Feel No Pain","Wild Strike"],"picked":"Armaments","floor":3},{"not_picked":["Sever Soul","Warcry"],"picked":"Iron Wave","floor":4},{"not_picked":["Heavy Blade","Armaments"],"picked":"Body Slam","floor":5},{"not_picked":["Thunderclap","Headbutt"],"picked":"Anger","floor":17},{"not_picked":["Intimidate","Headbutt"],"picked":"Iron Wave","floor":18},{"not_picked":["Hemokinesis","Heavy Blade"],"picked":"Flame Barrier","floor":21},{"not_picked":["Seeing Red","Wild Strike"],"picked":"Body Slam","floor":24},{"not_picked":["Burning Pact","Sentinel"],"picked":"Anger","floor":28}],"player_experience":215396,"potions_floor_usage":[4,16,16,16,18,21,22,24,33],"damage_taken":[{"damage":1,"enemies":"Cultist","floor":1,"turns":4},{"damage":5,"enemies":"Small Slimes","floor":3,"turns":4},{"damage":2,"enemies":"2 Louse","floor":4,"turns":2},{"damage":0,"enemies":"Looter","floor":5,"turns":4},{"damage":10,"enemies":"2 Fungi Beasts","floor":7,"turns":6},{"damage":12,"enemies":"Blue Slaver","floor":11,"turns":4},{"damage":85,"enemies":"Slime Boss","floor":16,"turns":23},{"damage":16,"enemies":"Shell Parasite","floor":18,"turns":7},{"damage":5,"enemies":"2 Thieves","floor":21,"turns":4},{"damage":27,"enemies":"Slaver and Parasite","floor":22,"turns":8},{"damage":27,"enemies":"3 Cultists","floor":24,"turns":7},{"damage":26,"enemies":"Snake Plant","floor":28,"turns":4},{"damage":13,"enemies":"Sentry and Sphere","floor":31,"turns":5},{"damage":86,"enemies":"Collector","floor":33,"turns":9}],"event_choices":[{"event_name":"Liars Game","player_choice":"agreed","floor":2,"damage_taken":0},{"event_name":"World of Goop","player_choice":"Gather Gold","floor":10,"damage_taken":0},{"event_name":"Big Fish","player_choice":"Box","floor":14,"damage_taken":0},{"event_name":"Drug Dealer","player_choice":"Got JAXXED","floor":19,"damage_taken":0},{"event_name":"Ghosts","player_choice":"Ignored","floor":20,"damage_taken":0}],"boss_relics":[{"not_picked":["Ectoplasm","Runic Pyramid"],"picked":"Tiny House"}],"potions_floor_spawned":[1,11,16,22,31],"seed_played":"5921429108444325051","killed_by":"Collector","ascension_level":1,"is_trial":false}