{"gold_per_floor":[415,149,168,185,200,200,235,235,265,278,278,255,40,52,52,147,147,159,74,86,86,100,100,130,130,130,149,149,160,174,200,200,299,299,316,216,216,216,1215,1215,263,277,277,312,330,348,377,406,418,430],"floor_reached":51,"playtime":10284,"items_purged":["Strike_G","Defend_G","Strike_G"],"score":1026,"play_id":"49dc48f4-c0c6-4575-936c-462178a90a8f","local_time":"20190306114743","is_ascension_mode":true,"campfire_choices":[{"data":"Neutralize","floor":6,"key":"SMITH"},{"floor":8,"key":"REST"},{"data":"Cloak And Dagger","floor":15,"key":"SMITH"},{"data":"Burst","floor":23,"key":"SMITH"},{"floor":25,"key":"REST"},{"data":"Accuracy","floor":28,"key":"SMITH"},{"floor":32,"key":"REST"},{"data":"Footwork","floor":40,"key":"SMITH"},{"data":"Footwork","floor":49,"key":"SMITH"}],"neow_cost":"PERCENT_DAMAGE","seed_source_timestamp":521095546323112,"circlet_count":0,"master_deck":["Defend_G","Defend_G","Defend_G","Strike_G","Survivor","Neutralize+1","Prepared","Caltrops","Blur","Blur","Prepared","Footwork+1","Cloak And Dagger+1","Prepared","Burst+1","Concentrate+1","After Image+1","Glass Knife+1","Prepared+1","Doppelganger","Accuracy+1","Cloak And Dagger","Finisher+1","Tools of the Trade","Acrobatics+1","Footwork+1","Adrenaline","Secret Technique","Accuracy+1","Terror"],"relics":["Ring of the Snake","Old Coin","Omamori","Blood Vial","Tiny Chest","Matryoshka","TwistedFunnel","Astrolabe","Mummified Hand","Centennial Puzzle","Snake Skull","Bottled Flame","Nunchaku","Sozu","Art of War","Happy Flower","Ninja Scroll","Pen Nib","Bag of Marbles","Medical Kit","Bronze Scales","PreservedInsect","MawBank"],"potions_floor_usage":[7,20,24,31,33,33],"damage_taken":[{"damage":3,"enemies":"Cultist","floor":1,"turns":5},{"damage":1,"enemies":"2 Louse","floor":3,"turns":3},{"damage":10,"enemies":"Small Slimes","floor":4,"turns":4},{"damage":1,"enemies":"Red Slaver","floor":5,"turns":6},{"damage":31,"enemies":"3 Sentries","floor":7,"turns":21},{"damage":2,"enemies":"Exordium Wildlife","floor":10,"turns":6},{"damage":0,"enemies":"3 Louse","floor":14,"turns":2},{"damage":11,"enemies":"The Guardian","floor":16,"turns":23},{"damage":13,"enemies":"3 Byrds","floor":18,"turns":4},{"damage":1,"enemies":"Spheric Guardian","floor":20,"turns":6},{"damage":6,"enemies":"Shelled Parasite and Fungi","floor":22,"turns":12},{"damage":69,"enemies":"Gremlin Leader","floor":24,"turns":16},{"damage":2,"enemies":"Centurion and Healer","floor":27,"turns":13},{"damage":0,"enemies":"3 Cultists","floor":29,"turns":6},{"damage":17,"enemies":"Cultist and Chosen","floor":30,"turns":6},{"damage":0,"enemies":"Book of Stabbing","floor":31,"turns":6},{"damage":0,"enemies":"Champ","floor":33,"turns":21},{"damage":0,"enemies":"3 Darklings","floor":35,"turns":6},{"damage":0,"enemies":"Orb Walker","floor":42,"turns":3},{"damage":0,"enemies":"Giant Head","floor":44,"turns":4},{"damage":0,"enemies":"3 Darklings","floor":45,"turns":2},{"damage":0,"enemies":"Jaw Worm Horde","floor":46,"turns":3},{"damage":0,"enemies":"Nemesis","floor":47,"turns":5},{"damage":0,"enemies":"Sphere and 2 Shapes","floor":48,"turns":2},{"damage":1,"enemies":"Donu and Deca","floor":50,"turns":12}],"seed_played":"-1533673823012880637","potions_obtained":[{"floor":3,"key":"Poison Potion"},{"floor":7,"key":"Swift Potion"},{"floor":16,"key":"FairyPotion"},{"floor":18,"key":"SteroidPotion"},{"floor":29,"key":"FearPotion"},{"floor":30,"key":"FearPotion"},{"floor":31,"key":"Dexterity Potion"}],"is_trial":false,"path_per_floor":["M","$","M","M","M","R","E","R","T","M","T","?","$","M","R","B",null,"M","?","M","?","M","R","E","R","T","M","R","M","M","E","R","B",null,"M","$","T","T","?","R","$","M","T","E","M","M","E","M","R","B",null],"character_chosen":"THE_SILENT","items_purchased":["Omamori","Caltrops","TwistedFunnel","Cloak And Dagger","Pen Nib","Bag of Marbles","Footwork","Adrenaline","Medical Kit","Secret Technique"],"campfire_rested":3,"item_purchase_floors":[2,2,13,13,41,41,41,41,41,41],"current_hp_per_floor":[46,46,45,35,34,34,3,24,24,24,24,24,24,26,26,17,70,57,57,58,58,54,54,7,28,28,28,28,30,15,17,38,40,70,70,70,70,70,70,70,70,70,70,70,70,70,70,70,70,69],"gold":442,"neow_bonus":"ONE_RARE_RELIC","is_prod":false,"is_daily":false,"chose_seed":false,"campfire_upgraded":6,"win_rate":0,"timestamp":1551872863,"path_taken":["M","$","M","M","M","R","E","R","T","M","?","?","$","M","R","BOSS","M","?","M","?","M","R","E","R","T","?","R","M","M","E","R","BOSS","M","$","?","?","?","R","$","M","T","E","M","M","E","M","R","BOSS"],"build_version":"2019-01-23","purchased_purges":3,"victory":true,"max_hp_per_floor":[70,70,70,70,70,70,70,70,70,70,70,70,70,70,70,70,70,70,70,70,70,70,70,70,70,70,70,70,70,70,70,70,70,70,70,70,70,70,70,70,70,70,70,70,70,70,70,70,70,70],"card_choices":[{"not_picked":["Choke","Bane"],"picked":"Prepared","floor":1},{"not_picked":["Dash","Quick Slash","Bane"],"picked":"SKIP","floor":3},{"not_picked":["Prepared","Reflex"],"picked":"Blur","floor":4},{"not_picked":["Acrobatics","Setup"],"picked":"Blur","floor":5},{"not_picked":["PiercingWail","Storm of Steel"],"picked":"Prepared","floor":7},{"not_picked":["Heel Hook","Crippling Poison"],"picked":"Footwork","floor":10},{"not_picked":["Acrobatics","Riddle With Holes"],"picked":"Prepared","floor":14},{"not_picked":["Unload","Malaise"],"picked":"Burst","floor":16},{"not_picked":["Poisoned Stab","Deflect","Bane"],"picked":"SKIP","floor":18},{"not_picked":["Eviscerate","Endless Agony"],"picked":"Prepared+1","floor":20},{"not_picked":["Dagger Spray","Sucker Punch","Distraction"],"picked":"SKIP","floor":22},{"not_picked":["Terror","Catalyst"],"picked":"Accuracy","floor":24},{"not_picked":["Quick Slash+1","Outmaneuver"],"picked":"Cloak And Dagger","floor":27},{"not_picked":["Flying Knee+1","Cloak And Dagger","Choke"],"picked":"SKIP","floor":29},{"not_picked":["Dagger Spray","Dodge and Roll"],"picked":"Finisher+1","floor":30},{"not_picked":["Acrobatics","Crippling Poison"],"picked":"Tools of the Trade","floor":31},{"not_picked":["Deflect+1","Calculated Gamble+1"],"picked":"Acrobatics+1","floor":35},{"not_picked":["Blade Dance+1","Distraction+1"],"picked":"Accuracy+1","floor":42},{"not_picked":["Leg Sweep+1","Dagger Spray+1","Quick Slash+1"],"picked":"SKIP","floor":44},{"not_picked":["Deadly Poison","Underhanded Strike+1","Deflect"],"picked":"SKIP","floor":45},{"not_picked":["Slice+1","Finisher+1","Flying Knee"],"picked":"SKIP","floor":46},{"not_picked":["Blade Dance","Leg Sweep+1","Deadly Poison+1"],"picked":"SKIP","floor":47},{"not_picked":["Slice","Underhanded Strike+1"],"picked":"Terror","floor":48}],"player_experience":487961,"relics_obtained":[{"floor":7,"key":"Blood Vial"},{"floor":9,"key":"Tiny Chest"},{"floor":11,"key":"Matryoshka"},{"floor":24,"key":"Centennial Puzzle"},{"floor":26,"key":"Snake Skull"},{"floor":26,"key":"Bottled Flame"},{"floor":31,"key":"Nunchaku"},{"floor":37,"key":"Art of War"},{"floor":37,"key":"Happy Flower"},{"floor":38,"key":"Ninja Scroll"},{"floor":43,"key":"Bronze Scales"},{"floor":44,"key":"PreservedInsect"},{"floor":47,"key":"MawBank"}],"event_choices":[{"damage_healed":0,"gold_gain":0,"player_choice":"Left Gold","damage_taken":0,"max_hp_gain":0,"max_hp_loss":0,"event_name":"World of Goop","floor":12,"gold_loss":23},{"damage_healed":0,"gold_gain":0,"player_choice":"Obtained Relic","damage_taken":0,"relics_obtained":["Mummified Hand"],"max_hp_gain":0,"max_hp_loss":0,"event_name":"Addict","floor":19,"gold_loss":85},{"damage_healed":0,"gold_gain":0,"player_choice":"1 cards matched","damage_taken":0,"max_hp_gain":0,"max_hp_loss":0,"event_name":"Match and Keep!","floor":21,"gold_loss":0,"cards_obtained":["Doppelganger"]},{"damage_healed":0,"gold_gain":999,"player_choice":"Gold","damage_taken":0,"max_hp_gain":0,"max_hp_loss":0,"event_name":"MindBloom","floor":39,"gold_loss":0,"cards_obtained":["Normality","Normality"]}],"is_beta":false,"boss_relics":[{"not_picked":["Orrery","Coffee Dripper"],"picked":"Astrolabe"},{"not_picked":["Velvet Choker","Runic Pyramid"],"picked":"Sozu"}],"items_purged_floors":[2,36,41],"is_endless":false,"potions_floor_spawned":[3,7,16,18,29,30,31,35,46,48],"ascension_level":3}