{"gold_per_floor":[113,113,130,130,149,149,74,74,98,98,46,46,60,85,85,187,237,252,252,272,98,118,118,28,46,126,126,126,126,145,163,163,268,268,288,305,305,305,4,4,0,0,50,64,75,94,94,113,113,113],"floor_reached":51,"playtime":3590,"items_purged":["Dualcast","Zap","Thunder Strike+1"],"score":637,"play_id":"b04e17a2-4434-40a2-954a-25d188bc8f32","local_time":"20180816170826","is_ascension_mode":false,"campfire_choices":[{"data":"Hologram","floor":6,"key":"SMITH"},{"data":"Streamline","floor":8,"key":"SMITH"},{"data":"Steam Power","floor":15,"key":"SMITH"},{"data":"Machine Learning","floor":23,"key":"SMITH"},{"data":"Skim","floor":27,"key":"SMITH"},{"data":"Reprogram","floor":29,"key":"SMITH"},{"data":"Hologram","floor":32,"key":"SMITH"},{"data":"Madness","floor":40,"key":"SMITH"},{"data":"Madness","floor":49,"key":"SMITH"}],"neow_cost":"NONE","seed_source_timestamp":46691907625959,"circlet_count":0,"master_deck":["Strike_B","Strike_B","Strike_B+1","Defend_B","Defend_B+1","Defend_B","Defend_B","Self Repair","Gash","Gash","Hologram+1","Gash+1","Steam Power+1","FTL","Gash","FTL","Machine Learning+1","Gash","Skim+1","Reprogram+1","Gash","Finesse","Hologram+1","Beam Cell+1","Conserve Battery+1","Heatsinks+1","Gash","Madness+1","Madness+1","Machine Learning+1","Master of Strategy","Gash"],"relics":["Orrery","Lantern","Dream Catcher","Shuriken","Odd Mushroom","Tiny House","Bottled Tornado","Astrolabe","Red Mask","Bird Faced Urn","Bag of Marbles","Dodecahedron"],"potions_floor_usage":[18,22,25,33,42,46,46,48,50,50,50],"damage_taken":[{"damage":1,"enemies":"2 Louse","floor":1,"turns":2},{"damage":0,"enemies":"Cultist","floor":3,"turns":3},{"damage":2,"enemies":"Small Slimes","floor":5,"turns":3},{"damage":5,"enemies":"Exordium Wildlife","floor":13,"turns":4},{"damage":7,"floor":14,"turns":3},{"damage":28,"enemies":"The Guardian","floor":16,"turns":7},{"damage":0,"enemies":"Shell Parasite","floor":18,"turns":3},{"damage":10,"enemies":"Spheric Guardian","floor":20,"turns":3},{"damage":27,"enemies":"Snake Plant","floor":22,"turns":3},{"damage":7,"enemies":"Centurion and Healer","floor":25,"turns":4},{"damage":10,"enemies":"Cultist and Chosen","floor":30,"turns":3},{"damage":0,"enemies":"Sentry and Sphere","floor":31,"turns":3},{"damage":10,"enemies":"Champ","floor":33,"turns":5},{"damage":9,"enemies":"Flame Bruiser 1 Orb","floor":35,"turns":4},{"damage":4,"enemies":"3 Darklings","floor":36,"turns":4},{"damage":11,"floor":42,"turns":5},{"damage":17,"enemies":"Sphere and 2 Shapes","floor":44,"turns":6},{"damage":11,"enemies":"Spire Growth","floor":45,"turns":3},{"damage":9,"enemies":"3 Darklings","floor":46,"turns":3},{"damage":7,"enemies":"Sphere and 2 Shapes","floor":48,"turns":4},{"damage":79,"enemies":"Time Eater","floor":50,"turns":10}],"seed_played":"-4757529448095995675","potions_obtained":[{"floor":13,"key":"SkillPotion"},{"floor":14,"key":"Block Potion"},{"floor":17,"key":"EntropicBrew"},{"floor":20,"key":"Regen Potion"},{"floor":22,"key":"SkillPotion"},{"floor":25,"key":"Weak Potion"},{"floor":35,"key":"FocusPotion"},{"floor":46,"key":"Fire Potion"},{"floor":48,"key":"Poison Potion"}],"is_trial":false,"path_per_floor":["M","?","M","?","M","R","$","R","T","?","$","T","M","?","R","B",null,"M","?","M","$","M","R","$","M","T","R","?","R","M","M","R","B",null,"M","M","?","?","$","R","?","?","T","M","M","M","T","M","R","B"],"character_chosen":"DEFECT","items_purchased":["Gash","Reprogram","Finesse","Master of Strategy"],"campfire_rested":0,"item_purchase_floors":[11,21,24,39],"current_hp_per_floor":[75,68,75,75,75,75,75,75,75,60,60,60,62,62,62,41,80,80,80,77,77,57,57,57,66,66,66,51,51,48,55,55,52,85,83,85,74,74,74,74,74,70,70,66,68,74,74,80,80,5],"gold":113,"neow_bonus":"BOSS_RELIC","is_prod":false,"is_daily":false,"chose_seed":false,"campfire_upgraded":9,"win_rate":0,"timestamp":1534453706,"path_taken":["M","?","M","?","?","R","$","R","T","?","$","?","M","?","R","BOSS","M","?","M","$","M","R","$","M","T","R","?","R","M","M","R","BOSS","M","M","?","?","$","R","?","?","T","M","M","?","?","M","R","BOSS"],"build_version":"2018-08-09","purchased_purges":3,"victory":true,"max_hp_per_floor":[75,75,75,75,75,75,75,75,75,75,75,75,75,75,75,75,80,80,80,80,80,80,80,80,80,80,80,85,85,85,85,85,85,85,85,85,85,85,85,85,85,85,85,85,85,85,85,85,85,85],"card_choices":[{"not_picked":["Ball Lightning","Redo"],"picked":"Self Repair","floor":0},{"not_picked":["Leap","Melter"],"picked":"Streamline","floor":0},{"not_picked":["Leap","Barrage"],"picked":"Gash","floor":0},{"not_picked":["Steam","Self Repair"],"picked":"Gash","floor":0},{"not_picked":["Sweeping Beam","Barrage"],"picked":"Hologram","floor":0},{"not_picked":["Consume","Stack"],"picked":"Gash","floor":1},{"not_picked":["Turbo","Storm","Ball Lightning"],"picked":"SKIP","floor":3},{"not_picked":["Hologram","White Noise"],"picked":"FTL","floor":5},{"not_picked":["Steam","Machine Learning"],"picked":"FTL","floor":13},{"not_picked":["Core Surge","Buffer"],"picked":"Machine Learning","floor":16},{"not_picked":["Steam","Turbo"],"picked":"Streamline","floor":17},{"not_picked":["Compile Driver+1","Conserve Battery"],"picked":"Gash","floor":18},{"not_picked":["Sweeping Beam","Compile Driver","Auto Shields+1"],"picked":"SKIP","floor":20},{"not_picked":["Blizzard","Stack"],"picked":"Gash","floor":22},{"not_picked":["Sweeping Beam","Genetic Algorithm"],"picked":"Hologram","floor":25},{"not_picked":["Recycle","Coolheaded","Melter"],"picked":"SKIP","floor":30},{"not_picked":["White Noise","Turbo"],"picked":"Beam Cell+1","floor":31},{"not_picked":["Conserve Battery+1","Barrage+1"],"picked":"Gash","floor":35},{"not_picked":["Turbo+1","Darkness+1","Static Discharge+1"],"picked":"SKIP","floor":36},{"not_picked":["Compile Driver","Blizzard"],"picked":"Gash","floor":44},{"not_picked":["Double Energy","Steam","Self Repair"],"picked":"SKIP","floor":45},{"not_picked":["Hologram","Leap","Rainbow"],"picked":"SKIP","floor":46},{"not_picked":["Go for the Eyes","Streamline+1","Leap"],"picked":"SKIP","floor":48}],"player_experience":46686,"relics_obtained":[{"floor":9,"key":"Dream Catcher"},{"floor":12,"key":"Shuriken"},{"floor":14,"key":"Odd Mushroom"},{"floor":26,"key":"Bottled Tornado"},{"floor":42,"key":"Bird Faced Urn"},{"floor":43,"key":"Bag of Marbles"},{"floor":47,"key":"Dodecahedron"}],"event_choices":[{"event_name":"Scrap Ooze","player_choice":"success","floor":2,"damage_taken":7},{"event_name":"Match and Keep!","player_choice":"1 cards matched","floor":4,"damage_taken":0},{"event_name":"Shining Light","player_choice":"Entered Light","floor":10,"damage_taken":0},{"event_name":"Mushrooms","player_choice":"Fought Mushrooms","floor":14,"damage_taken":0},{"event_name":"The Library","player_choice":"Read","floor":19,"damage_taken":0},{"event_name":"Forgotten Altar","player_choice":"Shed Blood","floor":28,"damage_taken":0},{"event_name":"Winding Halls","player_choice":"Embrace Madness","floor":37,"damage_taken":0},{"event_name":"Duplicator","player_choice":"One dupe","floor":38,"damage_taken":0},{"event_name":"Tomb of Lord Red Mask","player_choice":"Paid","floor":41,"damage_taken":0},{"event_name":"MindBloom","player_choice":"Fight","floor":42,"damage_taken":0}],"is_beta":false,"boss_relics":[{"not_picked":["Lizard Tail","Coffee Dripper"],"picked":"Tiny House"},{"not_picked":["Busted Crown","White Beast Statue"],"picked":"Astrolabe"}],"items_purged_floors":[7,21,39],"is_endless":false,"potions_floor_spawned":[13,14,20,22,25,31,35,46,48],"ascension_level":0}