{"gold_per_floor":[109,109,109,124,137,137,155,173,200,215,215,230,254,254,254,374,374,392,44,44,42,42],"floor_reached":22,"playtime":1032,"items_purged":[],"score":288,"play_id":"e8d32292-a744-4116-a32c-6a727b915e61","local_time":"20181105023850","is_ascension_mode":true,"campfire_choices":[{"data":"Zap","floor":6,"key":"SMITH"},{"data":"Redo","floor":11,"key":"SMITH"},{"data":"Hello World","floor":15,"key":"SMITH"}],"neow_cost":"NONE","seed_source_timestamp":27469916198113,"circlet_count":0,"master_deck":["AscendersBane","Strike_B","Strike_B","Strike_B","Defend_B","Defend_B","Defend_B","Defend_B","Zap+1","Dualcast","Leap","Recycle","Auto Shields","Cold Snap","Coolheaded","Redo+1","Hologram","Hello World+1","Rip and Tear","Scrape","Bandage Up","Cold Snap","Leap"],"relics":["Busted Crown","Golden Idol","Juzu Bracelet","NlothsMask","Coffee Dripper","Medical Kit"],"potions_floor_usage":[],"damage_taken":[{"damage":8,"enemies":"Jaw Worm","floor":1,"turns":4},{"damage":0,"enemies":"Cultist","floor":4,"turns":4},{"damage":0,"enemies":"Small Slimes","floor":5,"turns":3},{"damage":0,"enemies":"Blue Slaver","floor":7,"turns":4},{"damage":7,"enemies":"2 Fungi Beasts","floor":8,"turns":4},{"damage":7,"enemies":"Exordium Wildlife","floor":10,"turns":4},{"damage":0,"enemies":"Red Slaver","floor":12,"turns":4},{"damage":0,"enemies":"Large Slime","floor":13,"turns":7},{"damage":16,"enemies":"The Guardian","floor":16,"turns":14},{"damage":30,"enemies":"3 Byrds","floor":18,"turns":7},{"damage":16,"enemies":"2 Thieves","floor":21,"turns":4},{"damage":25,"enemies":"Centurion and Healer","floor":22,"turns":3}],"seed_played":"-2193694595099630162","potions_obtained":[{"floor":5,"key":"FearPotion"},{"floor":7,"key":"Weak Potion"}],"is_trial":false,"path_per_floor":["M","?","?","M","M","R","M","M","T","M","R","M","M","?","R","B",null,"M","$","?","M","M"],"character_chosen":"DEFECT","items_purchased":["Medical Kit","Scrape","Bandage Up"],"campfire_rested":0,"item_purchase_floors":[19,19,19],"current_hp_per_floor":[60,42,42,42,42,42,42,35,35,28,28,28,28,28,28,12,59,29,29,29,17,0],"gold":42,"neow_bonus":"BOSS_RELIC","is_prod":false,"is_daily":false,"chose_seed":false,"campfire_upgraded":3,"win_rate":0,"timestamp":1541414330,"path_taken":["M","?","?","M","M","R","M","?","T","M","R","M","M","?","R","BOSS","M","$","?","M","M"],"build_version":"2018-11-01","purchased_purges":0,"victory":false,"max_hp_per_floor":[75,75,75,75,75,75,75,75,75,75,75,75,75,75,75,75,75,75,75,75,75,75],"card_choices":[{"not_picked":[],"picked":"Leap","floor":1},{"not_picked":[],"picked":"Recycle","floor":4},{"not_picked":[],"picked":"Auto Shields","floor":5},{"not_picked":[],"picked":"Cold Snap","floor":7},{"not_picked":[],"picked":"Coolheaded","floor":8},{"not_picked":[],"picked":"Redo","floor":10},{"not_picked":[],"picked":"Hologram","floor":12},{"not_picked":[],"picked":"Hello World","floor":13},{"not_picked":[],"picked":"Reboot","floor":16},{"not_picked":[],"picked":"Rip and Tear","floor":18},{"not_picked":[],"picked":"Leap","floor":21}],"player_experience":348509,"relics_obtained":[{"floor":9,"key":"Juzu Bracelet"}],"event_choices":[{"damage_healed":0,"gold_gain":0,"player_choice":"Take Damage","damage_taken":18,"relics_obtained":["Golden Idol"],"max_hp_gain":0,"max_hp_loss":0,"event_name":"Golden Idol","floor":2,"gold_loss":0},{"cards_removed":["Strike_B"],"damage_healed":0,"gold_gain":0,"player_choice":"Purged","damage_taken":0,"max_hp_gain":0,"max_hp_loss":0,"event_name":"Purifier","floor":3,"gold_loss":0},{"damage_healed":0,"gold_gain":0,"player_choice":"Trade","damage_taken":0,"relics_obtained":["NlothsMask"],"max_hp_gain":0,"max_hp_loss":0,"event_name":"FaceTrader","floor":14,"gold_loss":0},{"damage_healed":0,"gold_gain":0,"cards_transformed":["Reboot"],"player_choice":"Transformed","damage_taken":0,"max_hp_gain":0,"max_hp_loss":0,"event_name":"Transmorgrifier","floor":20,"gold_loss":0,"cards_obtained":["Cold Snap"]}],"is_beta":false,"boss_relics":[{"not_picked":["Runic Dome","White Beast Statue"],"picked":"Coffee Dripper"}],"items_purged_floors":[],"is_endless":false,"potions_floor_spawned":[5,7,13,16],"killed_by":"Centurion and Healer","ascension_level":12}