{"gold_per_floor":[11,11,23,37,52,52,70,70,95,129,5,5,22,49,49,49],"floor_reached":16,"playtime":681,"items_purged":[],"score":202,"play_id":"d0ec0b6c-a610-4aa5-ba6b-aab98cd6647f","local_time":"20190308061428","is_ascension_mode":true,"campfire_choices":[{"data":"Pommel Strike","floor":6,"key":"SMITH"},{"data":"Bash","floor":8,"key":"SMITH"},{"data":"Clothesline","floor":12,"key":"SMITH"},{"data":"Battle Trance","floor":15,"key":"SMITH"}],"neow_cost":"NO_GOLD","seed_source_timestamp":53849158671732,"circlet_count":0,"master_deck":["AscendersBane","Strike_R","Strike_R","Strike_R","Strike_R","Strike_R","Defend_R","Defend_R","Defend_R","Defend_R","Bash+1","Immolate+1","Pommel Strike+1","Clothesline+1","Battle Trance","Shrug It Off","Battle Trance+1"],"relics":["Burning Blood","Boot","Oddly Smooth Stone","Anchor"],"potions_floor_usage":[13,16],"damage_taken":[{"damage":6,"enemies":"Jaw Worm","floor":1,"turns":5},{"damage":0,"enemies":"Cultist","floor":3,"turns":2},{"damage":0,"enemies":"2 Louse","floor":4,"turns":1},{"damage":2,"enemies":"2 Fungi Beasts","floor":5,"turns":2},{"damage":11,"enemies":"Blue Slaver","floor":7,"turns":3},{"damage":8,"enemies":"Gremlin Nob","floor":10,"turns":3},{"damage":0,"enemies":"Looter","floor":13,"turns":2},{"damage":22,"enemies":"3 Sentries","floor":14,"turns":5},{"damage":76,"enemies":"Hexaghost","floor":16,"turns":11}],"seed_played":"-3779693425631808559","potions_obtained":[{"floor":3,"key":"Regen Potion"},{"floor":5,"key":"Energy Potion"},{"floor":14,"key":"Swift Potion"}],"is_trial":false,"path_per_floor":["M","?","M","M","M","R","M","R","T","E","$","R","M","E","R","B"],"character_chosen":"IRONCLAD","items_purchased":["Clothesline","Battle Trance"],"campfire_rested":0,"item_purchase_floors":[11,11],"current_hp_per_floor":[68,68,74,75,75,75,70,70,70,68,68,68,74,58,58,0],"gold":49,"neow_bonus":"THREE_RARE_CARDS","is_prod":false,"is_daily":false,"chose_seed":false,"campfire_upgraded":4,"win_rate":0,"timestamp":1552047268,"path_taken":["M","?","M","?","M","R","M","R","T","E","$","R","M","E","R","BOSS"],"build_version":"2019-01-23","purchased_purges":0,"victory":false,"max_hp_per_floor":[75,75,75,75,75,75,75,75,75,75,75,75,75,75,75,75],"card_choices":[{"not_picked":["Impervious","Fiend Fire"],"picked":"Immolate","floor":0},{"not_picked":["Body Slam","Anger"],"picked":"Pommel Strike","floor":1},{"not_picked":["Body Slam","Pommel Strike","Blood for Blood"],"picked":"SKIP","floor":3},{"not_picked":["Wild Strike","Anger","Warcry"],"picked":"SKIP","floor":4},{"not_picked":["Limit Break","Cleave","Havoc"],"picked":"SKIP","floor":5},{"not_picked":["Havoc","Cleave","Thunderclap"],"picked":"SKIP","floor":7},{"not_picked":["Reckless Charge","Feel No Pain","Armaments"],"picked":"SKIP","floor":10},{"not_picked":["Reckless Charge","Feel No Pain","Armaments"],"picked":"SKIP","floor":10},{"not_picked":["Sentinel","Body Slam"],"picked":"Shrug It Off","floor":13},{"not_picked":["Havoc","Warcry"],"picked":"Battle Trance","floor":14}],"player_experience":281857,"relics_obtained":[{"floor":9,"key":"Boot"},{"floor":10,"key":"Oddly Smooth Stone"},{"floor":14,"key":"Anchor"}],"event_choices":[{"damage_healed":0,"gold_gain":0,"player_choice":"Upgraded","damage_taken":0,"max_hp_gain":0,"max_hp_loss":0,"event_name":"Upgrade Shrine","floor":2,"gold_loss":0,"cards_upgraded":["Immolate"]}],"is_beta":false,"boss_relics":[],"items_purged_floors":[],"is_endless":false,"potions_floor_spawned":[3,5,14],"killed_by":"Hexaghost","ascension_level":16}