{"gold_per_floor":[111,123,97,97,97,97,110,110,164,174,188,188,363,379,379,484,484,494,494,494,511,529,529,546,645,645,645,337,337,357,374,374,473,473,492,492,492,492,507,92,111,111,138,148,148,148],"floor_reached":46,"playtime":2839,"items_purged":["Doubt","Pommel Strike+1"],"score":412,"play_id":"475b7ea1-9c93-4bab-a938-b268af7b7063","local_time":"20190104165252","is_ascension_mode":false,"campfire_choices":[{"data":"Body Slam","floor":6,"key":"SMITH"},{"data":"Pommel Strike","floor":8,"key":"SMITH"},{"data":"Body Slam","floor":15,"key":"SMITH"},{"data":"Armaments","floor":23,"key":"SMITH"},{"floor":29,"key":"REST"},{"floor":32,"key":"REST"},{"data":"Warcry","floor":42,"key":"SMITH"},{"floor":45,"key":"REST"}],"neow_cost":"NONE","seed_source_timestamp":1651558002519443,"circlet_count":0,"master_deck":["Strike_R+1","Strike_R+1","Strike_R+1","Strike_R+1","Defend_R+1","Defend_R+1","Defend_R+1","Defend_R+1","Bash+1","Dropkick+1","Thunderclap+1","Body Slam+1","Iron Wave+1","Body Slam+1","Fiend Fire+1","Cleave+1","Metallicize+1","Necronomicurse","Clothesline+1","Armaments+1","Dual Wield+1","Dual Wield+1","Intimidate+1","Barricade+1","Dual Wield+1","Warcry+1","Shrug It Off+1"],"relics":["Black Blood","Blood Vial","Oddly Smooth Stone","Sozu","Necronomicon","Juzu Bracelet","CultistMask","Vajra","Mark of the Bloom","Incense Burner","Bag of Marbles"],"potions_floor_usage":[16,16,24,33],"damage_taken":[{"damage":6,"enemies":"Jaw Worm","floor":1,"turns":3},{"damage":0,"enemies":"2 Louse","floor":2,"turns":2},{"damage":2,"enemies":"Small Slimes","floor":7,"turns":3},{"damage":6,"enemies":"Gremlin Gang","floor":10,"turns":4},{"damage":0,"enemies":"2 Fungi Beasts","floor":11,"turns":2},{"damage":14,"enemies":"Large Slime","floor":14,"turns":6},{"damage":43,"enemies":"Slime Boss","floor":16,"turns":12},{"damage":0,"enemies":"Chosen","floor":18,"turns":4},{"damage":12,"enemies":"Shell Parasite","floor":21,"turns":5},{"damage":15,"enemies":"Chosen and Byrds","floor":22,"turns":6},{"damage":17,"enemies":"Cultist and Chosen","floor":24,"turns":6},{"damage":24,"enemies":"Snecko","floor":30,"turns":5},{"damage":25,"enemies":"Snake Plant","floor":31,"turns":5},{"damage":79,"enemies":"Collector","floor":33,"turns":13},{"damage":27,"enemies":"3 Darklings","floor":35,"turns":6},{"damage":7,"enemies":"3 Shapes","floor":39,"turns":10},{"damage":14,"enemies":"Maw","floor":41,"turns":7},{"damage":30,"enemies":"3 Darklings","floor":44,"turns":6},{"damage":20,"enemies":"Jaw Worm Horde","floor":46,"turns":1}],"seed_played":"-3557694701602231391","potions_obtained":[{"floor":2,"key":"SteroidPotion"},{"floor":5,"key":"PowerPotion"},{"floor":5,"key":"EssenceOfSteel"},{"floor":10,"key":"Fire Potion"},{"floor":16,"key":"Regen Potion"}],"is_trial":false,"path_per_floor":["M","M","?","?","?","R","M","R","T","M","M","?","?","M","R","B",null,"M","?","?","M","M","R","M","?","T","?","$","R","M","M","R","B",null,"M","?","?","?","M","$","M","R","T","M","R","M"],"character_chosen":"IRONCLAD","items_purchased":["Dual Wield","Vajra","Incense Burner"],"campfire_rested":3,"item_purchase_floors":[28,28,40],"current_hp_per_floor":[80,80,80,77,77,77,80,80,80,80,80,85,85,77,77,42,85,85,85,69,65,58,58,49,49,49,49,49,74,58,41,66,10,85,68,68,68,68,61,61,47,47,47,17,17,0],"gold":148,"neow_bonus":"TRANSFORM_CARD","is_prod":false,"is_daily":false,"chose_seed":false,"campfire_upgraded":5,"win_rate":0.0,"timestamp":1546638772,"path_taken":["M","M","?","?","?","R","?","R","T","M","?","?","?","M","R","BOSS","M","?","?","M","M","R","M","?","T","?","$","R","M","M","R","BOSS","M","?","?","?","M","$","M","R","T","M","R","M"],"build_version":"2019-01-03v4","purchased_purges":2,"victory":false,"max_hp_per_floor":[80,80,80,80,80,80,80,80,80,80,80,85,85,85,85,85,85,85,85,85,85,85,85,85,85,85,85,85,85,85,85,85,85,85,85,85,85,85,85,85,85,85,85,85,85,85],"card_choices":[{"not_picked":["Perfected Strike","Disarm"],"picked":"Thunderclap","floor":1},{"not_picked":["Blood for Blood","Carnage"],"picked":"Body Slam","floor":2},{"not_picked":["Feel No Pain","Blood for Blood"],"picked":"Pommel Strike","floor":7},{"not_picked":["Rupture","Thunderclap"],"picked":"Iron Wave","floor":10},{"not_picked":["Flex","Combust"],"picked":"Body Slam","floor":11},{"not_picked":["Feel No Pain","Headbutt","Whirlwind"],"picked":"SKIP","floor":14},{"not_picked":["Berserk","Brutality"],"picked":"Fiend Fire","floor":16},{"not_picked":["Thunderclap","Flex"],"picked":"Cleave","floor":18},{"not_picked":["Iron Wave","Heavy Blade"],"picked":"Clothesline","floor":21},{"not_picked":["Dropkick+1","Rampage"],"picked":"Armaments","floor":22},{"not_picked":["Combust","Body Slam"],"picked":"Dual Wield","floor":24},{"not_picked":["Sword Boomerang","Rage"],"picked":"Intimidate+1","floor":30},{"not_picked":["Heavy Blade+1","Cleave"],"picked":"Barricade","floor":31},{"not_picked":["Double Tap","Brutality"],"picked":"Fiend Fire","floor":33},{"not_picked":["True Grit+1","Pommel Strike"],"picked":"Dual Wield","floor":35},{"not_picked":["True Grit+1","Cleave"],"picked":"Shrug It Off+1","floor":39},{"not_picked":["Perfected Strike+1","Headbutt+1","Flex"],"picked":"SKIP","floor":41},{"not_picked":["Clothesline+1","Iron Wave+1","Armaments"],"picked":"SKIP","floor":44}],"player_experience":7703,"relics_obtained":[{"floor":9,"key":"Oddly Smooth Stone"},{"floor":20,"key":"Necronomicon"},{"floor":26,"key":"Juzu Bracelet"},{"floor":43,"key":"Bag of Marbles"}],"event_choices":[{"damage_healed":0,"gold_gain":0,"player_choice":"Left Gold","damage_taken":0,"max_hp_gain":0,"max_hp_loss":0,"event_name":"World of Goop","floor":3,"gold_loss":26},{"damage_healed":0,"gold_gain":0,"player_choice":"Success","damage_taken":3,"relics_obtained":["Blood Vial"],"max_hp_gain":0,"max_hp_loss":0,"event_name":"Scrap Ooze","floor":4,"gold_loss":0},{"damage_healed":0,"gold_gain":0,"player_choice":"Got Potions","damage_taken":0,"max_hp_gain":0,"max_hp_loss":0,"event_name":"Lab","floor":5,"gold_loss":0},{"damage_healed":0,"gold_gain":0,"player_choice":"Donut","damage_taken":0,"max_hp_gain":5,"max_hp_loss":0,"event_name":"Big Fish","floor":12,"gold_loss":0},{"damage_healed":0,"gold_gain":175,"player_choice":"AGREE","damage_taken":0,"max_hp_gain":0,"max_hp_loss":0,"event_name":"Liars Game","floor":13,"gold_loss":0,"cards_obtained":["Doubt"]},{"damage_healed":0,"gold_gain":0,"player_choice":"Read","damage_taken":0,"max_hp_gain":0,"max_hp_loss":0,"event_name":"The Library","floor":19,"gold_loss":0,"cards_obtained":["Metallicize"]},{"damage_healed":0,"gold_gain":0,"player_choice":"Obtained Book","damage_taken":16,"max_hp_gain":0,"max_hp_loss":0,"event_name":"Cursed Tome","floor":20,"gold_loss":0},{"damage_healed":0,"gold_gain":99,"player_choice":"Stole From Cult","damage_taken":0,"max_hp_gain":0,"max_hp_loss":0,"event_name":"Nest","floor":25,"gold_loss":0},{"damage_healed":0,"gold_gain":0,"player_choice":"Trade","damage_taken":0,"relics_obtained":["CultistMask"],"max_hp_gain":0,"max_hp_loss":0,"event_name":"FaceTrader","floor":27,"gold_loss":0},{"damage_healed":0,"gold_gain":0,"player_choice":"Upgrade","damage_taken":0,"relics_obtained":["Mark of the Bloom"],"max_hp_gain":0,"max_hp_loss":0,"event_name":"MindBloom","floor":36,"gold_loss":0,"cards_upgraded":["Strike_R","Strike_R","Strike_R","Strike_R","Defend_R","Defend_R","Defend_R","Defend_R","Bash","Dropkick","Thunderclap","Iron Wave","Fiend Fire","Cleave","Metallicize","Clothesline","Dual Wield","Dual Wield","Barricade","Fiend Fire","Dual Wield"]},{"damage_healed":0,"gold_gain":0,"player_choice":"Memory 1","damage_taken":0,"max_hp_gain":0,"max_hp_loss":0,"event_name":"SensoryStone","floor":37,"gold_loss":0},{"damage_healed":0,"gold_gain":0,"cards_transformed":["Fiend Fire"],"player_choice":"Transformed","damage_taken":0,"max_hp_gain":0,"max_hp_loss":0,"event_name":"Transmorgrifier","floor":38,"gold_loss":0,"cards_obtained":["Warcry"]}],"is_beta":false,"boss_relics":[{"not_picked":["Tiny House","Orrery"],"picked":"Sozu"},{"not_picked":["Empty Cage","White Beast Statue"],"picked":"Black Blood"}],"items_purged_floors":[28,40],"is_endless":false,"potions_floor_spawned":[2,10,14,16,22,24,31,35,41],"killed_by":"Jaw Worm Horde","ascension_level":0}