{"gold_per_floor":[112,129,140,140,140,140,169,169,223,200,200,216,242,277,277,277],"floor_reached":16,"playtime":807,"items_purged":[],"score":220,"play_id":"0ceddf49-bfdd-4e22-811a-9639eb479aab","local_time":"20190305092728","is_ascension_mode":true,"campfire_choices":[{"data":"Zap","floor":6,"key":"SMITH"},{"data":"Dualcast","floor":8,"key":"SMITH"},{"floor":11,"key":"REST"},{"data":"Self Repair","floor":15,"key":"SMITH"}],"neow_cost":"NONE","seed_source_timestamp":2330818204276800,"circlet_count":0,"master_deck":["AscendersBane","Strike_B","Strike_B","Strike_B+1","Strike_B","Defend_B","Defend_B","Defend_B","Defend_B+1","Zap+1","Dualcast+1","Meteor Strike","Darkness","Glacier","Conserve Battery","Leap","Cold Snap","Cold Snap","Self Repair+1","FTL"],"relics":["Cracked Core","Oddly Smooth Stone","Orichalcum","Odd Mushroom","Lantern"],"potions_floor_usage":[7,16],"damage_taken":[{"damage":9,"enemies":"Jaw Worm","floor":1,"turns":4},{"damage":8,"enemies":"2 Louse","floor":2,"turns":2},{"damage":7,"enemies":"Small Slimes","floor":3,"turns":4},{"damage":9,"enemies":"Lagavulin","floor":7,"turns":7},{"damage":7,"enemies":"Exordium Thugs","floor":10,"turns":4},{"damage":1,"enemies":"Large Slime","floor":12,"turns":6},{"damage":6,"enemies":"The Mushroom Lair","floor":13,"turns":5},{"damage":3,"enemies":"3 Sentries","floor":14,"turns":14},{"damage":22,"enemies":"Hexaghost","floor":16,"turns":9}],"seed_played":"-8323086979963247090","potions_obtained":[{"floor":1,"key":"Block Potion"},{"floor":7,"key":"Dexterity Potion"},{"floor":10,"key":"Poison Potion"},{"floor":12,"key":"Fire Potion"}],"is_trial":false,"path_per_floor":["M","M","M","?","?","R","E","R","T","M","R","M","?","E","R","B"],"character_chosen":"DEFECT","items_purchased":[],"campfire_rested":1,"item_purchase_floors":[],"current_hp_per_floor":[55,47,40,19,19,19,10,10,10,3,24,23,17,21,21,0],"gold":277,"neow_bonus":"ONE_RANDOM_RARE_CARD","is_prod":false,"is_daily":false,"chose_seed":false,"campfire_upgraded":3,"win_rate":0,"timestamp":1551806848,"path_taken":["M","M","M","?","?","R","E","R","T","M","R","M","?","E","R","BOSS"],"build_version":"2019-01-23","purchased_purges":0,"victory":false,"max_hp_per_floor":[71,71,71,71,71,71,71,71,71,71,71,71,71,71,71,71],"card_choices":[{"not_picked":["Sweeping Beam","Barrage"],"picked":"Darkness","floor":1},{"not_picked":["Tempest","Lockon"],"picked":"Glacier","floor":2},{"not_picked":["Cold Snap","Gash"],"picked":"Conserve Battery","floor":3},{"not_picked":["Beam Cell","Static Discharge"],"picked":"Leap","floor":7},{"not_picked":["Undo","Sweeping Beam"],"picked":"Cold Snap","floor":10},{"not_picked":["Steam","Compile Driver"],"picked":"Cold Snap","floor":12},{"not_picked":["Coolheaded","Fission"],"picked":"Self Repair","floor":13},{"not_picked":["Rebound","Beam Cell"],"picked":"FTL","floor":14}],"player_experience":788497,"relics_obtained":[{"floor":7,"key":"Oddly Smooth Stone"},{"floor":9,"key":"Orichalcum"},{"floor":13,"key":"Odd Mushroom"},{"floor":14,"key":"Lantern"}],"event_choices":[{"damage_healed":0,"gold_gain":0,"player_choice":"Entered Light","damage_taken":21,"max_hp_gain":0,"max_hp_loss":0,"event_name":"Shining Light","floor":4,"gold_loss":0,"cards_upgraded":["Defend_B","Strike_B"]},{"damage_healed":0,"gold_gain":0,"player_choice":"Ignored","damage_taken":0,"max_hp_gain":0,"max_hp_loss":0,"event_name":"Liars Game","floor":5,"gold_loss":0},{"damage_healed":0,"gold_gain":0,"player_choice":"Fought Mushrooms","damage_taken":0,"max_hp_gain":0,"max_hp_loss":0,"event_name":"Mushrooms","floor":13,"gold_loss":0}],"is_beta":false,"boss_relics":[],"items_purged_floors":[],"is_endless":false,"potions_floor_spawned":[1,7,10,12],"killed_by":"Hexaghost","ascension_level":20}