{"gold_per_floor":[19,19,19,37,58,58,98,98,98,122,140,65,65,65,65,65],"floor_reached":16,"playtime":616,"items_purged":[],"score":200,"play_id":"31941f41-0e2f-4c75-9142-a6082b5cb335","local_time":"20181204231633","is_ascension_mode":true,"campfire_choices":[{"data":"Envenom","floor":6.0,"key":"SMITH"},{"floor":8,"key":"REST"},{"floor":13,"key":"REST"},{"floor":15,"key":"REST"}],"neow_cost":"NO_GOLD","seed_source_timestamp":530457122365029,"circlet_count":0,"master_deck":["AscendersBane","Defend_G","Defend_G","Defend_G","Defend_G","Strike_G","Strike_G","Strike_G","Survivor","Neutralize","Envenom+1","Backflip","Backflip","Tools of the Trade","Bane"],"special_seed":0,"relics":["Ring of the Snake","Golden Idol","Ornamental Fan","Bottled Tornado"],"potions_floor_usage":[7,11,16],"damage_taken":[{"damage":9.0,"enemies":"Small Slimes","floor":1.0,"turns":4.0},{"damage":2.0,"enemies":"2 Louse","floor":4.0,"turns":5.0},{"damage":6.0,"enemies":"Cultist","floor":5.0,"turns":4.0},{"damage":35,"enemies":"3 Sentries","floor":7,"turns":17},{"damage":5,"enemies":"2 Fungi Beasts","floor":10,"turns":6},{"damage":8,"enemies":"Large Slime","floor":11,"turns":10},{"damage":53,"enemies":"Slime Boss","floor":16,"turns":10}],"seed_played":"-9150250225159226337","potions_obtained":[{"floor":1.0,"key":"GhostInAJar"},{"floor":10,"key":"SkillPotion"},{"floor":11,"key":"LiquidBronze"}],"is_trial":false,"path_per_floor":["M","?","?","M","M","R","E","R","T","M","M","?","R","?","R","B"],"character_chosen":"THE_SILENT","items_purchased":[],"campfire_rested":3,"item_purchase_floors":[],"current_hp_per_floor":[50,50,50,48,42,42,7,25,25,20,12,12,30,30,48,0],"gold":65,"neow_bonus":"THREE_RARE_CARDS","is_prod":false,"is_daily":false,"chose_seed":false,"campfire_upgraded":1,"win_rate":0,"timestamp":1543994193,"path_taken":["M","?","?","?","M","R","E","R","T","M","M","?","R","?","R","BOSS"],"build_version":"2018-11-15","purchased_purges":0,"victory":false,"max_hp_per_floor":[66,60,60,60,60,60,60,60,60,60,60,60,60,60,60,60],"card_choices":[{"not_picked":["Phantasmal Killer","Tools of the Trade"],"picked":"Envenom","floor":0.0},{"not_picked":["Expertise","Bane"],"picked":"Backflip","floor":1.0},{"not_picked":["Deadly Poison","Underhanded Strike"],"picked":"Backflip","floor":4.0},{"not_picked":["Outmaneuver","Dodge and Roll","Accuracy"],"picked":"SKIP","floor":5.0},{"not_picked":["Sucker Punch","Terror"],"picked":"Tools of the Trade","floor":7},{"not_picked":["Sucker Punch","Dodge and Roll","Bouncing Flask"],"picked":"SKIP","floor":10},{"not_picked":["Outmaneuver","Finisher","Eviscerate"],"picked":"SKIP","floor":11}],"player_experience":686636,"relics_obtained":[{"floor":7,"key":"Ornamental Fan"},{"floor":9,"key":"Bottled Tornado"}],"event_choices":[{"damage_healed":0.0,"max_hp_gain":0.0,"max_hp_loss":6.0,"gold_gain":0.0,"event_name":"Golden Idol","player_choice":"Lose Max HP","floor":2.0,"gold_loss":0.0,"damage_taken":0.0,"relics_obtained":["Golden Idol"]},{"cards_removed":["Strike_G"],"damage_healed":0.0,"max_hp_gain":0.0,"max_hp_loss":0.0,"gold_gain":0.0,"event_name":"Bonfire Elementals","player_choice":"Offered Basic","floor":3.0,"gold_loss":0.0,"damage_taken":0.0},{"cards_removed":["Defend_G"],"damage_healed":0,"gold_gain":0,"player_choice":"Card Removal","damage_taken":0,"max_hp_gain":0,"max_hp_loss":0,"event_name":"The Cleric","floor":12,"gold_loss":75},{"damage_healed":0,"gold_gain":0,"cards_transformed":["Strike_G"],"player_choice":"Change","damage_taken":0,"max_hp_gain":0,"max_hp_loss":0,"event_name":"Living Wall","floor":14,"gold_loss":0,"cards_obtained":["Bane"]}],"is_beta":false,"boss_relics":[],"items_purged_floors":[],"is_endless":false,"potions_floor_spawned":[1,10,11],"killed_by":"Slime Boss","ascension_level":20}