{"gold_per_floor":[113,38,52,70,88,113,113,126,150,150,160,176,76,87,87,192,192,208,208,83,98,109,109,123,123,123,123,136,136,136,150,150,254,254,270,120,136,150,150,150,177,177,177,190,190,215,215,231,231,231],"floor_reached":51,"playtime":1764,"items_purged":["Thunderclap","Fire Breathing","Iron Wave","Sword Boomerang"],"score":963,"play_id":"60ca4640-06a7-4a73-8420-bced420f1bc1","local_time":"20180915020937","daily_mods":["Draft"],"is_ascension_mode":false,"campfire_choices":[{"data":"Anger","floor":7,"key":"SMITH"},{"data":"Body Slam","floor":15,"key":"SMITH"},{"data":"Body Slam","floor":23,"key":"SMITH"},{"data":"Body Slam","floor":25,"key":"SMITH"},{"data":"Rage","floor":32,"key":"SMITH"},{"data":"Clash","floor":40,"key":"SMITH"},{"data":"Flex","floor":42,"key":"SMITH"},{"data":"Flex","floor":47,"key":"SMITH"},{"data":"Anger","floor":49,"key":"SMITH"}],"neow_cost":"","seed_source_timestamp":163605925850489,"circlet_count":0,"master_deck":["Rage","Anger+1","Anger","Body Slam+1","Anger+1","Warcry","Body Slam+1","Flex","Rage+1","Flex","Flex+1","Body Slam+1","Anger","Anger","Flex+1","Anger+1","Anger","Clash+1","Flex+1","Anger+1","Flex+1"],"relics":["Unceasing Top","Matryoshka","Potion Belt","Dream Catcher","Black Star","Regal Pillow","Boot","Lantern","Orrery","Toxic Egg 2","Dodecahedron","Mercury Hourglass","Orichalcum","Smiling Mask"],"potions_floor_usage":[5,6,11,14,16,16,16,50,50,50,50,50,50,50,50,50],"damage_taken":[{"damage":0,"enemies":"Cultist","floor":1,"turns":1},{"damage":0,"enemies":"Jaw Worm","floor":3,"turns":1},{"damage":0,"enemies":"Small Slimes","floor":4,"turns":1},{"damage":10,"enemies":"Looter","floor":5,"turns":2},{"damage":22,"enemies":"3 Sentries","floor":6,"turns":5},{"damage":0,"enemies":"Large Slime","floor":8,"turns":2},{"damage":0,"enemies":"Exordium Wildlife","floor":11,"turns":2},{"damage":0,"enemies":"Looter","floor":12,"turns":1},{"damage":0,"enemies":"Red Slaver","floor":14,"turns":1},{"damage":31,"enemies":"The Guardian","floor":16,"turns":4},{"damage":0,"enemies":"Chosen","floor":18,"turns":2},{"damage":0,"enemies":"2 Thieves","floor":21,"turns":1},{"damage":0,"enemies":"Shelled Parasite and Fungi","floor":22,"turns":2},{"damage":0,"enemies":"Centurion and Healer","floor":24,"turns":1},{"damage":0,"enemies":"Snecko","floor":28,"turns":1},{"damage":0,"enemies":"Sentry and Sphere","floor":31,"turns":1},{"damage":0,"enemies":"Champ","floor":33,"turns":1},{"damage":0,"enemies":"3 Shapes","floor":35,"turns":1},{"damage":0,"enemies":"3 Darklings","floor":37,"turns":1},{"damage":0,"enemies":"Spire Growth","floor":38,"turns":1},{"damage":0,"enemies":"Nemesis","floor":41,"turns":1},{"damage":0,"enemies":"Transient","floor":44,"turns":5},{"damage":0,"enemies":"Giant Head","floor":46,"turns":1},{"damage":0,"enemies":"4 Shapes","floor":48,"turns":1},{"damage":46,"enemies":"Time Eater","floor":50,"turns":5}],"seed_played":"8125157277390430646","potions_obtained":[{"floor":3,"key":"EntropicBrew"},{"floor":5,"key":"BloodPotion"},{"floor":8,"key":"GamblersBrew"},{"floor":11,"key":"Energy Potion"},{"floor":14,"key":"AttackPotion"},{"floor":22,"key":"EntropicBrew"},{"floor":24,"key":"Swift Potion"},{"floor":31,"key":"Fire Potion"},{"floor":41,"key":"SteroidPotion"},{"floor":48,"key":"SteroidPotion"}],"is_trial":true,"path_per_floor":["M","$","M","M","M","E","R","M","T","?","M","M","$","M","R","B",null,"M","?","$","M","M","R","M","R","T","?","M","$","?","M","R","B",null,"M","$","M","M","?","R","E","R","T","M","?","E","R","M","R","B"],"character_chosen":"IRONCLAD","items_purchased":[],"campfire_rested":0,"item_purchase_floors":[],"current_hp_per_floor":[80,80,80,80,70,56,56,56,56,56,56,56,56,56,56,34,80,80,80,80,80,80,80,80,80,80,80,80,80,80,80,80,80,80,80,80,80,80,80,80,80,80,80,80,80,80,80,80,80,53],"gold":231,"neow_bonus":"","is_prod":false,"is_daily":false,"chose_seed":false,"campfire_upgraded":9,"win_rate":0,"timestamp":1536991777,"path_taken":["M","$","M","M","M","E","R","M","T","?","M","M","$","M","R","BOSS","M","?","$","M","M","R","M","R","T","?","M","$","?","M","R","BOSS","M","$","M","M","?","R","E","R","T","M","?","E","R","M","R","BOSS"],"build_version":"2018-09-06","purchased_purges":4,"victory":true,"max_hp_per_floor":[80,80,80,80,80,80,80,80,80,80,80,80,80,80,80,80,80,80,80,80,80,80,80,80,80,80,80,80,80,80,80,80,80,80,80,80,80,80,80,80,80,80,80,80,80,80,80,80,80,80],"card_choices":[{"not_picked":["Sword Boomerang","Metallicize"],"picked":"Rage","floor":0},{"not_picked":["True Grit","Shrug It Off"],"picked":"Sword Boomerang","floor":0},{"not_picked":["Corruption","Searing Blow"],"picked":"Thunderclap","floor":0},{"not_picked":["Power Through","Body Slam"],"picked":"Anger","floor":0},{"not_picked":["Shrug It Off","Intimidate"],"picked":"Anger","floor":0},{"not_picked":["Clothesline","Warcry"],"picked":"Body Slam","floor":0},{"not_picked":["Wild Strike","True Grit"],"picked":"Anger","floor":0},{"not_picked":["Armaments","Shrug It Off"],"picked":"Warcry","floor":0},{"not_picked":["Hemokinesis","True Grit"],"picked":"Body Slam","floor":0},{"not_picked":["Shrug It Off","Ghostly Armor"],"picked":"Flex","floor":0},{"not_picked":["Wild Strike","Searing Blow"],"picked":"Rage","floor":0},{"not_picked":["Clothesline","Bloodletting"],"picked":"Flex","floor":0},{"not_picked":["Bloodletting","Uppercut"],"picked":"Fire Breathing","floor":0},{"not_picked":["Rupture","Hemokinesis"],"picked":"Iron Wave","floor":0},{"not_picked":["Sever Soul","Rupture"],"picked":"Flex","floor":0},{"not_picked":["Iron Wave","Havoc","True Grit"],"picked":"SKIP","floor":1},{"not_picked":["Iron Wave","Disarm"],"picked":"Body Slam","floor":3},{"not_picked":["Feel No Pain","Entrench","Warcry"],"picked":"SKIP","floor":4},{"not_picked":["Havoc","Wild Strike","Cleave"],"picked":"SKIP","floor":5},{"not_picked":["Warcry","Reaper","True Grit"],"picked":"SKIP","floor":6},{"not_picked":["Twin Strike","True Grit","Thunderclap"],"picked":"SKIP","floor":8},{"not_picked":["Battle Trance","Cleave","Heavy Blade"],"picked":"SKIP","floor":11},{"not_picked":["Entrench","Inflame","Armaments"],"picked":"SKIP","floor":12},{"not_picked":["Armaments","Heavy Blade"],"picked":"Anger","floor":14},{"not_picked":["Seeing Red+1","Burning Pact"],"picked":"Anger","floor":18},{"not_picked":["Clothesline","Shrug It Off"],"picked":"Flex","floor":21},{"not_picked":["Clothesline","Body Slam","Warcry"],"picked":"SKIP","floor":22},{"not_picked":["Inflame","Wild Strike+1"],"picked":"Anger+1","floor":24},{"not_picked":["Uppercut","Twin Strike","Sever Soul"],"picked":"SKIP","floor":28},{"not_picked":["True Grit","Heavy Blade","Thunderclap"],"picked":"SKIP","floor":31},{"not_picked":["Power Through+1","Havoc"],"picked":"Clash","floor":35},{"not_picked":["Heavy Blade","Shockwave","Pommel Strike"],"picked":"SKIP","floor":37},{"not_picked":["Double Tap","Feel No Pain"],"picked":"Flex+1","floor":38},{"not_picked":["Dual Wield","Thunderclap+1"],"picked":"Anger+1","floor":41},{"not_picked":["Clothesline+1","Power Through+1","Wild Strike"],"picked":"SKIP","floor":44},{"not_picked":["Barricade","Bludgeon","Warcry+1"],"picked":"SKIP","floor":46},{"not_picked":["Cleave+1","Metallicize"],"picked":"Flex+1","floor":48}],"player_experience":142358,"relics_obtained":[{"floor":6,"key":"Matryoshka"},{"floor":9,"key":"Potion Belt"},{"floor":9,"key":"Dream Catcher"},{"floor":26,"key":"Regal Pillow"},{"floor":26,"key":"Boot"},{"floor":41,"key":"Toxic Egg 2"},{"floor":41,"key":"Dodecahedron"},{"floor":43,"key":"Mercury Hourglass"},{"floor":46,"key":"Orichalcum"},{"floor":46,"key":"Smiling Mask"}],"event_choices":[{"event_name":"The Woman in Blue","player_choice":"Bought 0 Potions","floor":10,"damage_taken":0},{"event_name":"Match and Keep!","player_choice":"0 cards matched","floor":19,"damage_taken":0},{"event_name":"The Library","player_choice":"Read","floor":27,"damage_taken":0},{"event_name":"WeMeetAgain","player_choice":"Potion","floor":30,"damage_taken":0},{"event_name":"Tomb of Lord Red Mask","player_choice":"Ignored","floor":39,"damage_taken":0},{"event_name":"Mysterious Sphere","player_choice":"Ignore","floor":45,"damage_taken":0}],"is_beta":false,"boss_relics":[{"not_picked":["Pandora\u0027s Box","Velvet Choker"],"picked":"Black Star"},{"not_picked":["Runic Dome","Astrolabe"],"picked":"Orrery"}],"items_purged_floors":[2,13,20,36],"is_endless":false,"potions_floor_spawned":[3,5,8,11,14,22,24,31,41,48],"ascension_level":0}