{"gold_per_floor":[111,111,126,73,40,40,69,69,69,43,71,71,71,88,88,183,183,200,217,316,286,304,304,319,319,374,374,374,390,7,40,40,137,137,157,170,180,192,544,544],"floor_reached":40,"playtime":2076,"items_purged":["Doubt"],"score":510,"play_id":"d9372c78-1ba3-4f78-978d-15b8198a2064","local_time":"20190306024018","is_ascension_mode":true,"campfire_choices":[{"data":"Zap","floor":6,"key":"SMITH"},{"data":"Dualcast","floor":8,"key":"SMITH"},{"data":"Sunder","floor":12,"key":"SMITH"},{"data":"Conserve Battery","floor":13,"key":"SMITH"},{"data":"Cold Snap","floor":15,"key":"SMITH"},{"floor":23,"key":"REST"},{"floor":28,"key":"REST"},{"floor":32,"key":"REST"}],"neow_cost":"CURSE","seed_source_timestamp":138599779189229,"circlet_count":0,"master_deck":["Strike_B","Strike_B","Strike_B","Strike_B","Defend_B","Defend_B","Defend_B","Defend_B","Zap+1","Dualcast+1","Compile Driver","Cold Snap+1","Conserve Battery+1","Sunder+1","Echo Form","Leap","Rip and Tear","Cold Snap","Streamline","All For One","Skim+1","Rip and Tear+1","Auto Shields","Hologram+1","Stack+1"],"relics":["Cracked Core","WingedGreaves","Art of War","Kunai","Odd Mushroom","Snecko Eye","Enchiridion","Happy Flower","Gremlin Horn","Oddly Smooth Stone","White Beast Statue","Old Coin"],"potions_floor_usage":[7,7,7,7,11,16,22,24,24,24,29,29,29,31,31,31,31,37,38,38],"damage_taken":[{"damage":6,"enemies":"Small Slimes","floor":1,"turns":4},{"damage":4,"enemies":"Jaw Worm","floor":3,"turns":3},{"damage":11,"enemies":"3 Sentries","floor":7,"turns":6},{"damage":3,"enemies":"The Mushroom Lair","floor":11,"turns":3},{"damage":0,"enemies":"Cultist","floor":14,"turns":3},{"damage":47,"enemies":"Slime Boss","floor":16,"turns":14},{"damage":20,"enemies":"2 Thieves","floor":18,"turns":3},{"damage":0,"enemies":"Chosen","floor":19,"turns":4},{"damage":24,"enemies":"Snake Plant","floor":22,"turns":4},{"damage":9,"enemies":"Centurion and Healer","floor":24,"turns":4},{"damage":22,"enemies":"3 Cultists","floor":29,"turns":5},{"damage":25,"enemies":"Slavers","floor":31,"turns":4},{"damage":17,"enemies":"Automaton","floor":33,"turns":8},{"damage":0,"enemies":"Orb Walker","floor":35,"turns":2},{"damage":6,"enemies":"3 Shapes","floor":36,"turns":4},{"damage":0,"enemies":"Jaw Worm Horde","floor":37,"turns":2},{"damage":10,"enemies":"Spire Growth","floor":38,"turns":4},{"damage":9,"enemies":"2 Orb Walkers","floor":39,"turns":4},{"damage":73,"enemies":"Reptomancer","floor":40,"turns":3}],"seed_played":"-4357648174348646013","potions_obtained":[{"floor":1,"key":"EntropicBrew"},{"floor":3,"key":"AttackPotion"},{"floor":7,"key":"SkillPotion"},{"floor":19,"key":"Explosive Potion"},{"floor":21,"key":"SkillPotion"},{"floor":21,"key":"Poison Potion"},{"floor":22,"key":"Dexterity Potion"},{"floor":24,"key":"GamblersBrew"},{"floor":27,"key":"Regen Potion"},{"floor":27,"key":"SteroidPotion"},{"floor":29,"key":"EntropicBrew"},{"floor":35,"key":"Ancient Potion"},{"floor":36,"key":"Swift Potion"},{"floor":37,"key":"Fruit Juice"},{"floor":38,"key":"SpeedPotion"},{"floor":39,"key":"SteroidPotion"}],"is_trial":false,"path_per_floor":["M","?","M","$","?","R","E","R","T","$","?","R","R","M","R","B",null,"M","M","?","?","M","R","M","?","T","?","R","M","$","E","R","B",null,"M","M","M","M","?","E"],"character_chosen":"DEFECT","items_purchased":["Cold Snap","Conserve Battery","Gremlin Horn","Cold Snap"],"campfire_rested":3,"item_purchase_floors":[4,10,30,30],"current_hp_per_floor":[69,69,65,65,65,65,54,54,54,54,51,51,51,51,51,4,75,55,55,55,55,31,53,44,28,28,28,50,42,42,17,39,22,75,75,69,69,64,55,0],"gold":544,"neow_bonus":"ONE_RARE_RELIC","is_prod":false,"is_daily":false,"chose_seed":false,"campfire_upgraded":5,"win_rate":0,"timestamp":1551868818,"path_taken":["M","?","M","$","?","R","E","R","T","$","?","R","R","?","R","BOSS","M","?","?","?","M","R","?","?","T","?","R","M","$","E","R","BOSS","M","M","?","M","?","E"],"build_version":"2019-01-23","purchased_purges":1,"victory":false,"max_hp_per_floor":[75,75,75,75,75,75,75,75,75,75,75,75,75,75,75,75,75,75,75,75,75,75,75,75,75,75,75,75,75,75,75,75,75,75,75,75,75,80,80,80],"card_choices":[{"not_picked":["Gash","Rebound","Genetic Algorithm"],"picked":"SKIP","floor":1},{"not_picked":["Turbo","Steam Power"],"picked":"Compile Driver","floor":3},{"not_picked":["Force Field","Stack","Hello World"],"picked":"SKIP","floor":7},{"not_picked":["Aggregate","Compile Driver"],"picked":"Sunder","floor":11},{"not_picked":["Force Field","FTL","Turbo"],"picked":"SKIP","floor":14},{"not_picked":["Seek","Amplify"],"picked":"Echo Form","floor":16},{"not_picked":["Ball Lightning+1","Rebound"],"picked":"Leap","floor":18},{"not_picked":["FTL","Go for the Eyes","Scrape+1"],"picked":"SKIP","floor":19},{"not_picked":["Barrage","Turbo"],"picked":"Rip and Tear","floor":22},{"not_picked":["Sweeping Beam","Hologram","Ball Lightning"],"picked":"SKIP","floor":24},{"not_picked":["Redo+1","Sweeping Beam","Ball Lightning"],"picked":"SKIP","floor":29},{"not_picked":["Sweeping Beam","Stack"],"picked":"Streamline","floor":31},{"not_picked":["Amplify","Machine Learning"],"picked":"All For One","floor":33},{"not_picked":["Storm+1","Aggregate"],"picked":"Skim+1","floor":35},{"not_picked":["Skim+1","Aggregate+1"],"picked":"Rip and Tear+1","floor":36},{"not_picked":["Steam+1","Skim+1"],"picked":"Auto Shields","floor":37},{"not_picked":["Reinforced Body","Beam Cell+1"],"picked":"Hologram+1","floor":38},{"not_picked":["Fusion","Redo"],"picked":"Stack+1","floor":39}],"player_experience":298654,"relics_obtained":[{"floor":7,"key":"Art of War"},{"floor":9,"key":"Kunai"},{"floor":11,"key":"Odd Mushroom"},{"floor":25,"key":"Enchiridion"},{"floor":26,"key":"Happy Flower"},{"floor":31,"key":"Oddly Smooth Stone"},{"floor":39,"key":"Old Coin"}],"event_choices":[{"damage_healed":0,"gold_gain":0,"player_choice":"Ignored","damage_taken":0,"max_hp_gain":0,"max_hp_loss":0,"event_name":"Shining Light","floor":2,"gold_loss":0},{"damage_healed":0,"gold_gain":0,"player_choice":"Left Gold","damage_taken":0,"max_hp_gain":0,"max_hp_loss":0,"event_name":"World of Goop","floor":5,"gold_loss":33},{"damage_healed":0,"gold_gain":0,"player_choice":"Fought Mushrooms","damage_taken":0,"max_hp_gain":0,"max_hp_loss":0,"event_name":"Mushrooms","floor":11,"gold_loss":0},{"damage_healed":0,"gold_gain":99,"player_choice":"Stole From Cult","damage_taken":0,"max_hp_gain":0,"max_hp_loss":0,"event_name":"Nest","floor":20,"gold_loss":0},{"damage_healed":0,"gold_gain":0,"player_choice":"Bought 2 Potions","damage_taken":0,"max_hp_gain":0,"max_hp_loss":0,"event_name":"The Woman in Blue","floor":21,"gold_loss":0},{"damage_healed":0,"gold_gain":0,"player_choice":"Obtained Book","damage_taken":16,"max_hp_gain":0,"max_hp_loss":0,"event_name":"Cursed Tome","floor":25,"gold_loss":0},{"damage_healed":0,"gold_gain":0,"player_choice":"Got Potions","damage_taken":0,"max_hp_gain":0,"max_hp_loss":0,"event_name":"Lab","floor":27,"gold_loss":0},{"damage_healed":0,"gold_gain":0,"player_choice":"Fight","damage_taken":0,"max_hp_gain":0,"max_hp_loss":0,"event_name":"Mysterious Sphere","floor":39,"gold_loss":0}],"is_beta":false,"boss_relics":[{"not_picked":["Velvet Choker","Sozu"],"picked":"Snecko Eye"},{"not_picked":["Runic Dome","Coffee Dripper"],"picked":"White Beast Statue"}],"items_purged_floors":[30],"is_endless":false,"potions_floor_spawned":[1,3,7,19,22,24,29,35,36,37,38,39],"killed_by":"Reptomancer","ascension_level":4}