{"gold_per_floor":[116,128,128,13,25,52,52,86,112,112,126,126,142,156,156,254,254,264,70,70,89,4,38,38,50,50,50,85,17,34,64,64,167,167,181,227,449,16,16,16,16],"floor_reached":41,"playtime":2438,"items_purged":["Pain","Chen:Strike"],"score":462,"play_id":"46f4feda-b454-4da1-94ba-e8461833ebfc","local_time":"20190303032528","is_ascension_mode":false,"campfire_choices":[{"floor":12,"key":"REST"},{"data":"Chen:Deceitful","floor":15,"key":"SMITH"},{"data":"Chen:Possession","floor":24,"key":"SMITH"},{"data":"Chen:Impale","floor":32,"key":"SMITH"},{"data":"Chen:Possession","floor":40,"key":"SMITH"}],"neow_cost":"NONE","seed_source_timestamp":2134661921916800,"circlet_count":0,"master_deck":["Chen:Strike+1","Chen:Strike+1","Chen:Strike","Chen:Defend+1","Chen:Defend","Chen:Defend+1","Chen:Defend","Chen:PounceTurnTail","Chen:GlitterPoke","Chen:Nimbleness","Chen:Rush","Chen:Assault","Chen:Salvo","Chen:Tear","Chen:Deceitful+1","Chen:Sweep","Chen:DazzleFlash","Chen:UpperHand","Chen:Tear","Chen:Knockout","Chen:Possession+1","Chen:Impale+1","Chen:Frivolous","Chen:Sneak","Chen:Sneak+1","Chen:UnstableBoundary+1","Chen:WhateverWorks+1","Chen:Honk+1","Chen:Fadeout+1","Chen:Mixup+1","Chen:Copycat+1","Chen:Possession+1","Chen:Lacerate+1","Apotheosis+1","Madness+1"],"relics":["Chen:Catnip","WarpedTongs","Happy Flower","Art of War","Meat on the Bone","Dream Catcher","Sozu","Toxic Egg 2","Red Mask","Oddly Smooth Stone","Dead Branch","Torii","Coffee Dripper","Turnip","War Paint"],"potions_floor_usage":[11,16,33],"damage_taken":[{"damage":0,"enemies":"Small Slimes","floor":1,"turns":3},{"damage":2,"enemies":"Cultist","floor":2,"turns":3},{"damage":0,"enemies":"2 Louse","floor":5,"turns":2},{"damage":32,"enemies":"Gremlin Nob","floor":6,"turns":3},{"damage":11,"enemies":"Lagavulin","floor":8,"turns":7},{"damage":6,"enemies":"Blue Slaver","floor":11,"turns":3},{"damage":0,"enemies":"Large Slime","floor":13,"turns":3},{"damage":25,"enemies":"Exordium Thugs","floor":14,"turns":4},{"damage":8,"enemies":"Hexaghost","floor":16,"turns":6},{"damage":12,"enemies":"Shell Parasite","floor":18,"turns":3},{"damage":0,"enemies":"Chosen","floor":21,"turns":4},{"damage":16,"enemies":"Masked Bandits","floor":23,"turns":3},{"damage":7,"enemies":"Snecko","floor":25,"turns":4},{"damage":11,"enemies":"Book of Stabbing","floor":28,"turns":4},{"damage":0,"enemies":"Centurion and Healer","floor":30,"turns":4},{"damage":21,"enemies":"Slavers","floor":31,"turns":6},{"damage":3,"enemies":"Champ","floor":33,"turns":10},{"damage":1,"enemies":"Orb Walker","floor":35,"turns":5},{"damage":20,"enemies":"2 Orb Walkers","floor":36,"turns":3},{"damage":70,"enemies":"Reptomancer","floor":41,"turns":2}],"seed_played":"6960906362167590838","potions_obtained":[{"floor":8,"key":"Weak Potion"},{"floor":11,"key":"AttackPotion"},{"floor":14,"key":"Dexterity Potion"}],"is_trial":false,"path_per_floor":["M","M","?","$","M","E","?","E","T","?","M","R","M","M","R","B",null,"M","$","?","M","?","?","R","M","T","?","E","$","M","E","R","B",null,"M","?","?","$","?","R","E"],"character_chosen":"CHEN","items_purchased":["Chen:Salvo","Chen:Impale","Chen:Frivolous","Chen:Sneak","Chen:Fadeout+1","Apotheosis+1","War Paint"],"campfire_rested":1,"item_purchase_floors":[4,19,19,19,29,38,38],"current_hp_per_floor":[70,68,68,68,68,36,33,22,22,8,14,35,47,34,34,38,70,58,58,45,45,45,41,41,46,46,46,47,47,47,38,38,47,75,74,54,54,54,54,54,0],"gold":16,"neow_bonus":"ONE_RANDOM_RARE_CARD","is_prod":false,"is_daily":false,"chose_seed":false,"campfire_upgraded":4,"win_rate":0.0,"timestamp":1551612328,"path_taken":["M","M","?","$","?","E","?","E","T","?","M","R","M","M","R","BOSS","M","$","?","M","?","?","R","M","T","?","E","$","M","E","R","BOSS","M","?","?","$","?","R","E"],"build_version":"2019-01-23","purchased_purges":2,"victory":false,"max_hp_per_floor":[70,70,70,70,70,70,70,70,70,70,70,70,70,70,70,70,70,70,70,75,75,75,75,75,75,75,75,75,75,75,75,75,75,75,75,75,75,75,75,75,75],"card_choices":[{"not_picked":["Chen:Adaptability","Chen:Panic"],"picked":"Chen:Rush","floor":1},{"not_picked":["Chen:Scratch","Chen:Fadeout"],"picked":"Chen:Assault","floor":2},{"not_picked":["Chen:Instinct","Chen:Sweep"],"picked":"Chen:Tear","floor":5},{"not_picked":["Chen:Sneak","Chen:StudySharpen"],"picked":"Chen:Deceitful","floor":6},{"not_picked":["Chen:Barrier","Chen:PentagramFlight"],"picked":"Chen:Sweep","floor":8},{"not_picked":["Chen:Excitement","Chen:SelfControl"],"picked":"Chen:DazzleFlash","floor":11},{"not_picked":["Chen:Excitement","Chen:Fadeout"],"picked":"Chen:UpperHand","floor":12},{"not_picked":["Chen:Adaptability","Chen:Mixup"],"picked":"Chen:Tear","floor":13},{"not_picked":["Chen:Barrier","Chen:PentagramFlight"],"picked":"Chen:Knockout","floor":14},{"not_picked":["Chen:PhoenixEgg","Chen:Kimontonkou"],"picked":"Chen:Possession","floor":16},{"not_picked":["Chen:Tear","Chen:Fadeout","Chen:RecklessLeap"],"picked":"SKIP","floor":18},{"not_picked":["Chen:Catseye","Chen:PentagramFlight"],"picked":"Chen:Sneak+1","floor":21},{"not_picked":["Chen:ResistTemptation+1","Chen:Knockout"],"picked":"Chen:UnstableBoundary+1","floor":23},{"not_picked":["Chen:Adaptability+1","Chen:Rush+1","Chen:CatPunch"],"picked":"SKIP","floor":25},{"not_picked":["Chen:Barrier+1","Chen:Spray"],"picked":"Chen:Honk+1","floor":28},{"not_picked":["Chen:ResistTemptation+1","Chen:Honk+1"],"picked":"Chen:Mixup+1","floor":30},{"not_picked":["Chen:GuardCounter+1","Chen:PhoenixEgg"],"picked":"Chen:Copycat+1","floor":31},{"not_picked":["Chen:WhateverWorks+1","Chen:CurlUp+1"],"picked":"Chen:Possession","floor":33},{"not_picked":["Chen:Deceitful+1","Chen:ResistTemptation+1"],"picked":"Chen:Lacerate+1","floor":35},{"not_picked":["Flash of Steel","Chrysalis+1"],"picked":"Madness+1","floor":39}],"player_experience":794953,"relics_obtained":[{"floor":6,"key":"Happy Flower"},{"floor":8,"key":"Meat on the Bone"},{"floor":9,"key":"Dream Catcher"},{"floor":23,"key":"Red Mask"},{"floor":26,"key":"Oddly Smooth Stone"},{"floor":28,"key":"Dead Branch"},{"floor":31,"key":"Torii"},{"floor":36,"key":"Turnip"}],"event_choices":[{"damage_healed":0,"gold_gain":0,"player_choice":"Rummage","damage_taken":0,"relics_obtained":["WarpedTongs"],"max_hp_gain":0,"max_hp_loss":0,"event_name":"Accursed Blacksmith","floor":3,"gold_loss":0,"cards_obtained":["Pain"]},{"damage_healed":0,"gold_gain":0,"player_choice":"Success","damage_taken":3,"relics_obtained":["Art of War"],"max_hp_gain":0,"max_hp_loss":0,"event_name":"Scrap Ooze","floor":7,"gold_loss":0},{"damage_healed":0,"gold_gain":0,"player_choice":"Entered Light","damage_taken":14,"max_hp_gain":0,"max_hp_loss":0,"event_name":"Shining Light","floor":10,"gold_loss":0,"cards_upgraded":["Chen:Strike","Chen:Strike"]},{"damage_healed":0,"gold_gain":0,"player_choice":"Shed Blood","damage_taken":18,"max_hp_gain":5,"max_hp_loss":0,"event_name":"Forgotten Altar","floor":20,"gold_loss":0},{"damage_healed":0,"gold_gain":0,"player_choice":"Obtained Relic","damage_taken":0,"relics_obtained":["Toxic Egg 2"],"max_hp_gain":0,"max_hp_loss":0,"event_name":"Addict","floor":22,"gold_loss":85},{"damage_healed":0,"gold_gain":0,"player_choice":"Fought Bandits","damage_taken":0,"max_hp_gain":0,"max_hp_loss":0,"event_name":"Masked Bandits","floor":23,"gold_loss":0},{"damage_healed":0,"gold_gain":0,"cards_transformed":["Chen:Strike"],"player_choice":"Transformed","damage_taken":0,"max_hp_gain":0,"max_hp_loss":0,"event_name":"Transmorgrifier","floor":27,"gold_loss":0,"cards_obtained":["Chen:WhateverWorks"]},{"damage_healed":0,"gold_gain":0,"player_choice":"Fight","damage_taken":0,"max_hp_gain":0,"max_hp_loss":0,"event_name":"Mysterious Sphere","floor":36,"gold_loss":0},{"damage_healed":0,"gold_gain":222,"player_choice":"Wore Mask","damage_taken":0,"max_hp_gain":0,"max_hp_loss":0,"event_name":"Tomb of Lord Red Mask","floor":37,"gold_loss":0},{"damage_healed":0,"gold_gain":0,"player_choice":"Memory 1","damage_taken":0,"max_hp_gain":0,"max_hp_loss":0,"event_name":"SensoryStone","floor":39,"gold_loss":0}],"is_beta":false,"boss_relics":[{"not_picked":["Pandora\u0027s Box","Philosopher\u0027s Stone"],"picked":"Sozu"},{"not_picked":["Black Star","Velvet Choker"],"picked":"Coffee Dripper"}],"items_purged_floors":[4,38],"is_endless":false,"potions_floor_spawned":[8,11,14,21,25,28],"killed_by":"Reptomancer","ascension_level":0}