{"gold_per_floor":[117,117,131,20,20,20,51,75,75,75,91,91,111,186,186,310,373,387,312,331,331,344,344,367,367,367,69,94,193,14,34,34,155,155,173,23,23,23],"floor_reached":38,"playtime":1788,"items_purged":["Strike_B","Strike_B","Defend_B","Defend_B"],"score":666,"play_id":"91d134e1-6c1c-47bd-a73e-ec6d2cdd587d","local_time":"20181105015850","is_ascension_mode":true,"campfire_choices":[{"data":"Beam Cell","floor":6,"key":"SMITH"},{"data":"Hologram","floor":12,"key":"SMITH"},{"data":"Machine Learning","floor":15,"key":"SMITH"},{"data":"Streamline","floor":23,"key":"SMITH"},{"floor":25,"key":"REST"},{"floor":32,"key":"REST"}],"neow_cost":"NONE","seed_source_timestamp":24310552467114,"circlet_count":0,"master_deck":["AscendersBane","Defend_B","Defend_B","Zap","Dualcast","Gash","Beam Cell+1","FTL+1","Go for the Eyes","Hologram+1","Scrape","Machine Learning+1","Echo Form+1","Conserve Battery","Reinforced Body","White Noise","Streamline+1","Rebound","Gash","Steam","Gash","Go for the Eyes+1","Buffer","Beam Cell+1"],"relics":["Cracked Core","Ancient Tea Set","Golden Idol","Happy Flower","Shuriken","Tiny House","Kunai","DollysMirror","Snecko Eye"],"potions_floor_usage":[16,18,28,37],"damage_taken":[{"damage":10,"enemies":"Small Slimes","floor":1,"turns":4},{"damage":2,"enemies":"Jaw Worm","floor":3,"turns":3},{"damage":15,"enemies":"3 Sentries","floor":7,"turns":7},{"damage":0,"enemies":"2 Louse","floor":8,"turns":1},{"damage":0,"enemies":"2 Fungi Beasts","floor":11,"turns":3},{"damage":0,"enemies":"Exordium Wildlife","floor":13,"turns":2},{"damage":0,"enemies":"Slime Boss","floor":16,"turns":5},{"damage":15,"enemies":"3 Byrds","floor":18,"turns":4},{"damage":8,"enemies":"Chosen","floor":20,"turns":4},{"damage":20,"enemies":"Shelled Parasite and Fungi","floor":22,"turns":3},{"damage":2,"enemies":"Centurion and Healer","floor":24,"turns":5},{"damage":15,"enemies":"Snake Plant","floor":28,"turns":3},{"damage":17,"enemies":"Chosen and Byrds","floor":31,"turns":6},{"damage":38,"enemies":"Automaton","floor":33,"turns":8},{"damage":17,"enemies":"3 Shapes","floor":35,"turns":10},{"damage":23,"enemies":"3 Darklings","floor":37,"turns":2},{"damage":30,"enemies":"Writhing Mass","floor":38,"turns":5}],"seed_played":"5675766907056505890","potions_obtained":[{"floor":7,"key":"AttackPotion"},{"floor":13,"key":"LiquidBronze"},{"floor":16,"key":"Explosive Potion"},{"floor":17,"key":"Ancient Potion"},{"floor":22,"key":"AttackPotion"},{"floor":28,"key":"SmokeBomb"}],"is_trial":false,"path_per_floor":["M","?","M","$","?","R","?","M","T","?","M","R","M","?","R","B",null,"M","?","M","?","M","R","M","R","T","$","M","?","$","M","R","B",null,"M","$","M","M"],"character_chosen":"DEFECT","items_purchased":["FTL","DollysMirror","Gash"],"campfire_rested":2,"item_purchase_floors":[4,27,30],"current_hp_per_floor":[58,40,38,38,43,43,28,28,28,28,28,28,28,17,17,17,69,54,54,46,46,26,26,24,49,49,49,34,34,34,17,42,4,65,48,48,25,0],"gold":23,"neow_bonus":"RANDOM_COMMON_RELIC","is_prod":false,"is_daily":false,"chose_seed":false,"campfire_upgraded":4,"win_rate":0,"timestamp":1541411930,"path_taken":["M","?","M","$","?","R","?","M","T","?","?","R","M","?","R","BOSS","M","?","M","?","M","R","?","R","T","?","M","?","$","M","R","BOSS","M","$","M","M"],"build_version":"2018-11-01","purchased_purges":4,"victory":false,"max_hp_per_floor":[75,75,75,75,80,80,80,80,80,80,80,80,80,80,80,80,85,85,85,85,85,85,85,85,85,85,85,85,85,85,85,85,85,85,85,85,85,85],"card_choices":[{"not_picked":["Turbo","Cold Snap"],"picked":"Gash","floor":1},{"not_picked":["Cold Snap","Steam"],"picked":"Beam Cell","floor":3},{"not_picked":["Compile Driver","Aggregate"],"picked":"Go for the Eyes","floor":7},{"not_picked":["Rebound","Melter"],"picked":"Hologram","floor":8},{"not_picked":["Cold Snap","Sweeping Beam"],"picked":"Scrape","floor":11},{"not_picked":["Barrage","Conserve Battery"],"picked":"Machine Learning","floor":13},{"not_picked":["Creative AI","Seek"],"picked":"Echo Form","floor":16},{"not_picked":["Storm","Ball Lightning"],"picked":"Conserve Battery","floor":17},{"not_picked":["Redo","Ball Lightning"],"picked":"Reinforced Body","floor":18},{"not_picked":["Coolheaded","Redo"],"picked":"White Noise","floor":20},{"not_picked":["Steam Power","Undo"],"picked":"Streamline","floor":22},{"not_picked":["Doom and Gloom","Cold Snap"],"picked":"Rebound","floor":24},{"not_picked":["Ball Lightning+1","Melter"],"picked":"Steam","floor":28},{"not_picked":["Turbo","Redo"],"picked":"Go for the Eyes+1","floor":31},{"not_picked":["Echo Form","Fission"],"picked":"Buffer","floor":33},{"not_picked":["Melter","Cold Snap"],"picked":"Beam Cell+1","floor":35}],"player_experience":346721,"relics_obtained":[{"floor":7,"key":"Happy Flower"},{"floor":9,"key":"Shuriken"},{"floor":26,"key":"Kunai"}],"event_choices":[{"damage_healed":0,"gold_gain":0,"player_choice":"Take Damage","damage_taken":18,"relics_obtained":["Golden Idol"],"max_hp_gain":0,"max_hp_loss":0,"event_name":"Golden Idol","floor":2,"gold_loss":0},{"damage_healed":0,"gold_gain":0,"player_choice":"Donut","damage_taken":0,"max_hp_gain":5,"max_hp_loss":0,"event_name":"Big Fish","floor":5,"gold_loss":0},{"damage_healed":0,"gold_gain":30,"player_choice":"Searched \u00272\u0027 times","damage_taken":0,"max_hp_gain":0,"max_hp_loss":0,"event_name":"Dead Adventurer","floor":7,"gold_loss":0},{"cards_removed":["Strike_B"],"damage_healed":0,"gold_gain":0,"player_choice":"Forget","damage_taken":0,"max_hp_gain":0,"max_hp_loss":0,"event_name":"Living Wall","floor":10,"gold_loss":0},{"damage_healed":0,"gold_gain":75,"player_choice":"Gather Gold","damage_taken":11,"max_hp_gain":0,"max_hp_loss":0,"event_name":"World of Goop","floor":14,"gold_loss":0},{"cards_removed":["Strike_B"],"damage_healed":0,"gold_gain":0,"player_choice":"Gave Gold","damage_taken":0,"max_hp_gain":0,"max_hp_loss":0,"event_name":"Beggar","floor":19,"gold_loss":75},{"damage_healed":0,"gold_gain":0,"player_choice":"Upgraded","damage_taken":0,"max_hp_gain":0,"max_hp_loss":0,"event_name":"Upgrade Shrine","floor":21,"gold_loss":0,"cards_upgraded":["Echo Form"]},{"damage_healed":0,"gold_gain":99,"player_choice":"Stole From Cult","damage_taken":0,"max_hp_gain":0,"max_hp_loss":0,"event_name":"Nest","floor":29,"gold_loss":0}],"is_beta":false,"boss_relics":[{"not_picked":["Runic Pyramid","FrozenCore"],"picked":"Tiny House"},{"not_picked":["Lizard Tail","Orrery"],"picked":"Snecko Eye"}],"items_purged_floors":[4,27,30,36],"is_endless":false,"potions_floor_spawned":[7,13,16,22,28,37],"killed_by":"Writhing Mass","ascension_level":12}