{"path_per_floor":["M","M","?","M","?","E","M","R","T","R","T","M","M","$","R","B",null,"M","$","?","M","?","R","M","M","T","?","M","M","?","?","R"],"character_chosen":"DEFECT","items_purchased":["Runic Capacitor"],"gold_per_floor":[115,126,126,141,106,140,151,151,151,151,151,169,187,187,187,285,285,252,53,53,67,217,217,234,254,254,454,464,464,464,444,444,444],"floor_reached":33,"campfire_rested":5,"playtime":1002,"item_purchase_floors":[19],"current_hp_per_floor":[72,72,65,62,75,27,18,40,40,62,62,58,50,50,72,68,75,64,64,64,50,50,72,52,23,23,23,23,11,36,36,58,0],"items_purged":[],"gold":444,"score":249,"play_id":"2924857f-1023-4b3d-8d78-0119c11661b4","local_time":"20180611185149","is_prod":false,"is_daily":false,"chose_seed":false,"is_ascension_mode":false,"campfire_upgraded":0,"win_rate":0,"timestamp":1528707109,"campfire_choices":[{"floor":8,"key":"REST"},{"floor":10,"key":"REST"},{"floor":15,"key":"REST"},{"floor":23,"key":"REST"},{"floor":32,"key":"REST"}],"path_taken":["M","M","?","M","?","E","M","R","T","R","?","M","?","$","R","BOSS","M","$","?","?","?","R","M","M","T","?","M","M","?","?","R","BOSS"],"build_version":"2018-06-08","seed_source_timestamp":25048747572442,"purchased_purges":0,"victory":false,"master_deck":["Strike_B","Strike_B","Strike_B","Defend_B","Defend_B","Defend_B","Defend_B","Zap","Dualcast","Steam","Echo Form","Gash","Gash","BootSequence","Rainbow","Redo","Ball Lightning","Beam Cell+1"],"max_hp_per_floor":[75,75,75,75,75,75,75,75,75,75,75,75,75,75,75,75,75,75,75,75,75,75,75,75,75,75,75,75,75,75,75,75,75],"relics":["Cracked Core","Anchor","Symbiotic Virus","Nuclear Battery","Runic Capacitor","Nloth\u0027s Gift","Omamori"],"card_choices":[{"not_picked":["Melter","Go for the Eyes","Stack"],"picked":"SKIP","floor":1},{"not_picked":["Coolheaded","Stack","Go for the Eyes"],"picked":"SKIP","floor":2},{"not_picked":["Turbo","Consume"],"picked":"Steam","floor":4},{"not_picked":["Thunder Strike","Skim"],"picked":"Echo Form","floor":6},{"not_picked":["Go for the Eyes","Turbo"],"picked":"Gash","floor":7},{"not_picked":["Blizzard","BootSequence"],"picked":"Gash","floor":12},{"not_picked":["Reinforced Body","Hologram"],"picked":"BootSequence","floor":13},{"not_picked":["Meteor Strike","Buffer"],"picked":"Rainbow","floor":16},{"not_picked":["Steam","Sweeping Beam"],"picked":"Redo","floor":18},{"not_picked":["Streamline+1","Stack","Undo+1"],"picked":"SKIP","floor":21},{"not_picked":["Conserve Battery","Hologram","Blizzard"],"picked":"SKIP","floor":24},{"not_picked":["Biased Cognition","Undo"],"picked":"Ball Lightning","floor":25},{"not_picked":["Steam","Turbo"],"picked":"Beam Cell+1","floor":28}],"player_experience":394880,"potions_floor_usage":[13,25,28,28,28,29,33],"damage_taken":[{"damage":3,"enemies":"Jaw Worm","floor":1,"turns":3},{"damage":0,"enemies":"2 Louse","floor":2,"turns":2},{"damage":3,"enemies":"Small Slimes","floor":4,"turns":3},{"damage":48,"enemies":"Gremlin Nob","floor":6,"turns":5},{"damage":9,"enemies":"Blue Slaver","floor":7,"turns":4},{"damage":4,"enemies":"3 Louse","floor":12,"turns":4},{"damage":8,"enemies":"Lots of Slimes","floor":13,"turns":3},{"damage":4,"enemies":"Slime Boss","floor":16,"turns":7},{"damage":11,"enemies":"2 Thieves","floor":18,"turns":5},{"damage":14,"enemies":"Chosen","floor":21,"turns":6},{"damage":20,"enemies":"Sentry and Sphere","floor":24,"turns":5},{"damage":29,"enemies":"Centurion and Healer","floor":25,"turns":6},{"damage":0,"enemies":"Snake Plant","floor":28,"turns":3},{"damage":12,"enemies":"Cultist and Chosen","floor":29,"turns":3},{"damage":76,"enemies":"Automaton","floor":33,"turns":6}],"relics_obtained":[{"floor":6,"key":"Anchor"},{"floor":9,"key":"Blue Candle"},{"floor":11,"key":"Symbiotic Virus"},{"floor":26,"key":"Omamori"}],"event_choices":[{"event_name":"Golden Wing","player_choice":"Card Removal","floor":3,"damage_taken":0},{"event_name":"The Cleric","player_choice":"Healed","floor":5,"damage_taken":0},{"event_name":"N\u0027loth","player_choice":"Traded a Blue Candle","floor":20,"damage_taken":0},{"event_name":"Nest","player_choice":"Stole From Cult","floor":22,"damage_taken":0},{"event_name":"Wheel of Change","player_choice":"Gold","floor":27,"damage_taken":0},{"event_name":"The Library","player_choice":"Heal","floor":30,"damage_taken":0},{"event_name":"The Woman in Blue","player_choice":"Bought 1 Potion","floor":31,"damage_taken":0}],"boss_relics":[{"not_picked":["Calling Bell","Busted Crown"],"picked":"Nuclear Battery"}],"items_purged_floors":[],"potions_floor_spawned":[1,2,4,12,13,24,25,28],"seed_played":"-7132462209635310833","killed_by":"Automaton","ascension_level":0,"potions_obtained":[{"floor":1,"key":"Dexterity Potion"},{"floor":2,"key":"LiquidBronze"},{"floor":4,"key":"SpeedPotion"},{"floor":13,"key":"Ancient Potion"},{"floor":24,"key":"Fire Potion"},{"floor":25,"key":"FocusPotion"},{"floor":28,"key":"SmokeBomb"},{"floor":31,"key":"Dexterity Potion"}],"is_trial":false}