{"gold_per_floor":[111,111,111,111,130,130,158,158,182,218,31,43,43,61,61,164,164,180,180,190,190,41,41,41,61,61,61,61,61,81,94,94,94],"floor_reached":33,"playtime":3683,"items_purged":[],"score":243,"play_id":"4e6de99a-6fed-4bc3-a924-711912f3267b","local_time":"20180909161721","is_ascension_mode":false,"campfire_choices":[{"data":"Pommel Strike","floor":6.0,"key":"SMITH"},{"floor":8.0,"key":"REST"},{"data":"Magnetism","floor":13.0,"key":"SMITH"},{"data":"Rage","floor":15.0,"key":"SMITH"},{"data":"Bludgeon","floor":23,"key":"SMITH"},{"data":"Clash","floor":27,"key":"SMITH"},{"floor":32,"key":"REST"}],"neow_cost":"NONE","seed_source_timestamp":0,"circlet_count":0,"master_deck":["Strike_R","Strike_R","Strike_R","Strike_R","Strike_R","Defend_R","Defend_R","Defend_R","Defend_R","Bash","Dropkick","Rage+1","Pommel Strike+1","Shrug It Off+1","Magnetism+1","Seeing Red+1","Clash+1","Bludgeon+1","Iron Wave+1","Flex+1","Dark Shackles+1","Armaments+1","Rampage+1","Headbutt+1"],"special_seed":0,"relics":["Burning Blood","Toxic Egg 2","MawBank","Pen Nib","Runic Cube","Ornamental Fan"],"potions_floor_usage":[25,25,31,33],"damage_taken":[{"damage":6.0,"enemies":"Jaw Worm","floor":1.0,"turns":4.0},{"damage":3.0,"enemies":"2 Louse","floor":5.0,"turns":3.0},{"damage":35.0,"enemies":"3 Sentries","floor":7.0,"turns":10.0},{"damage":1.0,"enemies":"Cultist","floor":12.0,"turns":3.0},{"damage":7.0,"enemies":"2 Fungi Beasts","floor":14.0,"turns":4.0},{"damage":27.0,"enemies":"The Guardian","floor":16.0,"turns":12.0},{"damage":14,"enemies":"Spheric Guardian","floor":18,"turns":4},{"damage":16,"enemies":"3 Byrds","floor":20,"turns":8},{"damage":5,"enemies":"Snake Plant","floor":25,"turns":3},{"damage":0,"enemies":"Centurion and Healer","floor":30,"turns":5},{"damage":31,"enemies":"Shelled Parasite and Fungi","floor":31,"turns":7},{"damage":81,"enemies":"Collector","floor":33,"turns":9}],"seed_played":"5814206201190914129","potions_obtained":[{"floor":7.0,"key":"SkillPotion"},{"floor":16.0,"key":"Strength Potion"},{"floor":18,"key":"Dexterity Potion"},{"floor":31,"key":"Poison Potion"}],"is_trial":false,"path_per_floor":["M","?","?","?","M","R","E","R","T","T","$","M","R","M","R","B",null,"M","?","M","?","$","R","$","M","T","R","?","$","M","M","R"],"character_chosen":"IRONCLAD","items_purchased":["Magnetism","Dark Shackles+1","Strength Potion"],"campfire_rested":2,"item_purchase_floors":[11,22,22],"current_hp_per_floor":[80,80,85,85,85,85,56,81,81,81,81,85,85,84,84,67,85,77,77,67,67,67,67,67,68,68,68,68,68,74,49,74,0],"gold":94,"neow_bonus":"THREE_CARDS","is_prod":false,"is_daily":false,"chose_seed":false,"campfire_upgraded":5,"win_rate":0.0,"timestamp":1536524241,"path_taken":["M","?","?","?","?","R","E","R","T","?","$","?","R","M","R","BOSS","M","?","M","?","$","R","$","M","T","R","?","?","M","M","R","BOSS"],"build_version":"2018-09-06","purchased_purges":0,"victory":false,"max_hp_per_floor":[80,80,85,85,85,85,85,85,85,85,85,85,85,85,85,85,85,85,85,85,85,85,85,85,85,85,85,85,85,85,85,85,85],"card_choices":[{"not_picked":["Reckless Charge","Sever Soul"],"picked":"Dropkick","floor":0.0},{"not_picked":["Heavy Blade","Burning Pact"],"picked":"Rage","floor":1.0},{"not_picked":["Dropkick","Reckless Charge"],"picked":"Pommel Strike","floor":5.0},{"not_picked":["Hemokinesis","Sword Boomerang"],"picked":"Shrug It Off","floor":7.0},{"not_picked":["Reckless Charge","Flex+1"],"picked":"Seeing Red+1","floor":12.0},{"not_picked":["Offering+1","Body Slam"],"picked":"Clash","floor":14.0},{"not_picked":["Offering+1","Fiend Fire"],"picked":"Bludgeon","floor":16.0},{"not_picked":["Thunderclap+1","Body Slam"],"picked":"Iron Wave+1","floor":18},{"not_picked":["Headbutt","Anger"],"picked":"Flex+1","floor":20},{"not_picked":["Flex+1","Warcry+1"],"picked":"Armaments+1","floor":25},{"not_picked":["Iron Wave","Pommel Strike"],"picked":"Rampage+1","floor":30},{"not_picked":["Twin Strike+1","Intimidate+1"],"picked":"Headbutt+1","floor":31}],"player_experience":17279,"relics_obtained":[{"floor":7.0,"key":"Toxic Egg 2"},{"floor":9.0,"key":"MawBank"},{"floor":10.0,"key":"Pen Nib"},{"floor":26,"key":"Ornamental Fan"}],"event_choices":[{"event_name":"Golden Idol","player_choice":"Ignored","floor":2.0,"damage_taken":0.0},{"event_name":"Big Fish","player_choice":"Donut","floor":3.0,"damage_taken":0.0},{"event_name":"Purifier","player_choice":"Skipped","floor":4.0,"damage_taken":0.0},{"event_name":"Beggar","player_choice":"Ignored","floor":19,"damage_taken":0},{"event_name":"Vampires","player_choice":"Ignored","floor":21,"damage_taken":0},{"event_name":"Ghosts","player_choice":"Ignored","floor":28,"damage_taken":0}],"is_beta":false,"boss_relics":[{"not_picked":["Empty Cage","Philosopher\u0027s Stone"],"picked":"Runic Cube"}],"items_purged_floors":[],"is_endless":false,"potions_floor_spawned":[7,16,18,31],"killed_by":"Collector","ascension_level":0}