{"path_per_floor":["M","M","M","M","M","E","?","$","T","M","R","M","E","M","R","B",null,"M","?","M","?","M","E","M","E","T","M","M","E","M","T","R","B",null,"M","$","M","M","M","R","E","R","T","M","?","E","M","?","R","B"],"character_chosen":"IRONCLAD","items_purchased":["Inflame+1","Bag of Marbles","Charon\u0027s Ashes","Toy Ornithopter","Anger","Mind Blast"],"gold_per_floor":[114,128,138,149,164,199,199,124,124,136,136,151,185,200,200,303,303,323,248,261,261,277,308,323,357,405,425,443,471,481,481,781,885,885,898,40,53,69,85,85,110,110,136,148,0,34,44,44,44,44],"floor_reached":51,"campfire_rested":0,"playtime":4997,"item_purchase_floors":[36,36,36,36,36,36],"current_hp_per_floor":[80,80,80,80,79,63,63,63,70,65,65,59,42,42,42,25,87,87,87,87,87,87,68,65,24,24,24,43,21,27,27,27,27,97,64,64,68,56,73,87,82,96,96,87,87,52,97,87,97,65],"items_purged":["Decay"],"gold":44,"score":812,"play_id":"fda29809-78fd-4057-84b6-1ca9ce303ea5","local_time":"20180606020216","is_prod":false,"is_daily":false,"chose_seed":false,"is_ascension_mode":false,"campfire_upgraded":2,"win_rate":0,"timestamp":1528275736,"campfire_choices":[{"data":"Pommel Strike","floor":11,"key":"SMITH"},{"data":"Demon Form","floor":15,"key":"SMITH"},{"floor":32,"key":"DIG"},{"floor":40,"key":"DIG"},{"floor":42,"key":"DIG"},{"floor":49,"key":"DIG"}],"path_taken":["M","M","M","M","M","E","?","$","T","M","R","?","E","M","R","BOSS","M","?","M","?","M","E","M","E","T","M","M","E","M","?","R","BOSS","M","$","M","M","M","R","E","R","T","M","?","E","M","?","R","BOSS"],"build_version":"2018-05-31","seed_source_timestamp":256577329181608,"purchased_purges":1,"victory":true,"master_deck":["Strike_R","Strike_R","Strike_R","Strike_R","Strike_R","Bash","Anger","Cleave","Pommel Strike+1","Thunderclap","Dropkick","Fire Breathing","Clash","Demon Form+1","Shrug It Off","Pommel Strike","Reaper","Offering+1","Dual Wield+1","Uppercut+1","Headbutt","Battle Trance","Thunderclap","Rage","Clash","Battle Trance","Searing Blow+1","Rupture","Pommel Strike","Rage+1","Reaper","Armaments","Inflame+1","Anger","Mind Blast","Armaments+1","Anger+1","Battle Trance","Shockwave+1","Heavy Blade","Offering+1","Armaments+1","Panache+1","Dramatic Entrance","Magnetism+1"],"max_hp_per_floor":[80,80,80,80,80,80,80,80,87,87,87,87,87,87,87,87,87,87,87,87,87,87,97,97,97,97,97,97,97,97,97,97,97,97,97,97,97,97,97,97,97,97,97,97,97,97,97,97,97,97],"relics":["Burning Blood","Pen Nib","Bird Faced Urn","Strawberry","War Paint","Astrolabe","Pear","Blood Vial","Lantern","Shovel","Frozen Egg 2","Old Coin","Eternal Feather","Bag of Marbles","Charon\u0027s Ashes","Toy Ornithopter","Toxic Egg 2","Potion Belt","Bottled Tornado","Ancient Tea Set","Red Mask","Magic Flower","Toolbox"],"card_choices":[{"not_picked":["Hemokinesis","Body Slam"],"picked":"Anger","floor":1},{"not_picked":["Sword Boomerang","Headbutt"],"picked":"Cleave","floor":2},{"not_picked":["Metallicize","Body Slam"],"picked":"Pommel Strike","floor":3},{"not_picked":["Juggernaut","Hemokinesis"],"picked":"Thunderclap","floor":4},{"not_picked":["True Grit","Warcry"],"picked":"Dropkick","floor":5},{"not_picked":["True Grit","Clothesline"],"picked":"Fire Breathing","floor":6},{"not_picked":["Headbutt","Anger"],"picked":"Clash","floor":10},{"not_picked":["Headbutt","Sword Boomerang"],"picked":"Demon Form","floor":12},{"not_picked":["Armaments","Perfected Strike"],"picked":"Shrug It Off","floor":13},{"not_picked":["Rage","Pummel"],"picked":"Pommel Strike","floor":14},{"not_picked":["Brutality","Dark Embrace"],"picked":"Reaper","floor":16},{"not_picked":["Reckless Charge","Perfected Strike+1"],"picked":"Headbutt","floor":18},{"not_picked":["Warcry","Whirlwind"],"picked":"Battle Trance","floor":20},{"not_picked":["Carnage","Infernal Blade"],"picked":"Thunderclap","floor":22},{"not_picked":["Second Wind","Sword Boomerang"],"picked":"Rage","floor":23},{"not_picked":["Warcry+1","Flame Barrier"],"picked":"Clash","floor":24},{"not_picked":["Searing Blow","Sever Soul"],"picked":"Battle Trance","floor":25},{"not_picked":["Whirlwind","True Grit"],"picked":"Searing Blow+1","floor":27},{"not_picked":["Bloodletting","Combust"],"picked":"Rupture","floor":28},{"not_picked":["Uppercut","Cleave"],"picked":"Pommel Strike","floor":29},{"not_picked":["Pummel","Feel No Pain"],"picked":"Rage+1","floor":30},{"not_picked":["Barricade+1","Dark Embrace+1"],"picked":"Reaper","floor":33},{"not_picked":["Perfected Strike+1","Shrug It Off+1"],"picked":"Armaments","floor":35},{"not_picked":["Heavy Blade+1","Infernal Blade"],"picked":"Armaments+1","floor":37},{"not_picked":["Clothesline","Flame Barrier"],"picked":"Anger+1","floor":38},{"not_picked":["Sword Boomerang+1","Second Wind"],"picked":"Battle Trance","floor":39},{"not_picked":["Whirlwind+1","Limit Break+1"],"picked":"Shockwave+1","floor":41},{"not_picked":["Battle Trance+1","Sword Boomerang"],"picked":"Heavy Blade","floor":44},{"not_picked":["Reckless Charge","Burning Pact+1"],"picked":"Offering+1","floor":46},{"not_picked":["Thunderclap","Heavy Blade+1"],"picked":"Armaments+1","floor":47},{"not_picked":["Trip+1","Good Instincts+1"],"picked":"Panache+1","floor":48},{"not_picked":["Purity+1","Madness+1"],"picked":"Dramatic Entrance","floor":48},{"not_picked":["Finesse+1","Madness+1"],"picked":"Magnetism+1","floor":48}],"player_experience":26333,"potions_floor_usage":[23,24,25,30,33,33,50,50],"damage_taken":[{"damage":5,"enemies":"Jaw Worm","floor":1,"turns":4},{"damage":1,"enemies":"Cultist","floor":2,"turns":3},{"damage":0,"enemies":"2 Louse","floor":3,"turns":3},{"damage":0,"enemies":"Large Slime","floor":4,"turns":3},{"damage":7,"enemies":"Gremlin Gang","floor":5,"turns":3},{"damage":22,"enemies":"3 Sentries","floor":6,"turns":5},{"damage":11,"enemies":"Exordium Thugs","floor":10,"turns":4},{"damage":14,"enemies":"3 Louse","floor":12,"turns":2},{"damage":27,"enemies":"Gremlin Nob","floor":13,"turns":4},{"damage":8,"enemies":"Red Slaver","floor":14,"turns":4},{"damage":27,"enemies":"Hexaghost","floor":16,"turns":7},{"damage":10,"enemies":"3 Byrds","floor":18,"turns":4},{"damage":2,"enemies":"Chosen","floor":20,"turns":3},{"damage":4,"enemies":"3 Cultists","floor":22,"turns":2},{"damage":37,"enemies":"Slavers","floor":23,"turns":4},{"damage":13,"enemies":"Snecko","floor":24,"turns":3},{"damage":51,"enemies":"Book of Stabbing","floor":25,"turns":4},{"damage":10,"enemies":"Snake Plant","floor":27,"turns":2},{"damage":5,"enemies":"Cultist and Chosen","floor":28,"turns":4},{"damage":36,"enemies":"Gremlin Leader","floor":29,"turns":5},{"damage":4,"enemies":"Sentry and Sphere","floor":30,"turns":2},{"damage":24,"enemies":"Automaton","floor":33,"turns":6},{"damage":43,"enemies":"3 Shapes","floor":35,"turns":4},{"damage":4,"enemies":"Orb Walker","floor":37,"turns":1},{"damage":24,"enemies":"4 Shapes","floor":38,"turns":3},{"damage":25,"enemies":"Maw","floor":39,"turns":5},{"damage":19,"enemies":"Giant Head","floor":41,"turns":6},{"damage":33,"enemies":"Sphere and 2 Shapes","floor":44,"turns":4},{"damage":51,"enemies":"Nemesis","floor":46,"turns":5},{"damage":34,"enemies":"4 Shapes","floor":47,"turns":3},{"damage":65,"enemies":"Donu and Deca","floor":50,"turns":5}],"relics_obtained":[{"floor":6,"key":"Bird Faced Urn"},{"floor":9,"key":"Strawberry"},{"floor":13,"key":"War Paint"},{"floor":23,"key":"Pear"},{"floor":25,"key":"Blood Vial"},{"floor":26,"key":"Lantern"},{"floor":29,"key":"Shovel"},{"floor":31,"key":"Frozen Egg 2"},{"floor":32,"key":"Old Coin"},{"floor":40,"key":"Toxic Egg 2"},{"floor":41,"key":"Potion Belt"},{"floor":42,"key":"Bottled Tornado"},{"floor":43,"key":"Ancient Tea Set"},{"floor":46,"key":"Magic Flower"},{"floor":49,"key":"Toolbox"}],"event_choices":[{"event_name":"Wheel of Change","player_choice":"Curse","floor":7,"damage_taken":0},{"event_name":"Beggar","player_choice":"Gave Gold","floor":19,"damage_taken":0},{"event_name":"Vampires","player_choice":"Ignored","floor":21,"damage_taken":0},{"event_name":"Tomb of Lord Red Mask","player_choice":"Paid","floor":45,"damage_taken":0},{"event_name":"SensoryStone","player_choice":"Memory 3","floor":48,"damage_taken":0}],"boss_relics":[{"not_picked":["Runic Pyramid","Snecko Eye"],"picked":"Astrolabe"},{"not_picked":["Mark of Pain","Cursed Key"],"picked":"Eternal Feather"}],"items_purged_floors":[8],"potions_floor_spawned":[3,5,10,12,13,14,16,18,25,27,28,29,39,41,47],"seed_played":"6066624479007789979","ascension_level":0,"potions_obtained":[{"floor":3,"key":"Explosive Potion"},{"floor":5,"key":"GamblersBrew"},{"floor":10,"key":"FearPotion"},{"floor":12,"key":"SkillPotion"},{"floor":18,"key":"Block Potion"},{"floor":25,"key":"Fire Potion"},{"floor":27,"key":"Block Potion"},{"floor":28,"key":"Dexterity Potion"},{"floor":29,"key":"Poison Potion"},{"floor":39,"key":"Ancient Potion"},{"floor":41,"key":"Poison Potion"},{"floor":47,"key":"GamblersBrew"}],"is_trial":false}