{"gold_per_floor":[109,109,123,143,97,130,62,62,62,91,110,142,163,179,179,278,278,288,308,308,308],"floor_reached":21,"playtime":1012,"items_purged":[],"score":249,"play_id":"aeab011e-8244-432b-ba34-65d1c7265f05","local_time":"20181110171945","is_ascension_mode":true,"campfire_choices":[{"data":"Brutality","floor":15,"key":"SMITH"}],"neow_cost":"NONE","seed_source_timestamp":175210702815771,"circlet_count":0,"master_deck":["Strike_R","Strike_R","Strike_R","Strike_R","Strike_R","Defend_R","Defend_R","Defend_R","Defend_R","Bash","Iron Wave","Shockwave","Armaments","Perfected Strike","Wild Strike","Wild Strike","Brutality+1","Rupture","Infernal Blade","Spot Weakness","Pommel Strike","Wild Strike","Juggernaut","Armaments","Whirlwind+1"],"relics":["Burning Blood","Gambling Chip","Mercury Hourglass","Shuriken","Pantograph","Bag of Marbles","Odd Mushroom","Black Star"],"potions_floor_usage":[18,19],"damage_taken":[{"damage":5,"enemies":"Cultist","floor":1,"turns":5},{"damage":6,"enemies":"Small Slimes","floor":3,"turns":5},{"damage":0,"enemies":"2 Louse","floor":4,"turns":2},{"damage":26,"enemies":"3 Sentries","floor":6,"turns":9},{"damage":2,"enemies":"Gremlin Nob","floor":10,"turns":3},{"damage":3,"enemies":"Blue Slaver","floor":11,"turns":3},{"damage":21,"enemies":"Lagavulin","floor":12,"turns":5},{"damage":3,"enemies":"The Mushroom Lair","floor":13,"turns":4},{"damage":2,"enemies":"Large Slime","floor":14,"turns":3},{"damage":70,"enemies":"The Guardian","floor":16,"turns":10},{"damage":37,"enemies":"Spheric Guardian","floor":18,"turns":5},{"damage":30,"enemies":"2 Thieves","floor":19,"turns":3},{"damage":13,"enemies":"Sentry and Sphere","floor":21,"turns":3}],"seed_played":"1852415114827201019","potions_obtained":[{"floor":6,"key":"Ancient Potion"},{"floor":10,"key":"Weak Potion"},{"floor":11,"key":"SpeedPotion"},{"floor":16,"key":"Explosive Potion"},{"floor":18,"key":"PowerPotion"},{"floor":19,"key":"BloodPotion"}],"is_trial":false,"path_per_floor":["M","?","M","M","$","E","$","?","T","E","M","E","?","M","R","B",null,"M","M","?","M"],"character_chosen":"IRONCLAD","items_purchased":["Wild Strike","Brutality"],"campfire_rested":0,"item_purchase_floors":[5,7],"current_hp_per_floor":[80,85,85,85,85,65,65,58,58,62,65,50,53,57,57,18,68,37,13,13,0],"gold":308,"neow_bonus":"THREE_CARDS","is_prod":false,"is_daily":false,"chose_seed":false,"campfire_upgraded":1,"win_rate":0,"timestamp":1541899185,"path_taken":["M","?","M","M","$","E","$","?","T","E","M","E","?","M","R","BOSS","M","M","?","M"],"build_version":"2018-11-08","purchased_purges":0,"victory":false,"max_hp_per_floor":[80,85,85,85,85,85,85,85,85,85,85,85,85,85,85,85,85,85,85,85,85],"card_choices":[{"not_picked":["Shrug It Off","Reckless Charge"],"picked":"Iron Wave","floor":0},{"not_picked":["Headbutt","Clash"],"picked":"Shockwave","floor":1},{"not_picked":["Iron Wave","Wild Strike"],"picked":"Armaments","floor":3},{"not_picked":["Heavy Blade","Sword Boomerang"],"picked":"Perfected Strike","floor":4},{"not_picked":["Warcry","Anger"],"picked":"Wild Strike","floor":6},{"not_picked":["Cleave","Entrench"],"picked":"Rupture","floor":10},{"not_picked":["Cleave","Flex"],"picked":"Infernal Blade","floor":11},{"not_picked":["Cleave","Pommel Strike"],"picked":"Spot Weakness","floor":12},{"not_picked":["Corruption","Thunderclap"],"picked":"Pommel Strike","floor":13},{"not_picked":["Ghostly Armor","Juggernaut"],"picked":"Wild Strike","floor":14},{"not_picked":["Impervious","Immolate"],"picked":"Juggernaut","floor":16},{"not_picked":["Cleave","Reckless Charge"],"picked":"Armaments","floor":18},{"not_picked":["Shrug It Off","Second Wind"],"picked":"Whirlwind+1","floor":19}],"player_experience":394420,"relics_obtained":[{"floor":6,"key":"Gambling Chip"},{"floor":9,"key":"Shuriken"},{"floor":10,"key":"Pantograph"},{"floor":12,"key":"Bag of Marbles"},{"floor":13,"key":"Odd Mushroom"}],"event_choices":[{"damage_healed":0,"gold_gain":0,"player_choice":"Donut","damage_taken":0,"max_hp_gain":5,"max_hp_loss":0,"event_name":"Big Fish","floor":2,"gold_loss":0},{"damage_healed":0,"gold_gain":0,"player_choice":"Success","damage_taken":7,"relics_obtained":["Mercury Hourglass"],"max_hp_gain":0,"max_hp_loss":0,"event_name":"Scrap Ooze","floor":8,"gold_loss":0},{"damage_healed":0,"gold_gain":0,"player_choice":"Fought Mushrooms","damage_taken":0,"max_hp_gain":0,"max_hp_loss":0,"event_name":"Mushrooms","floor":13,"gold_loss":0},{"damage_healed":0,"gold_gain":0,"player_choice":"Ignored","damage_taken":0,"max_hp_gain":0,"max_hp_loss":0,"event_name":"Vampires","floor":20,"gold_loss":0}],"is_beta":false,"boss_relics":[{"not_picked":["Coffee Dripper","Orrery"],"picked":"Black Star"}],"items_purged_floors":[],"is_endless":false,"potions_floor_spawned":[6,10,11,12,16,18,19],"killed_by":"Sentry and Sphere","ascension_level":5}