{"gold_per_floor":[113,113,134,134,134,134,134,134,134,154,0,14,38,38,38,159,159,159,99,99,18,18,18,18,18,18,18,18,18,18,18,18,18],"floor_reached":33,"playtime":1161,"items_purged":[],"score":456,"play_id":"ea5634af-d1e6-4717-b901-72071c270f51","local_time":"20181106222620","is_ascension_mode":true,"campfire_choices":[{"data":"Defragment","floor":6,"key":"SMITH"},{"data":"Zap","floor":8,"key":"SMITH"},{"data":"Loop","floor":15,"key":"SMITH"},{"data":"Loop","floor":23,"key":"SMITH"},{"data":"Barrage","floor":25,"key":"SMITH"},{"data":"Glacier","floor":27,"key":"SMITH"},{"floor":32,"key":"REST"}],"neow_cost":"NONE","seed_source_timestamp":184987555313581,"circlet_count":0,"master_deck":["AscendersBane","Strike_B","Strike_B","Defend_B","Defend_B","Defend_B","Defend_B","Zap+1","Dualcast","Defragment+1","Ball Lightning","Leap","Glacier+1","Loop+1","Barrage+1","Core Surge","Ball Lightning","Capacitor","Capacitor","Capacitor","Loop+1","Coolheaded","Ball Lightning"],"relics":["Cracked Core","Happy Flower","DataDisk","Mercury Hourglass","Ectoplasm","Regal Pillow","Nloth\u0027s Gift"],"potions_floor_usage":[16,18,22],"damage_taken":[{"damage":0,"enemies":"Cultist","floor":1,"turns":3},{"damage":2,"enemies":"Jaw Worm","floor":3,"turns":3},{"damage":0,"enemies":"2 Louse","floor":10,"turns":2},{"damage":0,"enemies":"Large Slime","floor":12,"turns":5},{"damage":0,"enemies":"3 Louse","floor":13,"turns":3},{"damage":0,"enemies":"Slime Boss","floor":16,"turns":9},{"damage":3,"enemies":"Chosen","floor":18,"turns":3},{"damage":11,"enemies":"2 Thieves","floor":19,"turns":4},{"damage":16,"enemies":"Centurion and Healer","floor":22,"turns":4},{"damage":33,"enemies":"3 Cultists","floor":30,"turns":5},{"damage":0,"enemies":"Snecko","floor":31,"turns":5},{"damage":59,"enemies":"Champ","floor":33,"turns":8}],"seed_played":"-8992605280879578468","potions_obtained":[{"floor":1,"key":"Fire Potion"},{"floor":12,"key":"SkillPotion"},{"floor":19,"key":"SkillPotion"},{"floor":30,"key":"GamblersBrew"}],"is_trial":false,"path_per_floor":["M","?","M","?","?","R","?","R","T","M","$","M","M","T","R","B",null,"M","M","?","$","M","R","?","R","T","R","$","?","M","M","R","B"],"character_chosen":"DEFECT","items_purchased":["Glacier","Loop","Capacitor"],"campfire_rested":1,"item_purchase_floors":[11,11,21],"current_hp_per_floor":[68,50,48,23,48,48,41,41,41,41,41,41,41,41,41,41,67,64,53,53,53,37,37,37,37,37,37,37,37,4,4,41,0],"gold":18,"neow_bonus":"REMOVE_CARD","is_prod":false,"is_daily":false,"chose_seed":false,"campfire_upgraded":6,"win_rate":0,"timestamp":1541571980,"path_taken":["M","?","M","?","?","R","?","R","T","M","$","M","M","?","R","BOSS","M","M","?","$","M","R","?","R","T","R","?","?","?","M","R","BOSS"],"build_version":"2018-11-01","purchased_purges":0,"victory":false,"max_hp_per_floor":[75,75,75,75,75,75,75,75,75,75,75,75,75,75,75,75,75,75,75,75,75,75,75,75,75,75,75,75,75,75,75,75,75],"card_choices":[{"not_picked":["Recycle","Gash"],"picked":"Defragment","floor":1},{"not_picked":["Compile Driver","Genetic Algorithm"],"picked":"Ball Lightning","floor":3},{"not_picked":["Fusion","Rebound"],"picked":"Leap","floor":10},{"not_picked":["Steam","Sweeping Beam"],"picked":"Barrage","floor":12},{"not_picked":["Turbo","Steam","Streamline"],"picked":"SKIP","floor":13},{"not_picked":["Hyperbeam","All For One"],"picked":"Core Surge","floor":16},{"not_picked":["Undo","Leap"],"picked":"Ball Lightning","floor":18},{"not_picked":["Stack","Sunder"],"picked":"Capacitor","floor":19},{"not_picked":["Barrage","Cold Snap"],"picked":"Loop","floor":22},{"not_picked":["Steam","Core Surge"],"picked":"Coolheaded","floor":30},{"not_picked":["Barrage","Leap"],"picked":"Ball Lightning","floor":31}],"player_experience":357688,"relics_obtained":[{"floor":9,"key":"DataDisk"},{"floor":14,"key":"Mercury Hourglass"},{"floor":26,"key":"Regal Pillow"}],"event_choices":[{"damage_healed":0,"gold_gain":0,"player_choice":"Take Damage","damage_taken":18,"relics_obtained":["Golden Idol"],"max_hp_gain":0,"max_hp_loss":0,"event_name":"Golden Idol","floor":2,"gold_loss":0},{"damage_healed":0,"gold_gain":0,"player_choice":"Success","damage_taken":25,"relics_obtained":["Happy Flower"],"max_hp_gain":0,"max_hp_loss":0,"event_name":"Scrap Ooze","floor":4,"gold_loss":0},{"damage_healed":25,"gold_gain":0,"player_choice":"Banana","damage_taken":0,"max_hp_gain":0,"max_hp_loss":0,"event_name":"Big Fish","floor":5,"gold_loss":0},{"cards_removed":["Strike_B"],"damage_healed":0,"gold_gain":0,"player_choice":"Card Removal","damage_taken":7,"max_hp_gain":0,"max_hp_loss":0,"event_name":"Golden Wing","floor":7,"gold_loss":0},{"damage_healed":0,"gold_gain":0,"player_choice":"Read","damage_taken":0,"max_hp_gain":0,"max_hp_loss":0,"event_name":"The Library","floor":20,"gold_loss":0,"cards_obtained":["Capacitor"]},{"damage_healed":0,"gold_gain":0,"player_choice":"Gave Idol","damage_taken":0,"relics_obtained":["Bloody Idol"],"max_hp_gain":0,"max_hp_loss":0,"event_name":"Forgotten Altar","floor":24,"relics_lost":["Golden Idol"],"gold_loss":0},{"damage_healed":0,"gold_gain":0,"player_choice":"Traded Relic","damage_taken":0,"relics_obtained":["Nloth\u0027s Gift"],"max_hp_gain":0,"max_hp_loss":0,"event_name":"N\u0027loth","floor":29,"relics_lost":["Bloody Idol"],"gold_loss":0}],"is_beta":false,"boss_relics":[{"not_picked":["Runic Dome","Calling Bell"],"picked":"Ectoplasm"}],"items_purged_floors":[],"is_endless":false,"potions_floor_spawned":[1,12,19,30],"killed_by":"Champ","ascension_level":12}