{"gold_per_floor":[361,361,49,62,81,81,110,15,61,90,109,109,61,75,75,148,148,159,159,159,159,177,177,210,210,210,220,220,233,52,84,84,162,162,180,180,180,200,3,3,29,52,76,76,27,55,55,72,72,72,72,72,20,52,52],"floor_reached":55,"playtime":3042,"items_purged":[],"score":1211,"play_id":"078226fb-21b6-4eb4-8b94-9cbbd99ab184","local_time":"20190111092840","is_ascension_mode":true,"campfire_choices":[{"data":"Glacier","floor":6,"key":"SMITH"},{"floor":12,"key":"REST"},{"data":"Storm","floor":15,"key":"SMITH"},{"floor":23,"key":"RECALL"},{"floor":25,"key":"REST"},{"floor":32,"key":"REST"},{"floor":40,"key":"REST"},{"floor":47,"key":"REST"},{"data":"Fission","floor":49,"key":"SMITH"},{"floor":52,"key":"REST"}],"neow_cost":"PERCENT_DAMAGE","seed_source_timestamp":59202274696000,"circlet_count":0,"master_deck":["AscendersBane","Strike_B","Strike_B","Strike_B","Defend_B","Defend_B","Defend_B","Defend_B+1","Dualcast","Beam Cell","Glacier+1","Capacitor","Barrage","Compile Driver","Reinforced Body","Go for the Eyes","Capacitor","Storm+1","Steam Power+1","Ball Lightning","Darkness","Biased Cognition","Fusion+1","Coolheaded","Tempest","Conserve Battery+1","Self Repair","White Noise","Storm","Capacitor","Fission+1","Coolheaded+1","White Noise","Redo+1","Conserve Battery","Magnetism","Turbo","Machine Learning","Defragment","Chaos","Steam Power","Barrage","Barrage+1"],"relics":["FrozenCore","Boot","Bronze Scales","Juzu Bracelet","Pantograph","Enchiridion","StoneCalendar","Symbiotic Virus","Bottled Lightning","Dream Catcher","Bag of Preparation","Question Card","Sozu","Medical Kit","Bottled Flame","Regal Pillow","War Paint","DataDisk"],"potions_floor_usage":[16,24,31,46],"damage_taken":[{"damage":0,"enemies":"Small Slimes","floor":1,"turns":3},{"damage":6,"enemies":"Cultist","floor":4,"turns":3},{"damage":0,"enemies":"2 Louse","floor":5,"turns":3},{"damage":19,"enemies":"Gremlin Nob","floor":7,"turns":4},{"damage":18,"enemies":"3 Sentries","floor":10,"turns":12},{"damage":4,"enemies":"Blue Slaver","floor":11,"turns":3},{"damage":0,"enemies":"Looter","floor":14,"turns":2},{"damage":24,"enemies":"Hexaghost","floor":16,"turns":7},{"damage":11,"enemies":"Shell Parasite","floor":18,"turns":6},{"damage":1,"enemies":"Chosen","floor":22,"turns":4},{"damage":23,"enemies":"Gremlin Leader","floor":24,"turns":6},{"damage":0,"enemies":"Centurion and Healer","floor":27,"turns":5},{"damage":17,"enemies":"Snake Plant","floor":29,"turns":3},{"damage":18,"enemies":"Book of Stabbing","floor":31,"turns":4},{"damage":11,"enemies":"Automaton","floor":33,"turns":6},{"damage":44,"enemies":"3 Darklings","floor":35,"turns":3},{"damage":0,"enemies":"Orb Walker","floor":38,"turns":4},{"damage":44,"enemies":"Reptomancer","floor":41,"turns":5},{"damage":50,"enemies":"Nemesis","floor":46,"turns":5},{"damage":15,"enemies":"Transient","floor":48,"turns":5},{"damage":63,"enemies":"Donu and Deca","floor":50,"turns":7},{"damage":70,"enemies":"Shield and Spear","floor":54,"turns":5},{"damage":30,"enemies":"The Heart","floor":55,"turns":2}],"seed_played":"-3640303355118482067","potions_obtained":[{"floor":5,"key":"FairyPotion"},{"floor":7,"key":"FocusPotion"},{"floor":22,"key":"Weak Potion"},{"floor":27,"key":"Regen Potion"},{"floor":31,"key":"FearPotion"}],"is_trial":false,"path_per_floor":["M","?","$","M","M","R","E","$","T","E","M","R","$","M","R","B",null,"M","?","?","?","M","R","E","R","T","M","?","M","$","E","R","B",null,"M","?","?","M","$","R","E","T","T","?","$","E","R","M","R","B",null,"R","$","E","B"],"character_chosen":"DEFECT","items_purchased":["Glacier","Capacitor","Boot","Go for the Eyes","Capacitor","Ball Lightning","Bag of Preparation","White Noise","Medical Kit","Turbo","Barrage"],"campfire_rested":6,"item_purchase_floors":[3,3,3,8,8,13,30,30,39,45,53],"current_hp_per_floor":[50,50,50,44,44,44,25,25,25,7,3,25,25,25,25,26,63,52,36,36,36,35,35,12,34,34,34,34,17,17,11,33,61,72,35,35,35,35,35,57,20,20,20,20,20,14,51,43,43,12,59,75,75,5,0],"gold":52,"neow_bonus":"TWO_FIFTY_GOLD","is_prod":false,"is_daily":false,"chose_seed":false,"campfire_upgraded":3,"win_rate":0,"timestamp":1547227720,"path_taken":["M","?","$","M","M","R","E","?","T","E","M","R","$","M","R","BOSS","M","?","?","?","M","R","E","R","T","M","?","M","?","E","R","BOSS","M","?","?","M","$","R","E","?","T","?","$","E","R","M","R","BOSS","R","$","E","BOSS"],"build_version":"2019-01-10","purchased_purges":0,"victory":false,"max_hp_per_floor":[75,75,75,75,75,75,75,75,75,75,75,75,75,75,75,75,75,75,75,75,75,75,75,75,75,75,75,75,75,75,75,75,75,75,75,75,75,75,75,75,75,75,75,75,75,75,75,75,75,75,75,75,75,75,75],"card_choices":[{"not_picked":["Stack","Cold Snap"],"picked":"Beam Cell","floor":1},{"not_picked":["Reprogram","Hologram"],"picked":"Barrage","floor":4},{"not_picked":["Streamline","Go for the Eyes"],"picked":"Compile Driver","floor":5},{"not_picked":["Redo","Aggregate"],"picked":"Reinforced Body","floor":7},{"not_picked":["Capacitor","Melter"],"picked":"Storm","floor":10},{"not_picked":["Blizzard","Hyperbeam"],"picked":"Steam Power","floor":11},{"not_picked":["Leap","Rebound"],"picked":"Darkness","floor":14},{"not_picked":["Thunder Strike","Hyperbeam"],"picked":"Biased Cognition","floor":16},{"not_picked":["Steam","Go for the Eyes+1"],"picked":"Fusion","floor":18},{"not_picked":["Gash","Hologram"],"picked":"Coolheaded","floor":22},{"not_picked":["Sweeping Beam","Meteor Strike"],"picked":"Tempest","floor":24},{"not_picked":["Turbo","Rip and Tear"],"picked":"Conserve Battery+1","floor":27},{"not_picked":["Sunder","Compile Driver"],"picked":"Self Repair","floor":29},{"not_picked":["Barrage","Steam Power"],"picked":"Storm","floor":31},{"not_picked":["Streamline","Compile Driver","Rebound"],"picked":"Capacitor","floor":32},{"not_picked":["Thunder Strike","Seek","Multi-Cast"],"picked":"Fission","floor":33},{"not_picked":["Beam Cell","Streamline","Sunder"],"picked":"Coolheaded+1","floor":35},{"not_picked":["Cold Snap","Hello World","Go for the Eyes"],"picked":"White Noise","floor":38},{"not_picked":["Gash","Sweeping Beam","Turbo"],"picked":"Redo+1","floor":40},{"not_picked":["Undo","Streamline","Gash"],"picked":"Conserve Battery","floor":41},{"not_picked":["Jack Of All Trades","Dark Shackles","Secret Technique"],"picked":"Magnetism","floor":44},{"not_picked":["Gash","Blizzard","Steam+1"],"picked":"Machine Learning","floor":46},{"not_picked":["Stack","Cold Snap","Compile Driver"],"picked":"Defragment","floor":47},{"not_picked":["Cold Snap","Conserve Battery","Sunder+1"],"picked":"Chaos","floor":48},{"not_picked":["Sweeping Beam","Leap","Compile Driver"],"picked":"Steam Power","floor":52},{"not_picked":["Genetic Algorithm+1","Rebound","Reboot"],"picked":"Barrage+1","floor":54}],"player_experience":443129,"relics_obtained":[{"floor":7,"key":"Bronze Scales"},{"floor":9,"key":"Juzu Bracelet"},{"floor":10,"key":"Pantograph"},{"floor":19,"key":"Enchiridion"},{"floor":24,"key":"Symbiotic Virus"},{"floor":26,"key":"Bottled Lightning"},{"floor":28,"key":"Dream Catcher"},{"floor":31,"key":"Question Card"},{"floor":41,"key":"Bottled Flame"},{"floor":43,"key":"Regal Pillow"},{"floor":46,"key":"War Paint"},{"floor":54,"key":"DataDisk"}],"event_choices":[{"cards_removed":["Strike_B"],"damage_healed":0,"gold_gain":0,"player_choice":"Purged","damage_taken":0,"max_hp_gain":0,"max_hp_loss":0,"event_name":"Purifier","floor":2,"gold_loss":0},{"damage_healed":0,"gold_gain":0,"player_choice":"Obtained Book","damage_taken":16,"max_hp_gain":0,"max_hp_loss":0,"event_name":"Cursed Tome","floor":19,"gold_loss":0},{"damage_healed":0,"gold_gain":0,"player_choice":"Opened","damage_taken":0,"relics_obtained":["StoneCalendar"],"max_hp_gain":0,"max_hp_loss":0,"event_name":"The Mausoleum","floor":20,"gold_loss":0},{"damage_healed":0,"gold_gain":0,"player_choice":"Forge","damage_taken":0,"max_hp_gain":0,"max_hp_loss":0,"event_name":"Accursed Blacksmith","floor":21,"gold_loss":0,"cards_upgraded":["Fusion"]},{"damage_healed":0,"gold_gain":0,"player_choice":"Relic","damage_taken":0,"max_hp_gain":0,"max_hp_loss":0,"event_name":"Wheel of Change","floor":28,"gold_loss":0},{"cards_removed":["Zap"],"damage_healed":0,"gold_gain":0,"player_choice":"Removed Skill","damage_taken":0,"max_hp_gain":0,"max_hp_loss":0,"event_name":"Falling","floor":36,"gold_loss":0},{"damage_healed":0,"gold_gain":0,"player_choice":"Ignored","damage_taken":0,"max_hp_gain":0,"max_hp_loss":0,"event_name":"Tomb of Lord Red Mask","floor":37,"gold_loss":0},{"damage_healed":0,"gold_gain":0,"player_choice":"Memory 1","damage_taken":0,"max_hp_gain":0,"max_hp_loss":0,"event_name":"SensoryStone","floor":44,"gold_loss":0}],"is_beta":false,"boss_relics":[{"not_picked":["Busted Crown","Inserter"],"picked":"FrozenCore"},{"not_picked":["Pandora\u0027s Box","Orrery"],"picked":"Sozu"}],"items_purged_floors":[],"is_endless":false,"potions_floor_spawned":[5,7,22,27,29,31,35,41,46,54],"killed_by":"The Heart","ascension_level":13}