{"gold_per_floor":[219,236,199,46,46,46,63,63,63,74,89,89],"floor_reached":12,"playtime":317,"items_purged":[],"score":70,"play_id":"d2669e20-d44f-4089-b83a-7e8a5bf9c2db","local_time":"20181212211444","is_ascension_mode":false,"campfire_choices":[{"data":"Accuracy","floor":6,"key":"SMITH"},{"data":"Infinite Blades","floor":8,"key":"SMITH"}],"neow_cost":"NONE","seed_source_timestamp":1119375054543933,"circlet_count":0,"master_deck":["Defend_G","Defend_G","Defend_G","Defend_G","Defend_G","Strike_G","Strike_G","Strike_G","Strike_G","Strike_G","Survivor","Neutralize","Deadly Poison","Flying Knee","Accuracy+1","Infinite Blades+1","Finisher"],"relics":["Ring of the Snake","Strawberry","Ginger"],"potions_floor_usage":[10,10],"damage_taken":[{"damage":0,"enemies":"Cultist","floor":1,"turns":4},{"damage":0,"enemies":"Jaw Worm","floor":2,"turns":4},{"damage":0,"enemies":"2 Louse","floor":7,"turns":2},{"damage":2,"enemies":"Blue Slaver","floor":10,"turns":3},{"damage":30,"enemies":"Exordium Thugs","floor":11,"turns":4},{"damage":0,"enemies":"Lots of Slimes","floor":12,"turns":1}],"seed_played":"-4500770407663760731","potions_obtained":[{"floor":1,"key":"Regen Potion"},{"floor":5,"key":"SmokeBomb"},{"floor":5,"key":"Fruit Juice"},{"floor":11,"key":"LiquidBronze"}],"is_trial":false,"path_per_floor":["M","M","$","$","?","R","M","R","T","M","M","M"],"character_chosen":"THE_SILENT","items_purchased":["Accuracy","Strawberry"],"campfire_rested":0,"item_purchase_floors":[3,4],"current_hp_per_floor":[70,70,70,77,77,77,77,77,77,82,52,52],"gold":89,"neow_bonus":"HUNDRED_GOLD","is_prod":false,"is_daily":false,"chose_seed":false,"campfire_upgraded":2,"win_rate":0.0,"timestamp":1544667284,"path_taken":["M","M","?","$","?","R","?","R","T","M","M","M"],"build_version":"2018-12-06","purchased_purges":0,"victory":false,"max_hp_per_floor":[70,70,70,77,77,77,77,77,77,82,82,82],"card_choices":[{"not_picked":["Footwork","Prepared"],"picked":"Deadly Poison","floor":1},{"not_picked":["Dagger Spray","Riddle With Holes"],"picked":"Flying Knee","floor":2},{"not_picked":["Bane","Prepared"],"picked":"Infinite Blades","floor":7},{"not_picked":["Slice","Dagger Throw"],"picked":"Finisher","floor":10},{"not_picked":["Setup","All Out Attack","Caltrops"],"picked":"SKIP","floor":11}],"player_experience":268638,"relics_obtained":[{"floor":9,"key":"Ginger"}],"event_choices":[{"damage_healed":0,"gold_gain":0,"player_choice":"Got Potions","damage_taken":0,"max_hp_gain":0,"max_hp_loss":0,"event_name":"Lab","floor":5,"gold_loss":0}],"is_beta":false,"boss_relics":[],"items_purged_floors":[],"is_endless":false,"potions_floor_spawned":[1,7,11],"killed_by":"Lots of Slimes","ascension_level":0}