{"gold_per_floor":[115,133,58,133,153,178,189,189,236,236,246,260,287,287,287,412,412,435,179,179,204,225,225,78,97,97,171,171,184,184,59,59,185,185,210,210,229,229,242,242,261,85,112,135,156,156,156],"floor_reached":47,"playtime":2616,"items_purged":["Strike_R","Strike_R","Strike_R","Parasite"],"score":534,"play_id":"4874aaa6-37a7-4446-aa1c-fb96b3eb40e3","local_time":"20190307230257","is_ascension_mode":false,"campfire_choices":[{"data":"Uppercut","floor":8,"key":"SMITH"},{"data":"Flex","floor":10,"key":"SMITH"},{"data":"Flex","floor":15,"key":"SMITH"},{"data":"Whirlwind","floor":23,"key":"SMITH"},{"floor":30,"key":"RECALL"},{"data":"Limit Break","floor":32,"key":"SMITH"},{"data":"Heavy Blade","floor":40,"key":"SMITH"},{"floor":46,"key":"REST"}],"neow_cost":"NONE","seed_source_timestamp":9598205190782,"circlet_count":0,"master_deck":["Strike_R","Strike_R","Defend_R","Defend_R","Defend_R","Defend_R","Bash","Flex+1","Flex+1","Clash","Uppercut+1","Flex","Twin Strike","Whirlwind","Limit Break+1","Whirlwind+1","Bloodletting+1","Reaper","Second Wind+1","Shockwave+1","Heavy Blade+1","Madness","Madness","Thunderclap","Limit Break"],"relics":["Black Blood","Centennial Puzzle","Paper Frog","Red Skull","Happy Flower","Golden Idol","Bag of Marbles","Tiny Chest","MutagenicStrength","White Beast Statue","Omamori"],"potions_floor_usage":[13,22,22,33,44,45,45,47],"damage_taken":[{"damage":5,"enemies":"Cultist","floor":1,"turns":4},{"damage":8,"enemies":"Small Slimes","floor":2,"turns":3},{"damage":1,"enemies":"Jaw Worm","floor":5,"turns":3},{"damage":38,"enemies":"Lagavulin","floor":6,"turns":7},{"damage":6,"enemies":"Large Slime","floor":7,"turns":5},{"damage":4,"enemies":"2 Fungi Beasts","floor":11,"turns":2},{"damage":10,"enemies":"Exordium Thugs","floor":12,"turns":2},{"damage":0,"enemies":"Gremlin Nob","floor":13,"turns":2},{"damage":22,"enemies":"The Guardian","floor":16,"turns":7},{"damage":27,"enemies":"2 Thieves","floor":18,"turns":3},{"damage":10,"enemies":"Shell Parasite","floor":21,"turns":3},{"damage":21,"enemies":"Snake Plant","floor":22,"turns":2},{"damage":19,"enemies":"3 Cultists","floor":25,"turns":4},{"damage":3,"enemies":"Gremlin Leader","floor":27,"turns":4},{"damage":3,"enemies":"Sentry and Sphere","floor":29,"turns":1},{"damage":85,"enemies":"Automaton","floor":33,"turns":8},{"damage":2,"enemies":"Orb Walker","floor":35,"turns":2},{"damage":3,"enemies":"3 Darklings","floor":37,"turns":1},{"damage":14,"enemies":"Writhing Mass","floor":39,"turns":4},{"damage":44,"enemies":"Spire Growth","floor":41,"turns":4},{"damage":40,"enemies":"Maw","floor":44,"turns":6},{"damage":45,"enemies":"4 Shapes","floor":45,"turns":4},{"damage":39,"enemies":"Transient","floor":47,"turns":3}],"seed_played":"1730326337470177718","potions_obtained":[{"floor":1,"key":"SkillPotion"},{"floor":12,"key":"Strength Potion"},{"floor":13,"key":"FairyPotion"},{"floor":21,"key":"Regen Potion"},{"floor":27,"key":"Strength Potion"},{"floor":35,"key":"SpeedPotion"},{"floor":37,"key":"Energy Potion"},{"floor":39,"key":"Block Potion"},{"floor":44,"key":"Energy Potion"},{"floor":45,"key":"SkillPotion"}],"is_trial":false,"path_per_floor":["M","M","$","?","M","E","M","R","T","R","M","M","E","?","R","B",null,"M","$","?","M","M","R","$","M","T","E","?","M","R","$","R","B",null,"M","?","M","?","M","R","M","$","T","M","M","R","M"],"character_chosen":"IRONCLAD","items_purchased":["Bag of Marbles","Reaper","Thunderclap"],"campfire_rested":1,"item_purchase_floors":[19,24,42],"current_hp_per_floor":[80,78,78,67,72,40,40,40,40,40,42,38,44,44,44,28,74,57,57,57,57,51,51,51,59,59,66,66,73,73,73,73,13,74,74,74,74,65,68,68,40,40,40,15,17,38,0],"gold":156,"neow_bonus":"RANDOM_COMMON_RELIC","is_prod":false,"is_daily":false,"chose_seed":false,"campfire_upgraded":6,"win_rate":0,"timestamp":1551967377,"path_taken":["M","M","?","?","M","E","M","R","T","R","?","M","E","?","R","BOSS","M","$","?","?","?","R","?","?","T","E","?","M","R","$","R","BOSS","M","?","M","?","M","R","M","?","T","?","M","R","M"],"build_version":"2019-01-23","purchased_purges":4,"victory":false,"max_hp_per_floor":[80,80,80,80,80,80,80,80,80,80,80,80,80,74,74,74,74,74,74,74,74,74,74,74,74,74,74,74,74,74,74,74,74,74,74,74,74,74,74,74,74,71,71,71,71,71,71],"card_choices":[{"not_picked":["Cleave","Headbutt"],"picked":"Flex","floor":1},{"not_picked":["Armaments","Sever Soul"],"picked":"Flex","floor":2},{"not_picked":["Havoc","Sentinel"],"picked":"Clash","floor":5},{"not_picked":["Clothesline","Bludgeon"],"picked":"Uppercut","floor":6},{"not_picked":["Armaments","Warcry"],"picked":"Flex","floor":7},{"not_picked":["Wild Strike","Clothesline"],"picked":"Twin Strike","floor":11},{"not_picked":["Heavy Blade","Wild Strike"],"picked":"Whirlwind","floor":12},{"not_picked":["True Grit","Armaments","Wild Strike"],"picked":"SKIP","floor":13},{"not_picked":["Demon Form","Double Tap"],"picked":"Limit Break","floor":16},{"not_picked":["Shockwave+1","Flame Barrier","Clothesline+1"],"picked":"SKIP","floor":18},{"not_picked":["Clash+1","Headbutt","Clothesline"],"picked":"SKIP","floor":21},{"not_picked":["Perfected Strike","Armaments"],"picked":"Bloodletting+1","floor":22},{"not_picked":["Ghostly Armor+1","Body Slam"],"picked":"Dropkick+1","floor":25},{"not_picked":["True Grit","Searing Blow+1"],"picked":"Second Wind+1","floor":27},{"not_picked":["Perfected Strike","Cleave","Armaments"],"picked":"SKIP","floor":29},{"not_picked":["Shrug It Off+1","Clash"],"picked":"Shockwave+1","floor":35},{"not_picked":["Rupture+1","Iron Wave"],"picked":"Heavy Blade","floor":37},{"not_picked":["Intimidate+1","Rage","Reckless Charge+1"],"picked":"SKIP","floor":39},{"not_picked":["Body Slam+1","True Grit+1","Metallicize"],"picked":"SKIP","floor":41},{"not_picked":["Wild Strike+1","True Grit"],"picked":"Limit Break","floor":44},{"not_picked":["Cleave","Twin Strike+1","Pommel Strike"],"picked":"SKIP","floor":45}],"player_experience":196177,"relics_obtained":[{"floor":6,"key":"Paper Frog"},{"floor":9,"key":"Red Skull"},{"floor":13,"key":"Happy Flower"},{"floor":27,"key":"Tiny Chest"},{"floor":43,"key":"Omamori"}],"event_choices":[{"damage_healed":0,"gold_gain":75,"player_choice":"Gather Gold","damage_taken":11,"max_hp_gain":0,"max_hp_loss":0,"event_name":"World of Goop","floor":4,"gold_loss":0},{"damage_healed":0,"gold_gain":0,"player_choice":"Lose Max HP","damage_taken":0,"relics_obtained":["Golden Idol"],"max_hp_gain":0,"max_hp_loss":6,"event_name":"Golden Idol","floor":14,"gold_loss":0},{"damage_healed":0,"gold_gain":0,"player_choice":"Copied","damage_taken":0,"max_hp_gain":0,"max_hp_loss":0,"event_name":"Duplicator","floor":20,"gold_loss":0,"cards_obtained":["Whirlwind"]},{"damage_healed":0,"gold_gain":0,"player_choice":"Inject Mutagens","damage_taken":0,"relics_obtained":["MutagenicStrength"],"max_hp_gain":0,"max_hp_loss":0,"event_name":"Drug Dealer","floor":28,"gold_loss":0},{"cards_removed":["Dropkick"],"damage_healed":0,"gold_gain":0,"player_choice":"Removed Attack","damage_taken":0,"max_hp_gain":0,"max_hp_loss":0,"event_name":"Falling","floor":36,"gold_loss":0},{"damage_healed":0,"gold_gain":0,"player_choice":"Embrace Madness","damage_taken":9,"max_hp_gain":0,"max_hp_loss":0,"event_name":"Winding Halls","floor":38,"gold_loss":0,"cards_obtained":["Madness","Madness"]}],"is_beta":false,"boss_relics":[{"not_picked":["Runic Pyramid","Philosopher\u0027s Stone"],"picked":"Black Blood"},{"not_picked":["Mark of Pain","Busted Crown"],"picked":"White Beast Statue"}],"items_purged_floors":[3,19,31,42],"is_endless":false,"potions_floor_spawned":[1,12,13,21,27,35,37,39,41,44,45],"killed_by":"Transient","ascension_level":0}