{"gold_per_floor":[119,119,131,147,165,199,199,211,237,92,102,102,102,118,118,222,222,232,249,249,268,268,268,303,303,303,303,303,57,57],"floor_reached":30,"playtime":768,"items_purged":["Strike_R","Flex"],"score":250,"play_id":"21b36b01-6fd2-40b4-841a-d153ac78a235","local_time":"20181031000816","is_ascension_mode":false,"campfire_choices":[{"data":"Whirlwind","floor":7,"key":"SMITH"},{"floor":12,"key":"RECALL"},{"data":"Strike_R","floor":15,"key":"PURGE"},{"floor":23,"key":"REST"},{"data":"Whirlwind","floor":25,"key":"PURGE"},{"data":"Havoc","floor":27,"key":"PURGE"}],"neow_cost":"NONE","seed_source_timestamp":795512351063880,"circlet_count":0,"master_deck":["Bash+1","Whirlwind+1","Shrug It Off","Rampage+1","Impervious","Pommel Strike","Spot Weakness","Clothesline+1","Dual Wield","Pummel+1"],"relics":["Burning Blood","Peace Pipe","Pandora\u0027s Box","Art of War","Incense Burner","Whetstone"],"potions_floor_usage":[16],"damage_taken":[{"damage":1,"enemies":"Cultist","floor":1,"turns":3},{"damage":3,"enemies":"Jaw Worm","floor":3,"turns":4},{"damage":2,"enemies":"Small Slimes","floor":4,"turns":3},{"damage":0,"enemies":"3 Louse","floor":5,"turns":1},{"damage":44,"enemies":"3 Sentries","floor":6,"turns":12},{"damage":0,"enemies":"Large Slime","floor":8,"turns":3},{"damage":11,"enemies":"Exordium Wildlife","floor":11,"turns":3},{"damage":7,"enemies":"Blue Slaver","floor":14,"turns":3},{"damage":16,"enemies":"Slime Boss","floor":16,"turns":9},{"damage":10,"enemies":"Chosen","floor":18,"turns":3},{"damage":22,"enemies":"Spheric Guardian","floor":19,"turns":4},{"damage":24,"enemies":"Snake Plant","floor":21,"turns":5},{"damage":53,"enemies":"Slavers","floor":24,"turns":5},{"damage":16,"enemies":"Colosseum Slavers","floor":30,"turns":4}],"seed_played":"2189220735629011729","potions_obtained":[{"floor":6,"key":"LiquidBronze"},{"floor":8,"key":"EssenceOfSteel"},{"floor":11,"key":"Weak Potion"},{"floor":16,"key":"Dexterity Potion"}],"is_trial":false,"path_per_floor":["M","?","M","M","M","E","R","M","T","$","M","R","?","M","R","B",null,"M","M","?","M","?","R","E","R","T","R","?","$"],"character_chosen":"IRONCLAD","items_purchased":["Rampage","Whetstone"],"campfire_rested":1,"item_purchase_floors":[10,29],"current_hp_per_floor":[88,88,88,88,88,50,50,56,56,56,51,51,51,50,50,40,88,84,68,68,50,33,60,13,13,13,13,13,13,0],"gold":57,"neow_bonus":"TEN_PERCENT_HP_BONUS","is_prod":false,"is_daily":false,"chose_seed":false,"campfire_upgraded":1,"win_rate":0,"timestamp":1540912096,"path_taken":["M","?","M","M","M","E","R","M","T","?","M","R","?","M","R","BOSS","M","M","?","M","?","R","E","R","T","R","?","$","?"],"build_version":"2018-10-29v2","purchased_purges":2,"victory":false,"max_hp_per_floor":[88,88,88,88,88,88,88,88,88,88,88,88,88,88,88,88,88,88,88,88,88,93,93,93,93,93,93,93,93,93],"card_choices":[{"not_picked":["Heavy Blade","Thunderclap","True Grit"],"picked":"SKIP","floor":1},{"not_picked":["Combust","Iron Wave"],"picked":"Flex","floor":3},{"not_picked":["Clash","Hemokinesis"],"picked":"Whirlwind","floor":4},{"not_picked":["Reckless Charge","Power Through"],"picked":"Shrug It Off","floor":5},{"not_picked":["Cleave","Anger"],"picked":"Bludgeon","floor":6},{"not_picked":["Armaments","Body Slam","Havoc"],"picked":"SKIP","floor":8},{"not_picked":["Feed","Anger","Warcry"],"picked":"SKIP","floor":11},{"not_picked":["Seeing Red","Perfected Strike","Havoc"],"picked":"SKIP","floor":14},{"not_picked":["Double Tap","Exhume"],"picked":"Impervious","floor":16},{"not_picked":["Corruption","Fire Breathing","Flex"],"picked":"SKIP","floor":18},{"not_picked":["Wild Strike","Clash","Clothesline"],"picked":"SKIP","floor":19},{"not_picked":["Havoc+1","Limit Break","Pommel Strike"],"picked":"SKIP","floor":21},{"not_picked":["Burning Pact","Disarm","Rupture"],"picked":"SKIP","floor":24}],"player_experience":541386,"relics_obtained":[{"floor":6,"key":"Peace Pipe"},{"floor":24,"key":"Art of War"},{"floor":26,"key":"Incense Burner"}],"event_choices":[{"damage_healed":0,"gold_gain":0,"player_choice":"Forge","damage_taken":0,"max_hp_gain":0,"max_hp_loss":0,"event_name":"Accursed Blacksmith","floor":2,"gold_loss":0,"cards_upgraded":["Bash"]},{"damage_healed":0,"gold_gain":0,"player_choice":"Grow","damage_taken":0,"max_hp_gain":0,"max_hp_loss":0,"event_name":"Living Wall","floor":13,"gold_loss":0,"cards_upgraded":["Rampage"]},{"damage_healed":0,"gold_gain":0,"cards_transformed":["Corruption","Bludgeon"],"player_choice":"Became Test Subject","damage_taken":0,"max_hp_gain":0,"max_hp_loss":0,"event_name":"Drug Dealer","floor":20,"gold_loss":0,"cards_obtained":["Pummel","Havoc"]},{"damage_healed":0,"gold_gain":0,"player_choice":"Shed Blood","damage_taken":22,"max_hp_gain":5,"max_hp_loss":0,"event_name":"Forgotten Altar","floor":22,"gold_loss":0},{"cards_removed":["Thunderclap"],"damage_healed":0,"gold_gain":0,"player_choice":"Purged","damage_taken":0,"max_hp_gain":0,"max_hp_loss":0,"event_name":"Purifier","floor":28,"gold_loss":0},{"damage_healed":0,"gold_gain":0,"player_choice":"Fight","damage_taken":0,"max_hp_gain":0,"max_hp_loss":0,"event_name":"Colosseum","floor":30,"gold_loss":0}],"is_beta":true,"boss_relics":[{"not_picked":["Snecko Eye","Lizard Tail"],"picked":"Pandora\u0027s Box"}],"items_purged_floors":[10,29],"is_endless":false,"potions_floor_spawned":[6,8,11,16,19,21,24],"killed_by":"Colosseum Slavers","ascension_level":0}