{"path_per_floor":["M","?","M","M","M","R","E","R","T","R","M","?","$","?","R","B",null,"M","?","?","M","?","R","?","M","T","R","M","R","M","M","R"],"character_chosen":"THE_SILENT","items_purchased":["Terror","Sucker Punch"],"gold_per_floor":[117,117,132,150,166,166,201,201,201,201,212,162,1,1,1,103,103,117,117,42,56,56,56,56,72,72,72,92,92,109,127,127],"floor_reached":33,"campfire_rested":4,"playtime":1233,"current_hp_per_floor":[62,50,50,46,46,67,43,43,43,43,41,41,41,41,62,24,59,37,21,21,15,15,36,59,36,50,50,50,50,41,19,44],"items_purged":["Strike_G"],"gold":127,"score":333,"play_id":"2e019da5-332d-479f-bb21-4a48816a99aa","local_time":"20180302215545","is_prod":false,"is_daily":false,"is_ascension_mode":true,"campfire_upgraded":3,"timestamp":1519995345,"path_taken":["M","?","M","M","M","R","E","R","T","R","M","?","$","?","R","BOSS","M","?","?","?","?","R","?","M","T","R","M","R","M","M","R","BOSS"],"build_version":"2018-03-01-PROD1","purchased_purges":1,"victory":false,"master_deck":["Defend_G","Defend_G","Defend_G","Defend_G","Defend_G","Survivor","Neutralize","Poisoned Stab","Backstab","Cloak And Dagger+1","Storm of Steel+1","Flying Knee","Terror","Sucker Punch","Die Die Die+1","Outmaneuver","Flying Knee+1","Cloak And Dagger+1","Finisher+1","Acrobatics"],"max_hp_per_floor":[70,70,70,70,70,70,70,70,70,70,70,70,70,70,70,70,70,70,70,70,70,70,70,70,70,84,84,84,84,84,84,84],"relics":["Runic Dome","Bag of Preparation","Peace Pipe","Unceasing Top","Question Card","Enchiridion","Mango"],"card_choices":[{"not_picked":["Deflect","Setup"],"picked":"Poisoned Stab"},{"not_picked":["Caltrops","Deflect"],"picked":"Backstab"},{"not_picked":["Distraction","Backflip"],"picked":"Cloak And Dagger"},{"not_picked":["Caltrops","Backflip"],"picked":"Storm of Steel"},{"not_picked":["Poisoned Stab","Slice"],"picked":"Flying Knee"},{"not_picked":["Tactician","Unload"],"picked":"Die Die Die"},{"not_picked":["Poisoned Stab","Deflect","Underhanded Strike"],"picked":"Outmaneuver"},{"not_picked":["Poisoned Stab","Dagger Throw","Heel Hook"],"picked":"Flying Knee"},{"not_picked":["Deflect","Calculated Gamble","Sucker Punch"],"picked":"Cloak And Dagger"},{"not_picked":["Blur","Bane","Underhanded Strike"],"picked":"Finisher"},{"not_picked":["Outmaneuver","Riddle With Holes","Underhanded Strike"],"picked":"Acrobatics"}],"player_experience":243709,"potions_floor_usage":[7,25,30,33],"damage_taken":[{"damage":1,"enemies":"Jaw Worm","floor":1,"turns":5},{"damage":0,"enemies":"2 Louse","floor":3,"turns":3},{"damage":4,"enemies":"Small Slimes","floor":4,"turns":3},{"damage":0,"enemies":"Looter","floor":5,"turns":3},{"damage":24,"enemies":"Gremlin Nob","floor":7,"turns":4},{"damage":2,"enemies":"3 Louse","floor":11,"turns":3},{"damage":38,"enemies":"The Guardian","floor":16,"turns":11},{"damage":22,"enemies":"Spheric Guardian","floor":18,"turns":6},{"damage":6,"enemies":"Shell Parasite","floor":21,"turns":4},{"damage":23,"enemies":"Snake Plant","floor":25,"turns":4},{"damage":0,"enemies":"Snecko","floor":28,"turns":4},{"damage":9,"enemies":"Chosen and Byrds","floor":30,"turns":3},{"damage":22,"enemies":"Snake Plant","floor":31,"turns":3},{"damage":66,"enemies":"Champ","floor":33,"turns":6}],"event_choices":[{"event_name":"Scrap Ooze","player_choice":"success","floor":2,"damage_taken":12},{"event_name":"The Cleric","player_choice":"Card Removal","floor":12,"damage_taken":0},{"event_name":"Purifier","player_choice":"One Purge","floor":14,"damage_taken":0},{"event_name":"Cursed Tome","player_choice":"Obtained Book","floor":19,"damage_taken":0},{"event_name":"Beggar","player_choice":"Gave Gold","floor":20,"damage_taken":0},{"event_name":"Addict","player_choice":"Ignored","floor":22,"damage_taken":0},{"event_name":"The Library","player_choice":"Heal","floor":24,"damage_taken":0}],"boss_relics":[{"not_picked":["Snecko Eye","The Specimen"],"picked":"Question Card"}],"potions_floor_spawned":[5,7,11,21,30],"seed_played":"859457789338462794","killed_by":"Champ","ascension_level":7,"is_trial":false}