{"gold_per_floor":[115,115,13,13,25,53,53,88,112,45,60,60,79,79],"floor_reached":14,"playtime":388,"items_purged":[],"score":186,"play_id":"27b29d9a-140d-4a27-825d-5877f4d89845","local_time":"20190113140030","is_ascension_mode":true,"campfire_choices":[{"floor":7.0,"key":"REST"}],"neow_cost":"NONE","seed_source_timestamp":91151965505151,"circlet_count":0,"master_deck":["AscendersBane","Strike_R","Strike_R+1","Strike_R","Strike_R","Strike_R","Defend_R","Defend_R","Defend_R","Defend_R","Bash","Reckless Charge+1","Feel No Pain","Iron Wave","Pommel Strike","Feel No Pain","Corruption","Inflame","Power Through"],"special_seed":0,"relics":["Burning Blood","Omamori","Matryoshka","Vajra","MawBank"],"potions_floor_usage":[],"damage_taken":[{"damage":7.0,"enemies":"Cultist","floor":1.0,"turns":4.0},{"damage":8.0,"enemies":"Small Slimes","floor":5.0,"turns":4.0},{"damage":27.0,"enemies":"Lagavulin","floor":6.0,"turns":7.0},{"damage":24.0,"enemies":"Gremlin Nob","floor":8.0,"turns":4.0},{"damage":7.0,"enemies":"Jaw Worm","floor":11.0,"turns":4.0},{"damage":10.0,"enemies":"Red Slaver","floor":13.0,"turns":4.0},{"damage":15,"enemies":"Lagavulin","floor":14,"turns":7}],"seed_played":"-836039967643852877","potions_obtained":[{"floor":0.0,"key":"LiquidBronze"},{"floor":0.0,"key":"SteroidPotion"},{"floor":6.0,"key":"Strength Potion"},{"floor":12.0,"key":"PowerPotion"}],"is_trial":false,"path_per_floor":["M","?","$","?","M","E","R","E","T","$","M","?","M","E"],"character_chosen":"IRONCLAD","items_purchased":["Feel No Pain","Iron Wave","Corruption"],"campfire_rested":1,"item_purchase_floors":[3,3,10],"current_hp_per_floor":[67,67,67,44,42,21,43,25,25,25,24,24,20,5],"gold":79,"neow_bonus":"THREE_SMALL_POTIONS","is_prod":false,"is_daily":false,"chose_seed":false,"campfire_upgraded":0,"win_rate":0,"timestamp":1547355630,"path_taken":["M","?","$","?","?","E","R","E","T","?","M","?","?","E"],"build_version":"2019-01-10","purchased_purges":0,"victory":false,"max_hp_per_floor":[75,75,75,75,75,75,75,75,75,75,75,75,75,75],"card_choices":[{"not_picked":["Body Slam","Bloodletting"],"picked":"Reckless Charge","floor":1.0},{"not_picked":["Thunderclap","Clash","Heavy Blade"],"picked":"SKIP","floor":5.0},{"not_picked":["Havoc","Twin Strike"],"picked":"Pommel Strike","floor":6.0},{"not_picked":["Dual Wield","Anger"],"picked":"Feel No Pain","floor":8.0},{"not_picked":["Dual Wield","Headbutt"],"picked":"Inflame","floor":11.0},{"not_picked":["Seeing Red","Heavy Blade"],"picked":"Power Through","floor":13.0}],"player_experience":769749,"relics_obtained":[{"floor":6.0,"key":"Omamori"},{"floor":8.0,"key":"Matryoshka"},{"floor":9.0,"key":"Vajra"},{"floor":9.0,"key":"MawBank"}],"event_choices":[{"damage_healed":0.0,"max_hp_gain":0.0,"max_hp_loss":0.0,"gold_gain":0.0,"event_name":"Golden Idol","player_choice":"Ignored","floor":2.0,"gold_loss":0.0,"damage_taken":0.0},{"damage_healed":0.0,"max_hp_gain":0.0,"max_hp_loss":0.0,"gold_gain":0.0,"event_name":"Shining Light","player_choice":"Entered Light","floor":4.0,"gold_loss":0.0,"damage_taken":23.0,"cards_upgraded":["Strike_R","Reckless Charge"]},{"damage_healed":0.0,"max_hp_gain":0.0,"max_hp_loss":0.0,"gold_gain":0.0,"event_name":"Lab","player_choice":"Got Potions","floor":12.0,"gold_loss":0.0,"damage_taken":0.0}],"is_beta":false,"boss_relics":[],"items_purged_floors":[],"is_endless":false,"potions_floor_spawned":[5,6,13],"killed_by":"Lagavulin","ascension_level":18}