{"gold_per_floor":[113,113,183,198,211,211,536,550,550,550,550,472,472,505,505,600,600,618,178,93,93,106,106,106,106,106,125,137,157,157,171,171,266,266,277,277,295,52,66,66,76,76,76,176,176,191,191,209,209,209],"floor_reached":50,"playtime":2685,"items_purged":["Strike_G"],"score":497,"play_id":"93d94cf4-9aec-4406-aab9-549673dd8b08","local_time":"20190208213047","is_ascension_mode":true,"campfire_choices":[{"data":"Infinite Blades","floor":6.0,"key":"SMITH"},{"floor":10.0,"key":"REST"},{"data":"Accuracy","floor":15.0,"key":"SMITH"},{"floor":23.0,"key":"REST"},{"data":"After Image","floor":25.0,"key":"SMITH"},{"floor":32.0,"key":"REST"},{"floor":40.0,"key":"REST"},{"data":"Night Terror","floor":45,"key":"SMITH"},{"data":"A Thousand Cuts","floor":47,"key":"SMITH"},{"floor":49,"key":"REST"}],"neow_cost":"NONE","seed_source_timestamp":4692341832918676,"circlet_count":0,"master_deck":["Defend_G","Defend_G","Defend_G","Defend_G","Defend_G","Strike_G","Strike_G","Strike_G","Survivor","Neutralize","Dash","Cloak And Dagger","Infinite Blades+1","Leg Sweep","Infinite Blades","Endless Agony","Accuracy+1","Night Terror+1","Footwork+1","After Image+1","Blur","Blade Dance","Backflip+1","A Thousand Cuts+1","Backflip+1","Enlightenment","Infinite Blades+1","Concentrate+1","Doubt","Accuracy+1"],"special_seed":0,"relics":["Runic Dome","Old Coin","Question Card","Letter Opener","White Beast Statue","Blood Vial","PreservedInsect","Molten Egg 2","Sozu","Shuriken","Gremlin Horn"],"potions_floor_usage":[46],"damage_taken":[{"damage":0.0,"enemies":"2 Louse","floor":1.0,"turns":2.0},{"damage":0.0,"enemies":"Small Slimes","floor":4.0,"turns":4.0},{"damage":2.0,"enemies":"Jaw Worm","floor":5.0,"turns":3.0},{"damage":22.0,"enemies":"Gremlin Nob","floor":7.0,"turns":5.0},{"damage":11.0,"enemies":"Large Slime","floor":8.0,"turns":10.0},{"damage":7.0,"enemies":"3 Sentries","floor":14.0,"turns":7.0},{"damage":16.0,"enemies":"The Guardian","floor":16.0,"turns":12.0},{"damage":8.0,"enemies":"3 Byrds","floor":18.0,"turns":5.0},{"damage":15.0,"enemies":"Shell Parasite","floor":22.0,"turns":4.0},{"damage":14.0,"enemies":"Snecko","floor":27.0,"turns":6.0},{"damage":13.0,"enemies":"3 Cultists","floor":28.0,"turns":5.0},{"damage":8.0,"enemies":"Cultist and Chosen","floor":29.0,"turns":8.0},{"damage":12.0,"enemies":"Snake Plant","floor":31.0,"turns":8.0},{"damage":36.0,"enemies":"Champ","floor":33.0,"turns":20.0},{"damage":3.0,"enemies":"3 Shapes","floor":35.0,"turns":4.0},{"damage":41.0,"enemies":"3 Darklings","floor":37.0,"turns":5.0},{"damage":18.0,"enemies":"Maw","floor":39.0,"turns":7.0},{"damage":31,"enemies":"Transient","floor":41,"turns":5},{"damage":20,"enemies":"Jaw Worm Horde","floor":46,"turns":5},{"damage":20,"enemies":"3 Darklings","floor":48,"turns":5},{"damage":75,"enemies":"Awakened One","floor":50,"turns":4}],"seed_played":"2425977103149458700","potions_obtained":[{"floor":1.0,"key":"GamblersBrew"},{"floor":7.0,"key":"PowerPotion"},{"floor":16.0,"key":"PowerPotion"},{"floor":18.0,"key":"Explosive Potion"},{"floor":22.0,"key":"SkillPotion"},{"floor":27.0,"key":"EssenceOfSteel"},{"floor":28.0,"key":"SpeedPotion"},{"floor":29.0,"key":"Explosive Potion"},{"floor":31.0,"key":"Explosive Potion"},{"floor":33.0,"key":"Strength Potion"}],"is_trial":false,"path_per_floor":["M","?","?","M","M","R","E","M","T","R","?","$","?","E","R","B",null,"M","$","?","?","M","R","?","R","T","M","M","M","?","M","R","B",null,"M","?","M","$","M","R","M","?","T","?","R","M","R","M","R","B"],"character_chosen":"THE_SILENT","items_purchased":["Infinite Blades","After Image","Blur","Blood Vial","Shuriken"],"campfire_rested":5,"item_purchase_floors":[12,19,19,19,38],"current_hp_per_floor":[70,70,70,70,68,68,46,35,35,56,70,70,70,63,63,47,70,62,62,62,62,49,70,70,70,70,56,45,39,39,29,50,16,70,67,67,28,28,12,33,4,70,70,70,70,50,50,32,53,0],"gold":209,"neow_bonus":"BOSS_RELIC","is_prod":false,"is_daily":false,"chose_seed":false,"campfire_upgraded":5,"win_rate":0,"timestamp":1549679447,"path_taken":["M","?","?","M","M","R","E","M","T","R","?","?","?","E","R","BOSS","M","$","?","?","M","R","?","R","T","?","M","M","?","M","R","BOSS","M","?","M","$","M","R","M","?","T","?","R","M","R","M","R","BOSS"],"build_version":"2019-01-23","purchased_purges":1,"victory":false,"max_hp_per_floor":[70,70,70,70,70,70,70,70,70,70,70,70,70,70,70,70,70,70,70,70,70,70,70,70,70,70,70,70,70,70,70,70,70,70,70,70,70,70,70,70,70,70,70,70,70,70,70,70,70,70],"card_choices":[{"not_picked":["Masterful Stab","Dodge and Roll"],"picked":"Dash","floor":1.0},{"not_picked":["Deflect","Blade Dance"],"picked":"Cloak And Dagger","floor":4.0},{"not_picked":["Skewer","Acrobatics"],"picked":"Infinite Blades","floor":5.0},{"not_picked":["Heel Hook","Expertise"],"picked":"Leg Sweep","floor":7.0},{"not_picked":["Tactician","Flechettes","Dagger Throw"],"picked":"SKIP","floor":8.0},{"not_picked":["Dagger Throw","Choke","Heel Hook"],"picked":"Accuracy","floor":14.0},{"not_picked":["Phantasmal Killer","Bullet Time","Adrenaline"],"picked":"Night Terror","floor":16.0},{"not_picked":["Prepared+1","Poisoned Stab","Setup"],"picked":"Footwork+1","floor":18.0},{"not_picked":["Underhanded Strike","Deadly Poison+1","Footwork"],"picked":"Blade Dance","floor":22.0},{"not_picked":["Backstab+1","Dodge and Roll","Heel Hook+1","Distraction"],"picked":"SKIP","floor":27.0},{"not_picked":["Prepared","Terror","Riddle With Holes+1"],"picked":"Backflip+1","floor":28.0},{"not_picked":["Outmaneuver","Dagger Spray+1","Predator+1","Backflip"],"picked":"SKIP","floor":29.0},{"not_picked":["Sucker Punch+1","Dagger Throw+1","Deflect","Underhanded Strike+1"],"picked":"SKIP","floor":31.0},{"not_picked":["Night Terror","Venomology","Phantasmal Killer"],"picked":"A Thousand Cuts","floor":33.0},{"not_picked":["Bane+1","Leg Sweep","Poisoned Stab+1"],"picked":"Backflip+1","floor":35.0},{"not_picked":["Sadistic Nature","Secret Weapon","Flash of Steel+1"],"picked":"Enlightenment","floor":36.0},{"not_picked":["Bane+1","Blade Dance","Prepared"],"picked":"Infinite Blades+1","floor":37.0},{"not_picked":["Slice+1","Sucker Punch+1","Bane+1"],"picked":"Concentrate+1","floor":39.0},{"not_picked":["Catalyst+1","Skewer+1","Predator+1","Acrobatics+1"],"picked":"SKIP","floor":41},{"not_picked":["Outmaneuver+1","Acrobatics","Masterful Stab+1","Cloak And Dagger"],"picked":"SKIP","floor":46},{"not_picked":["Setup","Poisoned Stab+1","Heel Hook+1"],"picked":"Accuracy+1","floor":48}],"player_experience":78493,"relics_obtained":[{"floor":7.0,"key":"Old Coin"},{"floor":9.0,"key":"Question Card"},{"floor":14.0,"key":"Letter Opener"},{"floor":26.0,"key":"Molten Egg 2"},{"floor":43,"key":"Gremlin Horn"}],"event_choices":[{"damage_healed":0.0,"max_hp_gain":0.0,"max_hp_loss":0.0,"gold_gain":0.0,"event_name":"Scrap Ooze","player_choice":"Fled","floor":2.0,"gold_loss":0.0,"damage_taken":0.0},{"damage_healed":0.0,"max_hp_gain":0.0,"max_hp_loss":0.0,"gold_gain":70.0,"event_name":"Golden Wing","player_choice":"Gained Gold","floor":3.0,"gold_loss":0.0,"damage_taken":0.0},{"damage_healed":23.0,"max_hp_gain":0.0,"max_hp_loss":0.0,"gold_gain":0.0,"event_name":"Big Fish","player_choice":"Banana","floor":11.0,"gold_loss":0.0,"damage_taken":0.0},{"damage_healed":0.0,"max_hp_gain":0.0,"max_hp_loss":0.0,"gold_gain":0.0,"cards_transformed":["Strike_G"],"event_name":"Living Wall","player_choice":"Change","floor":13.0,"gold_loss":0.0,"damage_taken":0.0,"cards_obtained":["Endless Agony"]},{"damage_healed":0.0,"max_hp_gain":0.0,"max_hp_loss":0.0,"gold_gain":0.0,"event_name":"Addict","player_choice":"Obtained Relic","floor":20.0,"gold_loss":85.0,"damage_taken":0.0,"relics_obtained":["PreservedInsect"]},{"damage_healed":0.0,"max_hp_gain":0.0,"max_hp_loss":0.0,"gold_gain":0.0,"event_name":"The Mausoleum","player_choice":"Ignored","floor":21.0,"gold_loss":0.0,"damage_taken":0.0},{"damage_healed":0.0,"max_hp_gain":0.0,"max_hp_loss":0.0,"gold_gain":0.0,"event_name":"Cursed Tome","player_choice":"Ignored","floor":24.0,"gold_loss":0.0,"damage_taken":0.0},{"damage_healed":0.0,"max_hp_gain":0.0,"max_hp_loss":0.0,"gold_gain":0.0,"event_name":"Ghosts","player_choice":"Ignored","floor":30.0,"gold_loss":0.0,"damage_taken":0.0},{"damage_healed":0.0,"max_hp_gain":0.0,"max_hp_loss":0.0,"gold_gain":0.0,"event_name":"SensoryStone","player_choice":"Memory 1","floor":36.0,"gold_loss":0.0,"damage_taken":0.0},{"damage_healed":66,"gold_gain":0,"player_choice":"Heal","damage_taken":0,"max_hp_gain":0,"max_hp_loss":0,"event_name":"MindBloom","floor":42,"gold_loss":0,"cards_obtained":["Doubt"]},{"damage_healed":0,"gold_gain":100,"player_choice":"Pray","damage_taken":0,"max_hp_gain":0,"max_hp_loss":0,"event_name":"Golden Shrine","floor":44,"gold_loss":0}],"is_beta":false,"boss_relics":[{"not_picked":["Calling Bell","Philosopher\u0027s Stone"],"picked":"White Beast Statue"},{"not_picked":["Tiny House","Empty Cage"],"picked":"Sozu"}],"items_purged_floors":[19],"is_endless":false,"potions_floor_spawned":[1,7,16,18,22,27,28,29,31,33,35,37,39,41,46,48],"killed_by":"Awakened One","ascension_level":2}