{"gold_per_floor":[114,133,143,68,88,88,88,88,111,38,38,38],"floor_reached":12,"playtime":415,"items_purged":["Defend_G"],"score":68,"play_id":"53102dd5-708d-4329-91f6-4e550b39c6b5","local_time":"20181207052823","is_ascension_mode":false,"campfire_choices":[{"data":"Outmaneuver","floor":6,"key":"SMITH"}],"neow_cost":"NONE","seed_source_timestamp":630495984747704,"circlet_count":0,"master_deck":["Defend_G","Defend_G","Defend_G","Defend_G","Strike_G","Strike_G","Strike_G","Strike_G","Survivor","Neutralize","Deflect","Blade Dance","Outmaneuver+1","Bouncing Flask"],"relics":["Ring of the Snake","Golden Idol","Anchor"],"potions_floor_usage":[3,5],"damage_taken":[{"damage":0,"enemies":"Jaw Worm","floor":1,"turns":5},{"damage":0,"enemies":"2 Louse","floor":2,"turns":3},{"damage":2,"enemies":"Small Slimes","floor":3,"turns":5},{"damage":23,"enemies":"Gremlin Gang","floor":5,"turns":6},{"damage":0,"enemies":"3 Sentries","floor":12,"turns":1}],"seed_played":"7952159558885394193","potions_obtained":[{"floor":1,"key":"SkillPotion"},{"floor":3,"key":"SteroidPotion"},{"floor":5,"key":"Fire Potion"}],"is_trial":false,"path_per_floor":["M","M","M","$","M","R","?","?","T","$","?","E"],"character_chosen":"THE_SILENT","items_purchased":["Bouncing Flask"],"campfire_rested":0,"item_purchase_floors":[10],"current_hp_per_floor":[70,70,68,68,45,45,50,50,50,50,50,50],"gold":38,"neow_bonus":"REMOVE_CARD","is_prod":false,"is_daily":false,"chose_seed":false,"campfire_upgraded":1,"win_rate":0.0,"timestamp":1544178503,"path_taken":["M","M","M","$","M","R","?","?","T","$","?","E"],"build_version":"2018-12-06","purchased_purges":1,"victory":false,"max_hp_per_floor":[70,70,70,70,70,70,75,69,69,69,69,69],"card_choices":[{"not_picked":["Terror","Riddle With Holes"],"picked":"Deflect","floor":1},{"not_picked":["Endless Agony","Flying Knee"],"picked":"Blade Dance","floor":2},{"not_picked":["Expertise","Eviscerate"],"picked":"Outmaneuver","floor":3},{"not_picked":["Dagger Spray","Endless Agony","Backflip"],"picked":"SKIP","floor":5}],"player_experience":183593,"relics_obtained":[{"floor":9,"key":"Anchor"}],"event_choices":[{"damage_healed":0,"gold_gain":0,"player_choice":"Donut","damage_taken":0,"max_hp_gain":5,"max_hp_loss":0,"event_name":"Big Fish","floor":7,"gold_loss":0},{"damage_healed":0,"gold_gain":0,"player_choice":"Lose Max HP","damage_taken":0,"relics_obtained":["Golden Idol"],"max_hp_gain":0,"max_hp_loss":6,"event_name":"Golden Idol","floor":8,"gold_loss":0},{"damage_healed":0,"gold_gain":0,"player_choice":"Ignored","damage_taken":0,"max_hp_gain":0,"max_hp_loss":0,"event_name":"Liars Game","floor":11,"gold_loss":0}],"is_beta":false,"boss_relics":[],"items_purged_floors":[4],"is_endless":false,"potions_floor_spawned":[1,3,5],"killed_by":"3 Sentries","ascension_level":0}