{"path_per_floor":["M","?","M","M","?","E","R","M","T","M","M","M","M","M","R","B",null,"M","M","M","M","?","R","M","$","T","$","M","R","M","$","R","B",null,"M","?","?","M","M"],"character_chosen":"THE_SILENT","items_purchased":["Ice Cream","Heel Hook","Block Potion"],"gold_per_floor":[115,115,127,144,144,169,169,181,206,224,242,262,281,293,293,389,389,406,417,430,443,443,443,462,15,15,15,35,35,54,6,6,102,102,115,115,115,131,142],"floor_reached":40,"campfire_rested":3,"playtime":4008,"current_hp_per_floor":[70,70,70,70,75,55,55,55,55,55,51,44,45,44,44,36,75,71,55,18,1,1,23,16,16,16,16,9,31,17,17,39,39,75,66,56,56,54,31],"items_purged":["Strike_G"],"gold":142,"play_id":"ac4b8ca6-b7cb-4ef7-b161-72ebc3ed1e82","is_prod":false,"is_daily":false,"is_ascension_mode":false,"campfire_upgraded":2,"path_taken":["M","?","M","M","?","E","R","M","T","M","?","M","M","?","R","BOSS","M","M","M","M","?","R","M","$","T","?","M","R","?","$","R","BOSS","M","?","?","M","M","M"],"build_version":"2018-02-01-PROD3","purchased_purges":2,"victory":false,"master_deck":["Defend_G","Defend_G","Defend_G","Defend_G","Defend_G","Strike_G","Strike_G","Survivor","Neutralize+1","Terror","Dash+1","PiercingWail","Dagger Throw","Acrobatics+1","A Thousand Cuts+1","Cloak And Dagger+1","Prepared+1","Burst+1","Footwork+1","Escape Plan+1","Noxious Fumes","Caltrops","Tactician+1","Heel Hook","Noxious Fumes","Tactician+1","Madness+1","Madness+1","Underhanded Strike","Noxious Fumes+1","Dagger Throw+1"],"max_hp_per_floor":[70,70,70,70,75,75,75,75,75,75,75,75,75,75,75,75,75,75,75,75,75,75,75,75,75,75,75,75,75,75,75,75,75,75,75,75,75,75,75],"relics":["Runic Pyramid","Toxic Egg 2","Bronze Scales","Black Star","Ice Cream","Peace Pipe","Cursed Key"],"card_choices":[{"not_picked":["Calculated Gamble","Well Laid Plans"],"picked":"Terror"},{"not_picked":["Riddle With Holes","Flying Knee"],"picked":"Dash"},{"not_picked":["Choke","Caltrops"],"picked":"PiercingWail"},{"not_picked":["PiercingWail","Accuracy"],"picked":"Dagger Throw"},{"not_picked":["Deadly Poison","Prepared"],"picked":"Acrobatics"},{"not_picked":["Distraction","Eviscerate"],"picked":"A Thousand Cuts"},{"not_picked":["Dagger Spray","Phantasmal Killer"],"picked":"Cloak And Dagger"},{"not_picked":["Quick Slash","Underhanded Strike"],"picked":"Prepared"},{"not_picked":["Tools of the Trade","Unload"],"picked":"Burst"},{"not_picked":["Dagger Spray","Dodge and Roll"],"picked":"Footwork"},{"not_picked":["Dagger Throw","Acrobatics"],"picked":"Escape Plan"},{"not_picked":["Dagger Spray","Masterful Stab"],"picked":"Noxious Fumes"},{"not_picked":["Crippling Poison","Backflip"],"picked":"Tactician"},{"not_picked":["Finisher","Escape Plan"],"picked":"Noxious Fumes"},{"not_picked":["After Image","Burst"],"picked":"Tactician"},{"not_picked":["Infinite Blades","Reflex"],"picked":"Noxious Fumes"},{"not_picked":["Quick Slash","Outmaneuver"],"picked":"Dagger Throw"}],"player_experience":82574,"potions_floor_usage":[10,12,13,16,18,24,28,33,33,38],"damage_taken":[{"damage":0,"enemies":"Small Slimes","floor":1,"turns":5},{"damage":0,"enemies":"Jaw Worm","floor":3,"turns":5},{"damage":0,"enemies":"2 Louse","floor":4,"turns":3},{"damage":20,"enemies":"Gremlin Nob","floor":6,"turns":5},{"damage":0,"enemies":"Large Slime","floor":8,"turns":6},{"damage":0,"enemies":"Lots of Slimes","floor":10,"turns":2},{"damage":4,"enemies":"Gremlin Gang","floor":11,"turns":5},{"damage":7,"enemies":"Large Slime","floor":12,"turns":5},{"damage":11,"enemies":"Exordium Thugs","floor":13,"turns":5},{"damage":1,"enemies":"Red Slaver","floor":14,"turns":3},{"damage":8,"enemies":"Slime Boss","floor":16,"turns":8},{"damage":4,"enemies":"Shell Parasite","floor":18,"turns":5},{"damage":16,"enemies":"Chosen","floor":19,"turns":7},{"damage":37,"enemies":"Snecko","floor":20,"turns":7},{"damage":17,"enemies":"Chosen and Byrds","floor":21,"turns":7},{"damage":7,"enemies":"Snake Plant","floor":24,"turns":6},{"damage":7,"enemies":"Slaver and Parasite","floor":28,"turns":6},{"damage":14,"enemies":"Centurion and Healer","floor":30,"turns":8},{"damage":0,"enemies":"Automaton","floor":33,"turns":10},{"damage":9,"enemies":"3 Shapes","floor":35,"turns":7},{"damage":2,"enemies":"3 Darklings","floor":38,"turns":5},{"damage":23,"enemies":"4 Shapes","floor":39,"turns":5},{"damage":36,"enemies":"Sphere and 2 Shapes","floor":40,"turns":3}],"event_choices":[{"event_name":"Living Wall","player_choice":"Grow","floor":2,"damage_taken":0},{"event_name":"Big Fish","player_choice":"Donut","floor":5,"damage_taken":0},{"event_name":"Transmorgrifier","player_choice":"Transform","floor":22,"damage_taken":0},{"event_name":"Winding Halls","player_choice":"Embrace Madness","floor":36,"damage_taken":0},{"event_name":"Transmorgrifier","player_choice":"Transform","floor":37,"damage_taken":0}],"boss_relics":[{"not_picked":["Lizard Tail","Eternal Feather"],"picked":"Black Star"},{"not_picked":["Astrolabe","White Beast Statue"],"picked":"Cursed Key"}],"potions_floor_spawned":[1,3,4,6,12,16,20,24,28,30,33],"seed_played":"5822056564457992246","killed_by":"Sphere and 2 Shapes","ascension_level":0,"is_trial":false}