{"gold_per_floor":[119,136,154,229,229,229,245,297,343,343,7,23,23,54,54,152,152,162,162,51,62,62,62,75,75,75,86,96,6,24,39,39,137,137,154,154,0,15,15,41,41,41,41,17,27,43,63,83,83,83],"floor_reached":50,"playtime":2319,"items_purged":["Strike_B"],"score":802,"play_id":"af871fde-5826-400f-859d-4c749103eb0d","local_time":"20181021015811","is_ascension_mode":true,"campfire_choices":[{"data":"Ball Lightning","floor":6,"key":"SMITH"},{"data":"Redo","floor":10,"key":"SMITH"},{"data":"Self Repair","floor":15,"key":"SMITH"},{"data":"Self Repair","floor":23,"key":"SMITH"},{"data":"Machine Learning","floor":25,"key":"SMITH"},{"data":"Blizzard","floor":32,"key":"SMITH"},{"data":"Electrodynamics","floor":41,"key":"SMITH"},{"floor":49,"key":"REST"}],"neow_cost":"NONE","seed_source_timestamp":42663220208185,"circlet_count":0,"master_deck":["Strike_B+1","Strike_B","Defend_B","Defend_B","Defend_B","Defend_B","Zap+1","Dualcast+1","AscendersBane","Ball Lightning+1","Reinforced Body","Ball Lightning+1","Redo+1","Gash","Gash+1","Self Repair+1","Machine Learning+1","Tempest+1","Necronomicurse","Self Repair+1","Blizzard+1","Conserve Battery","Consume+1","Sweeping Beam","Conserve Battery+1","Ball Lightning+1","Sweeping Beam","Electrodynamics+1","Zap","Undo","Madness","Madness","Gash","Go for the Eyes+1","Redo+1","Lockon"],"relics":["FrozenCore","PreservedInsect","Regal Pillow","Runic Capacitor","Centennial Puzzle","Necronomicon","Meat on the Bone","Busted Crown","Red Mask","Whetstone","Gambling Chip"],"potions_floor_usage":[24,24,27,38,50,50],"damage_taken":[{"damage":0,"enemies":"Cultist","floor":1,"turns":3},{"damage":7,"enemies":"Small Slimes","floor":2,"turns":3},{"damage":7,"enemies":"2 Louse","floor":3,"turns":3},{"damage":0,"enemies":"Large Slime","floor":7,"turns":5},{"damage":3,"enemies":"Blue Slaver","floor":12,"turns":3},{"damage":0,"enemies":"Gremlin Nob","floor":14,"turns":2},{"damage":29,"enemies":"Hexaghost","floor":16,"turns":9},{"damage":2,"enemies":"Spheric Guardian","floor":18,"turns":3},{"damage":24,"enemies":"Shell Parasite","floor":21,"turns":5},{"damage":9,"enemies":"Chosen and Byrds","floor":24,"turns":4},{"damage":12,"enemies":"3 Cultists","floor":27,"turns":5},{"damage":27,"enemies":"Shelled Parasite and Fungi","floor":28,"turns":6},{"damage":9,"enemies":"Cultist and Chosen","floor":30,"turns":7},{"damage":18,"enemies":"3 Cultists","floor":31,"turns":5},{"damage":43,"enemies":"Automaton","floor":33,"turns":10},{"damage":8,"enemies":"3 Shapes","floor":35,"turns":4},{"damage":9,"enemies":"3 Darklings","floor":38,"turns":5},{"damage":73,"enemies":"Giant Head","floor":40,"turns":7},{"damage":9,"enemies":"Sphere and 2 Shapes","floor":45,"turns":4},{"damage":26,"enemies":"Jaw Worm Horde","floor":46,"turns":3},{"damage":19,"enemies":"Transient","floor":47,"turns":5},{"damage":12,"enemies":"Sphere and 2 Shapes","floor":48,"turns":4},{"damage":88,"enemies":"Donu and Deca","floor":50,"turns":6}],"seed_played":"3064294160345389712","potions_obtained":[{"floor":12,"key":"Fire Potion"},{"floor":16,"key":"PowerPotion"},{"floor":18,"key":"Explosive Potion"},{"floor":24,"key":"SpeedPotion"},{"floor":35,"key":"SkillPotion"},{"floor":38,"key":"Energy Potion"},{"floor":48,"key":"Poison Potion"}],"is_trial":false,"path_per_floor":["M","M","M","?","?","R","M","T","T","R","$","M","?","E","R","B",null,"M","?","$","M","?","R","M","R","T","M","M","?","M","M","R","B",null,"M","?","?","M","$","E","R","?","T","$","M","M","M","M","R"],"character_chosen":"DEFECT","items_purchased":["Runic Capacitor","Gash","Self Repair","Blizzard","Gash"],"campfire_rested":1,"item_purchase_floors":[11,11,20,20,44],"current_hp_per_floor":[68,61,54,43,43,43,43,43,43,43,43,40,40,40,40,21,62,70,54,54,47,47,47,58,58,58,56,61,61,72,74,74,63,72,64,64,64,75,75,34,34,25,25,25,48,44,57,55,75,0],"gold":83,"neow_bonus":"UPGRADE_CARD","is_prod":false,"is_daily":false,"chose_seed":false,"campfire_upgraded":7,"win_rate":0,"timestamp":1540112291,"path_taken":["M","M","?","?","?","R","M","?","T","R","$","M","?","E","R","BOSS","M","?","$","?","?","R","?","R","T","M","M","?","M","?","R","BOSS","M","?","?","M","$","E","R","?","T","$","M","?","M","M","R","BOSS"],"build_version":"2018-10-18","purchased_purges":1,"victory":false,"max_hp_per_floor":[75,75,75,75,75,75,75,75,75,75,75,75,75,75,75,75,75,75,75,75,75,75,75,75,75,75,75,75,75,75,75,75,75,75,75,75,75,75,75,75,75,75,75,75,75,75,75,75,75,75],"card_choices":[{"not_picked":["Hologram","Streamline"],"picked":"Ball Lightning","floor":1},{"not_picked":["Go for the Eyes","Auto Shields"],"picked":"Reinforced Body","floor":2},{"not_picked":["Multi-Cast","Turbo"],"picked":"Ball Lightning","floor":3},{"not_picked":["Aggregate","Barrage"],"picked":"Redo","floor":7},{"not_picked":["Doom and Gloom","Cold Snap"],"picked":"Gash","floor":12},{"not_picked":["Amplify","Force Field"],"picked":"Self Repair","floor":14},{"not_picked":["All For One","Hyperbeam"],"picked":"Machine Learning","floor":16},{"not_picked":["Auto Shields","Turbo+1"],"picked":"Tempest+1","floor":18},{"not_picked":["Steam","Stack"],"picked":"Conserve Battery","floor":21},{"not_picked":["Ball Lightning","Hologram"],"picked":"Consume+1","floor":24},{"not_picked":["Reinforced Body","Rebound"],"picked":"Sweeping Beam","floor":27},{"not_picked":["Blizzard","Stack"],"picked":"Conserve Battery","floor":28},{"not_picked":["Rebound","Skim"],"picked":"Ball Lightning+1","floor":30},{"not_picked":["Scrape","Undo"],"picked":"Sweeping Beam","floor":31},{"not_picked":["Core Surge","Reboot"],"picked":"Electrodynamics","floor":33},{"not_picked":["Fusion"],"picked":"SKIP","floor":35},{"not_picked":["Streamline+1"],"picked":"SKIP","floor":38},{"not_picked":[],"picked":"Undo","floor":40},{"not_picked":[],"picked":"Go for the Eyes+1","floor":45},{"not_picked":["Genetic Algorithm+1"],"picked":"SKIP","floor":46},{"not_picked":[],"picked":"Redo+1","floor":47},{"not_picked":[],"picked":"Lockon","floor":48}],"player_experience":310013,"relics_obtained":[{"floor":8,"key":"PreservedInsect"},{"floor":9,"key":"Regal Pillow"},{"floor":14,"key":"Centennial Puzzle"},{"floor":19,"key":"Necronomicon"},{"floor":26,"key":"Meat on the Bone"},{"floor":40,"key":"Whetstone"},{"floor":43,"key":"Gambling Chip"}],"event_choices":[{"damage_healed":0,"gold_gain":75,"player_choice":"Gather Gold","damage_taken":11,"max_hp_gain":0,"max_hp_loss":0,"event_name":"World of Goop","floor":4,"gold_loss":0},{"damage_healed":0,"gold_gain":0,"player_choice":"Grow","damage_taken":0,"max_hp_gain":0,"max_hp_loss":0,"event_name":"Living Wall","floor":5,"gold_loss":0,"cards_upgraded":["Dualcast"]},{"damage_healed":0,"gold_gain":0,"player_choice":"Forge","damage_taken":0,"max_hp_gain":0,"max_hp_loss":0,"event_name":"Accursed Blacksmith","floor":13,"gold_loss":0,"cards_upgraded":["Ball Lightning"]},{"damage_healed":0,"gold_gain":0,"player_choice":"Obtained Book","damage_taken":16,"max_hp_gain":0,"max_hp_loss":0,"event_name":"Cursed Tome","floor":19,"gold_loss":0},{"damage_healed":0,"gold_gain":0,"player_choice":"Ignored","damage_taken":0,"max_hp_gain":0,"max_hp_loss":0,"event_name":"Ghosts","floor":22,"gold_loss":0},{"cards_removed":["Strike_B"],"damage_healed":0,"gold_gain":0,"player_choice":"Upgrade and Remove","damage_taken":0,"max_hp_gain":0,"max_hp_loss":0,"event_name":"Designer","floor":29,"gold_loss":90,"cards_upgraded":["Conserve Battery"]},{"damage_healed":0,"gold_gain":0,"player_choice":"1 cards matched","damage_taken":0,"max_hp_gain":0,"max_hp_loss":0,"event_name":"Match and Keep!","floor":36,"gold_loss":0,"cards_obtained":["Zap"]},{"damage_healed":0,"gold_gain":0,"player_choice":"Paid","damage_taken":0,"relics_obtained":["Red Mask"],"max_hp_gain":0,"max_hp_loss":0,"event_name":"Tomb of Lord Red Mask","floor":37,"gold_loss":154},{"damage_healed":0,"gold_gain":0,"player_choice":"Embrace Madness","damage_taken":9,"max_hp_gain":0,"max_hp_loss":0,"event_name":"Winding Halls","floor":42,"gold_loss":0,"cards_obtained":["Madness","Madness"]}],"is_beta":false,"boss_relics":[{"not_picked":["Ectoplasm","Lizard Tail"],"picked":"FrozenCore"},{"not_picked":["Empty Cage","Calling Bell"],"picked":"Busted Crown"}],"items_purged_floors":[11],"is_endless":false,"potions_floor_spawned":[12,16,18,21,24,35,38,48],"killed_by":"Donu and Deca","ascension_level":10}