{"path_per_floor":["M","?","?","T","M","R","E","M","T","M","$","M","E","$","R","B",null,"M","M","?","M","$","M","E","R","T","E","R","E","$","?","R","B",null,"M","M","?","$","M","E","M","R","T","$","R","?","M","E","R","B"],"character_chosen":"THE_SILENT","items_purchased":["Bag of Marbles","Toxic Egg 2","Cloak And Dagger","Trip","Block Potion","Expertise","Backflip"],"gold_per_floor":[114,114,114,114,131,131,162,176,176,193,42,56,83,8,8,103,103,113,123,38,52,52,63,98,98,398,430,430,459,11,11,11,112,112,124,139,190,90,109,144,161,161,187,88,88,88,104,134,134,134],"floor_reached":51,"campfire_rested":1,"playtime":2604,"current_hp_per_floor":[68,68,68,68,63,63,51,51,51,51,51,51,34,34,34,34,70,70,70,70,57,57,59,41,41,41,44,44,37,37,37,58,20,70,70,70,62,62,64,45,51,51,51,51,51,51,55,59,59,65],"items_purged":["Regret","Crippling Poison"],"gold":134,"score":898,"play_id":"92b44edb-4d87-4667-a6bf-09fd1112ce62","local_time":"20180405121520","is_prod":false,"is_daily":false,"is_ascension_mode":false,"campfire_upgraded":7,"timestamp":1522898120,"path_taken":["M","?","?","?","M","R","E","M","T","M","$","?","E","$","R","BOSS","M","?","?","M","$","M","E","R","T","E","R","E","$","?","R","BOSS","M","M","?","$","M","E","M","R","T","$","R","?","M","E","R","BOSS"],"build_version":"2018-03-29v2","purchased_purges":2,"victory":true,"master_deck":["Defend_G","Defend_G","Defend_G","Defend_G","Defend_G","Strike_G","Survivor","Neutralize+1","Quick Slash+1","Dagger Spray+1","Quick Slash","Leg Sweep+1","Accuracy+1","Blade Dance+1","Cloak And Dagger+1","Well Laid Plans+1","Escape Plan","Escape Plan","Adrenaline+1","Cloak And Dagger+1","Trip+1","Doppelganger+1","Die Die Die+1","Blur+1","Footwork+1","Deflect+1","Prepared+1","Expertise+1","Backflip+1","Terror+1","Blur+1"],"max_hp_per_floor":[70,70,70,70,70,70,70,70,70,70,70,70,70,70,70,70,70,70,70,70,70,70,70,70,70,70,70,70,70,70,70,70,70,70,70,70,70,70,70,70,70,70,70,70,70,70,70,70,70,70],"relics":["Ring of the Snake","Centennial Puzzle","Ninja Scroll","Vajra","Paper Crane","Bag of Marbles","Lantern","The Specimen","Bird Faced Urn","Omamori","Old Coin","Ornamental Fan","Gambling Chip","Toxic Egg 2","Astrolabe","Ice Cream","Kunai","Prayer Wheel","Juzu Bracelet"],"card_choices":[{"not_picked":["Backflip","Bane"],"picked":"Quick Slash","floor":1},{"not_picked":["Cloak And Dagger","Acrobatics"],"picked":"Dagger Spray","floor":5},{"not_picked":["Deadly Poison","Endless Agony"],"picked":"Quick Slash","floor":7},{"not_picked":["Caltrops","Poisoned Stab"],"picked":"Leg Sweep","floor":8},{"not_picked":["Dagger Spray","Setup"],"picked":"Accuracy","floor":12},{"not_picked":["Footwork","Bane"],"picked":"Blade Dance","floor":13},{"not_picked":["Escape Plan","Dodge and Roll"],"picked":"Cloak And Dagger","floor":19},{"not_picked":["Prepared","Tactician"],"picked":"Well Laid Plans","floor":21},{"not_picked":["Slice","Underhanded Strike"],"picked":"Escape Plan","floor":23},{"not_picked":["Quick Slash","Dash"],"picked":"Escape Plan","floor":24},{"not_picked":["Crippling Poison","Heel Hook"],"picked":"Adrenaline","floor":27},{"not_picked":["Tactician","Venomology"],"picked":"Doppelganger","floor":33},{"not_picked":["Flying Knee","Terror"],"picked":"Footwork","floor":36},{"not_picked":["Prepared","Poisoned Stab"],"picked":"Deflect","floor":39},{"not_picked":["Choke","Endless Agony"],"picked":"Prepared","floor":41},{"not_picked":["Noxious Fumes","Bane"],"picked":"Terror","floor":47},{"not_picked":["Storm of Steel","Backflip"],"picked":"Blur","floor":48}],"player_experience":409571,"potions_floor_usage":[16,21,23,33],"damage_taken":[{"damage":2,"enemies":"2 Louse","floor":1,"turns":4},{"damage":5,"enemies":"Cultist","floor":5,"turns":4},{"damage":12,"enemies":"3 Sentries","floor":7,"turns":7},{"damage":0,"enemies":"Small Slimes","floor":8,"turns":2},{"damage":0,"enemies":"Blue Slaver","floor":10,"turns":2},{"damage":0,"enemies":"Exordium Wildlife","floor":12,"turns":1},{"damage":17,"enemies":"Lagavulin","floor":13,"turns":6},{"damage":0,"enemies":"Slime Boss","floor":16,"turns":4},{"damage":0,"enemies":"Spheric Guardian","floor":18,"turns":2},{"damage":0,"enemies":"3 Byrds","floor":19,"turns":2},{"damage":13,"enemies":"Snake Plant","floor":21,"turns":4},{"damage":0,"enemies":"Centurion and Healer","floor":23,"turns":2},{"damage":22,"enemies":"Book of Stabbing","floor":24,"turns":6},{"damage":1,"enemies":"Slavers","floor":27,"turns":4},{"damage":11,"enemies":"Gremlin Leader","floor":29,"turns":3},{"damage":42,"enemies":"Champ","floor":33,"turns":9},{"damage":0,"enemies":"3 Shapes","floor":35,"turns":3},{"damage":0,"enemies":"Orb Walker","floor":36,"turns":1},{"damage":8,"enemies":"신비한 구체","floor":37,"turns":5},{"damage":0,"enemies":"Sphere and 2 Shapes","floor":39,"turns":1},{"damage":25,"enemies":"Nemesis","floor":40,"turns":5},{"damage":0,"enemies":"Maw","floor":41,"turns":8},{"damage":0,"enemies":"4 Shapes","floor":47,"turns":2},{"damage":0,"enemies":"Giant Head","floor":48,"turns":4},{"damage":0,"enemies":"Awakened One","floor":50,"turns":18}],"event_choices":[{"event_name":"Upgrade Shrine","player_choice":"Upgraded","floor":2,"damage_taken":0},{"event_name":"Big Fish","player_choice":"Box","floor":3,"damage_taken":0},{"event_name":"Addict","player_choice":"Obtained Relic","floor":20,"damage_taken":0},{"event_name":"Vampires","player_choice":"Ignored","floor":31,"damage_taken":0},{"event_name":"Mysterious Sphere","player_choice":"Fight","floor":37,"damage_taken":0}],"boss_relics":[{"not_picked":["Philosopher\u0027s Stone","Velvet Choker"],"picked":"The Specimen"},{"not_picked":["Lizard Tail","White Beast Statue"],"picked":"Astrolabe"}],"potions_floor_spawned":[8,12,16,21,23,24,29,37,40,41,48],"seed_played":"-8293566451311968001","ascension_level":0,"is_trial":false}