{"path_per_floor":["M","?","M","M","M","R","$","E","T","M","?","M","E","M","R","B",null,"M","?","M","$","M","R","?","M","T","M","E","R","$","M","R","B",null,"M","M","?","M","$","R","$","R","T","$","M","M","T","?","R","B"],"character_chosen":"IRONCLAD","items_purchased":["Inflame","Shrug It Off","Molten Egg 2","Inflame","Warcry"],"gold_per_floor":[114,114,125,139,159,159,84,110,155,168,118,130,157,174,174,271,271,283,333,350,38,57,57,57,74,74,91,125,125,45,55,55,151,151,169,183,183,195,95,95,32,32,55,14,25,45,45,45,45,45],"floor_reached":51,"campfire_rested":0,"playtime":5230,"current_hp_per_floor":[80,85,85,85,85,85,85,75,75,81,81,85,85,85,85,41,85,85,85,85,85,85,85,85,70,70,52,47,47,47,65,65,19,85,85,85,85,85,85,85,85,85,85,85,69,82,82,82,82,24],"items_purged":["Strike_R","Strike_R","Defend_R"],"gold":45,"score":689,"play_id":"293f6acd-6861-4223-a383-60f3c4dde5ba","local_time":"20180408143946","is_prod":false,"is_daily":false,"is_ascension_mode":true,"campfire_upgraded":8,"timestamp":1523191186,"path_taken":["M","?","M","M","M","R","$","E","T","M","?","M","E","?","R","BOSS","M","?","M","$","M","R","?","M","T","M","E","R","$","M","R","BOSS","M","M","?","M","$","R","$","R","T","?","M","?","?","?","R","BOSS"],"build_version":"2018-04-05v2","purchased_purges":3,"victory":true,"master_deck":["Strike_R+1","Defend_R","Defend_R","Defend_R","Bash+1","Cleave+1","Pommel Strike+1","Bludgeon+1","Twin Strike","Pommel Strike+1","Offering","Inflame+1","Shrug It Off+1","Warcry+1","Pommel Strike+1","Reaper+1","Flex+1","Offering","Headbutt+1","Shockwave+1","Iron Wave+1","Inflame+1","Warcry+1"],"max_hp_per_floor":[80,85,85,85,85,85,85,85,85,85,85,85,85,85,85,85,85,85,85,85,85,85,85,85,85,85,85,85,85,85,85,85,85,85,85,85,85,85,85,85,85,85,85,85,85,85,85,85,85,85],"relics":["Burning Blood","Whetstone","Lantern","The Courier","Mark of Pain","Molten Egg 2","Pen Nib","Anchor","Runic Pyramid","Art of War","Centennial Puzzle"],"card_choices":[{"not_picked":["Clothesline","Sever Soul"],"picked":"Cleave","floor":1},{"not_picked":["Shrug It Off","Anger"],"picked":"Pommel Strike","floor":3},{"not_picked":["Infernal Blade","Armaments"],"picked":"Bludgeon","floor":4},{"not_picked":["Clash","Flex"],"picked":"Twin Strike","floor":5},{"not_picked":["Combust","Clothesline"],"picked":"Pommel Strike","floor":13},{"not_picked":["Immolate","Juggernaut"],"picked":"Offering","floor":16},{"not_picked":["Twin Strike","Anger"],"picked":"Feel No Pain","floor":20},{"not_picked":["Sword Boomerang","Anger"],"picked":"Warcry","floor":22},{"not_picked":["Power Through","Clothesline"],"picked":"Pommel Strike","floor":27},{"not_picked":["Inflame","Sword Boomerang"],"picked":"Reaper","floor":28},{"not_picked":["Armaments","Thunderclap"],"picked":"Flex","floor":31},{"not_picked":["Reaper","Feed"],"picked":"Offering","floor":33},{"not_picked":["Body Slam","Cleave"],"picked":"Headbutt","floor":35},{"not_picked":["Cleave","Sword Boomerang"],"picked":"Shockwave","floor":36},{"not_picked":["Body Slam","Sword Boomerang"],"picked":"Iron Wave","floor":38}],"player_experience":106716,"potions_floor_usage":[16,22,33,33,50,50,50],"damage_taken":[{"damage":0,"enemies":"2 Louse","floor":1,"turns":4},{"damage":6,"enemies":"Jaw Worm","floor":3,"turns":3},{"damage":5,"enemies":"Small Slimes","floor":4,"turns":3},{"damage":6,"enemies":"3 Louse","floor":5,"turns":4},{"damage":16,"enemies":"Lagavulin","floor":8,"turns":6},{"damage":0,"enemies":"Exordium Wildlife","floor":10,"turns":3},{"damage":2,"enemies":"2 Fungi Beasts","floor":12,"turns":3},{"damage":6,"enemies":"3 Sentries","floor":13,"turns":5},{"damage":0,"enemies":"Gremlin Gang","floor":14,"turns":2},{"damage":50,"enemies":"Hexaghost","floor":16,"turns":7},{"damage":4,"enemies":"Shell Parasite","floor":18,"turns":1},{"damage":4,"enemies":"3 Byrds","floor":20,"turns":4},{"damage":2,"enemies":"Snecko","floor":22,"turns":3},{"damage":21,"enemies":"Slaver and Parasite","floor":25,"turns":4},{"damage":24,"enemies":"Cultist and Chosen","floor":27,"turns":5},{"damage":11,"enemies":"Book of Stabbing","floor":28,"turns":3},{"damage":0,"enemies":"Chosen and Byrds","floor":31,"turns":4},{"damage":52,"enemies":"Champ","floor":33,"turns":8},{"damage":4,"enemies":"3 Shapes","floor":35,"turns":4},{"damage":10,"enemies":"3 Darklings","floor":36,"turns":3},{"damage":25,"enemies":"Maw","floor":38,"turns":7},{"damage":30,"enemies":"Sphere and 2 Shapes","floor":45,"turns":4},{"damage":8,"enemies":"3 Darklings","floor":46,"turns":4},{"damage":118,"enemies":"Donu and Deca","floor":50,"turns":9}],"event_choices":[{"event_name":"Big Fish","player_choice":"Donut","floor":2,"damage_taken":0},{"event_name":"The Cleric","player_choice":"Card Removal","floor":11,"damage_taken":0},{"event_name":"The Joust","player_choice":"Bet on Murderer","floor":19,"damage_taken":0},{"event_name":"Wheel of Change","player_choice":"Full Heal","floor":24,"damage_taken":0},{"event_name":"Tomb of Lord Red Mask","player_choice":"Ignored","floor":37,"damage_taken":0}],"boss_relics":[{"not_picked":["Tiny House","Ectoplasm"],"picked":"Mark of Pain"},{"not_picked":["Calling Bell","Snecko Eye"],"picked":"Runic Pyramid"}],"potions_floor_spawned":[3,5,10,12,16,18,20,27,33,35,36],"seed_played":"1051649931200050322","ascension_level":1,"is_trial":false}