{"gold_per_floor":[109,65,65,65,65,65,91,91,118,44,114,141,2,52,52,52],"floor_reached":16,"playtime":355,"items_purged":[],"score":258,"play_id":"c3f556c2-2bc4-4739-9f43-ab6ce5f95e2e","local_time":"20190208212651","is_ascension_mode":true,"campfire_choices":[{"data":"Zap","floor":6,"key":"SMITH"},{"data":"Storm","floor":8,"key":"SMITH"},{"data":"Consume","floor":15,"key":"SMITH"}],"neow_cost":"NONE","seed_source_timestamp":214404890267000,"circlet_count":0,"master_deck":["AscendersBane","Strike_B","Strike_B","Strike_B","Strike_B","Defend_B","Defend_B","Defend_B","Defend_B","Zap+1","Dualcast","Reinforced Body","Capacitor","Storm+1","Buffer","Beam Cell","Heatsinks","Consume+1","Compile Driver"],"relics":["Cracked Core","NeowsBlessing","Strawberry","SsserpentHead","Lantern","Centennial Puzzle","Bag of Preparation"],"potions_floor_usage":[16],"damage_taken":[{"damage":0,"enemies":"Jaw Worm","floor":1,"turns":1},{"damage":0,"enemies":"Lagavulin","floor":7,"turns":1},{"damage":0,"enemies":"2 Louse","floor":11,"turns":1},{"damage":41,"enemies":"3 Sentries","floor":12,"turns":8},{"damage":36,"enemies":"Slime Boss","floor":16,"turns":5}],"seed_played":"8080993797667016722","potions_obtained":[{"floor":7,"key":"Poison Potion"}],"is_trial":false,"path_per_floor":["M","$","?","?","?","R","E","R","T","$","M","E","$","?","R","B"],"character_chosen":"DEFECT","items_purchased":["Capacitor","Buffer","Consume","Compile Driver"],"campfire_rested":0,"item_purchase_floors":[2,10,13,13],"current_hp_per_floor":[64,64,69,65,65,65,65,65,65,65,65,24,24,24,24,0],"gold":52,"neow_bonus":"THREE_ENEMY_KILL","is_prod":false,"is_daily":false,"chose_seed":false,"campfire_upgraded":3,"win_rate":0,"timestamp":1549690011,"path_taken":["M","$","?","?","?","R","E","R","T","$","?","E","$","?","R","BOSS"],"build_version":"2019-01-23","purchased_purges":0,"victory":false,"max_hp_per_floor":[71,71,76,83,83,83,83,83,83,83,83,83,83,83,83,83],"card_choices":[{"not_picked":["Streamline","Chaos"],"picked":"Reinforced Body","floor":1},{"not_picked":["Compile Driver","Scrape"],"picked":"Storm","floor":7},{"not_picked":["Rebound","Lockon"],"picked":"Beam Cell","floor":11},{"not_picked":["Reinforced Body","Leap"],"picked":"Heatsinks","floor":12}],"player_experience":666065,"relics_obtained":[{"floor":7,"key":"Lantern"},{"floor":9,"key":"Centennial Puzzle"},{"floor":12,"key":"Bag of Preparation"}],"event_choices":[{"damage_healed":0,"gold_gain":0,"player_choice":"Donut","damage_taken":0,"max_hp_gain":5,"max_hp_loss":0,"event_name":"Big Fish","floor":3,"gold_loss":0},{"damage_healed":0,"gold_gain":0,"player_choice":"Success","damage_taken":11,"relics_obtained":["Strawberry"],"max_hp_gain":0,"max_hp_loss":0,"event_name":"Scrap Ooze","floor":4,"gold_loss":0},{"damage_healed":0,"gold_gain":0,"player_choice":"Trade","damage_taken":0,"relics_obtained":["SsserpentHead"],"max_hp_gain":0,"max_hp_loss":0,"event_name":"FaceTrader","floor":5,"gold_loss":0},{"damage_healed":0,"gold_gain":0,"player_choice":"Ignored","damage_taken":0,"max_hp_gain":0,"max_hp_loss":0,"event_name":"Liars Game","floor":14,"gold_loss":0}],"is_beta":false,"boss_relics":[],"items_purged_floors":[],"is_endless":false,"potions_floor_spawned":[7],"killed_by":"Slime Boss","ascension_level":20}