{"gold_per_floor":[113,113,129,129,32,72,72,113,136,179,202,218,261,0,0,123,186,202,67,85,10,33,33,47,26,26,125,125,50,50],"floor_reached":30,"playtime":1121,"items_purged":["Defend_R","Defend_R","Defend_R","Defend_R"],"score":348,"play_id":"f2ab96e5-f9fb-4c93-8d1b-e1b8168759d4","local_time":"20181029172517","is_ascension_mode":true,"campfire_choices":[{"data":"Bash","floor":7,"key":"SMITH"},{"data":"Disarm","floor":15,"key":"SMITH"},{"data":"Apotheosis","floor":23,"key":"SMITH"},{"data":"Shrug It Off","floor":28,"key":"SMITH"}],"neow_cost":"NONE","seed_source_timestamp":1666281406379397,"circlet_count":0,"master_deck":["Strike_R","Strike_R","Strike_R+1","Strike_R","Bash+1","Whirlwind","Pommel Strike","Flex","Rampage","Iron Wave","Intimidate","Rampage","Disarm+1","Feed","Feed","Hemokinesis","Headbutt","Apotheosis+1","Impervious","Headbutt","Shrug It Off+1"],"relics":["Burning Blood","NeowsBlessing","Golden Idol","Orichalcum","The Courier","Art of War","Boot","Du-Vu Doll","Membership Card","Tiny House","Vajra"],"potions_floor_usage":[13,24,30],"damage_taken":[{"damage":0,"enemies":"Cultist","floor":1,"turns":1},{"damage":0,"enemies":"Small Slimes","floor":3,"turns":1},{"damage":0,"enemies":"3 Sentries","floor":6,"turns":1},{"damage":4,"enemies":"Gremlin Nob","floor":8,"turns":3},{"damage":20,"enemies":"3 Sentries","floor":10,"turns":9},{"damage":6,"enemies":"Jaw Worm","floor":11,"turns":2},{"damage":10,"enemies":"Looter","floor":12,"turns":3},{"damage":9,"enemies":"Lagavulin","floor":13,"turns":3},{"damage":25,"enemies":"Slime Boss","floor":16,"turns":11},{"damage":8,"enemies":"Shell Parasite","floor":18,"turns":6},{"damage":17,"enemies":"Chosen","floor":20,"turns":5},{"damage":44,"enemies":"3 Cultists","floor":22,"turns":6},{"damage":26,"enemies":"Snake Plant","floor":24,"turns":4},{"damage":35,"enemies":"Shelled Parasite and Fungi","floor":30,"turns":2}],"seed_played":"4532354652423511266","potions_obtained":[{"floor":1,"key":"AttackPotion"},{"floor":3,"key":"Poison Potion"},{"floor":8,"key":"Weak Potion"},{"floor":13,"key":"PowerPotion"},{"floor":17,"key":"Ancient Potion"}],"is_trial":false,"path_per_floor":["M","?","M","?","$","E","R","E","T","E","M","M","E","$","R","B",null,"M","$","M","$","M","R","M","$","T","?","R","?"],"character_chosen":"IRONCLAD","items_purchased":["Flex","Membership Card","Feed","Apotheosis","Shrug It Off"],"campfire_rested":0,"item_purchase_floors":[5,14,14,19,25],"current_hp_per_floor":[80,60,66,66,66,72,72,74,74,60,60,56,53,53,53,34,85,86,86,79,79,44,44,24,24,24,24,24,24,0],"gold":50,"neow_bonus":"THREE_ENEMY_KILL","is_prod":false,"is_daily":false,"chose_seed":false,"campfire_upgraded":4,"win_rate":0,"timestamp":1540848317,"path_taken":["M","?","M","?","$","E","R","E","T","E","?","M","E","?","R","BOSS","M","$","?","$","M","R","M","$","T","?","R","?","M"],"build_version":"2018-10-29","purchased_purges":4,"victory":false,"max_hp_per_floor":[80,80,80,80,80,80,80,80,80,80,80,80,80,80,80,80,85,88,88,92,92,95,95,95,95,95,95,95,95,98],"card_choices":[{"not_picked":["Feel No Pain","Clothesline"],"picked":"Whirlwind","floor":1},{"not_picked":["Wild Strike","Perfected Strike"],"picked":"Pommel Strike","floor":3},{"not_picked":["Shockwave","Rupture"],"picked":"Rampage","floor":6},{"not_picked":["Cleave","Impervious"],"picked":"Iron Wave","floor":8},{"not_picked":["Warcry","Flex"],"picked":"Intimidate","floor":10},{"not_picked":["Iron Wave","Rupture","Clash"],"picked":"SKIP","floor":11},{"not_picked":["Anger","Headbutt"],"picked":"Rampage","floor":12},{"not_picked":["True Grit","Warcry"],"picked":"Disarm","floor":13},{"not_picked":["Brutality","Dark Embrace"],"picked":"Feed","floor":16},{"not_picked":["Warcry","Twin Strike"],"picked":"Hemokinesis","floor":17},{"not_picked":["Perfected Strike","Cleave"],"picked":"Headbutt","floor":18},{"not_picked":["Wild Strike","Twin Strike+1"],"picked":"Impervious","floor":20},{"not_picked":["Seeing Red","True Grit","Combust"],"picked":"SKIP","floor":22},{"not_picked":["Iron Wave","Clash"],"picked":"Headbutt","floor":24}],"player_experience":310539,"relics_obtained":[{"floor":6,"key":"Orichalcum"},{"floor":8,"key":"The Courier"},{"floor":9,"key":"Art of War"},{"floor":10,"key":"Boot"},{"floor":13,"key":"Du-Vu Doll"},{"floor":26,"key":"Vajra"}],"event_choices":[{"damage_healed":0,"gold_gain":0,"player_choice":"Take Damage","damage_taken":20,"relics_obtained":["Golden Idol"],"max_hp_gain":0,"max_hp_loss":0,"event_name":"Golden Idol","floor":2,"gold_loss":0},{"damage_healed":0,"gold_gain":0,"player_choice":"Ignored","damage_taken":0,"max_hp_gain":0,"max_hp_loss":0,"event_name":"Liars Game","floor":4,"gold_loss":0},{"damage_healed":0,"gold_gain":99,"player_choice":"Stole From Cult","damage_taken":0,"max_hp_gain":0,"max_hp_loss":0,"event_name":"Nest","floor":27,"gold_loss":0},{"cards_removed":["Strike_R"],"damage_healed":0,"gold_gain":0,"player_choice":"Gave Gold","damage_taken":0,"max_hp_gain":0,"max_hp_loss":0,"event_name":"Beggar","floor":29,"gold_loss":75}],"is_beta":true,"boss_relics":[{"not_picked":["Fusion Hammer","Mark of Pain"],"picked":"Tiny House"}],"items_purged_floors":[5,14,19,21],"is_endless":false,"potions_floor_spawned":[1,3,8,10,13,16,22],"killed_by":"Shelled Parasite and Fungi","ascension_level":3}