{"gold_per_floor":[117,117,134,148,165,165,180,180,180,17,17,34,34,59,59,154,154,173,11,11,24,39,39,39,68,121,121,121,121,131,46,46,46],"floor_reached":33,"playtime":2921,"items_purged":["Strike_R"],"score":423,"play_id":"b70029bc-b1bb-41d5-8e3f-6cf1f1540f98","local_time":"20190305044537","is_ascension_mode":true,"campfire_choices":[{"data":"Metallicize","floor":6,"key":"SMITH"},{"data":"Inflame","floor":8,"key":"SMITH"},{"data":"Shrug It Off","floor":11,"key":"SMITH"},{"data":"Shrug It Off","floor":13,"key":"SMITH"},{"data":"Uppercut","floor":15,"key":"SMITH"},{"data":"Shrug It Off","floor":24,"key":"SMITH"},{"data":"Shrug It Off","floor":27,"key":"SMITH"},{"data":"Impervious","floor":29,"key":"SMITH"},{"floor":32,"key":"REST"}],"neow_cost":"NONE","seed_source_timestamp":62277486332240,"circlet_count":0,"master_deck":["AscendersBane","Strike_R","Strike_R","Strike_R","Strike_R","Defend_R","Defend_R","Defend_R","Bash","Shrug It Off+1","Metallicize+1","Shrug It Off+1","Inflame+1","Uppercut+1","Impervious+1","Pommel Strike+1","Shrug It Off+1","Shrug It Off+1","Shrug It Off+1","Battle Trance"],"relics":["Burning Blood","Orichalcum","The Courier","Frozen Eye","Happy Flower","Busted Crown","Sundial","Anchor","Dead Branch"],"potions_floor_usage":[16,25,25,25,30,33,33],"damage_taken":[{"damage":0,"enemies":"Small Slimes","floor":1,"turns":3},{"damage":5,"enemies":"Cultist","floor":3,"turns":4},{"damage":6,"enemies":"Jaw Worm","floor":4,"turns":5},{"damage":22,"enemies":"Exordium Thugs","floor":5,"turns":6},{"damage":7,"enemies":"Blue Slaver","floor":7,"turns":4},{"damage":1,"enemies":"Looter","floor":12,"turns":4},{"damage":12,"enemies":"Gremlin Nob","floor":14,"turns":5},{"damage":40,"enemies":"The Guardian","floor":16,"turns":12},{"damage":8,"enemies":"3 Byrds","floor":18,"turns":7},{"damage":0,"enemies":"Spheric Guardian","floor":21,"turns":5},{"damage":0,"enemies":"Snake Plant","floor":22,"turns":6},{"damage":25,"enemies":"Gremlin Leader","floor":25,"turns":10},{"damage":0,"enemies":"3 Cultists","floor":30,"turns":6},{"damage":94,"enemies":"Collector","floor":33,"turns":19}],"seed_played":"5258403365910058284","potions_obtained":[{"floor":5,"key":"FearPotion"},{"floor":12,"key":"SpeedPotion"},{"floor":21,"key":"Fire Potion"},{"floor":22,"key":"Block Potion"},{"floor":25,"key":"Poison Potion"},{"floor":28,"key":"PowerPotion"},{"floor":28,"key":"Dexterity Potion"},{"floor":28,"key":"Fire Potion"}],"is_trial":false,"path_per_floor":["M","?","M","M","M","R","M","R","T","$","R","M","R","E","R","B",null,"M","$","?","M","M","?","R","E","T","R","?","R","M","?","R","B"],"character_chosen":"IRONCLAD","items_purchased":["Frozen Eye","Shrug It Off","EssenceOfSteel"],"campfire_rested":1,"item_purchase_floors":[10,19,19],"current_hp_per_floor":[78,78,79,79,63,63,62,62,62,62,62,67,67,61,61,27,67,65,65,65,71,77,77,77,58,58,58,58,58,64,64,80,0],"gold":46,"neow_bonus":"RANDOM_COMMON_RELIC","is_prod":false,"is_daily":false,"chose_seed":false,"campfire_upgraded":8,"win_rate":0,"timestamp":1551782737,"path_taken":["M","?","M","M","M","R","M","R","T","?","R","?","R","E","R","BOSS","M","$","?","?","M","?","R","E","T","R","?","R","?","?","R","BOSS"],"build_version":"2019-01-23","purchased_purges":1,"victory":false,"max_hp_per_floor":[80,80,80,80,80,80,80,80,80,80,80,80,80,80,80,80,80,80,80,80,80,80,80,80,80,80,80,80,80,80,80,80,80],"card_choices":[{"not_picked":["Twin Strike","Whirlwind"],"picked":"Shrug It Off","floor":1},{"not_picked":["Perfected Strike","Twin Strike"],"picked":"Metallicize","floor":3},{"not_picked":["Heavy Blade","Wild Strike"],"picked":"Shrug It Off","floor":4},{"not_picked":["Iron Wave","Pommel Strike","Heavy Blade"],"picked":"SKIP","floor":5},{"not_picked":["Dual Wield","Anger"],"picked":"Inflame","floor":7},{"not_picked":["Thunderclap","Exhume","Evolve"],"picked":"SKIP","floor":12},{"not_picked":["Heavy Blade","Combust"],"picked":"Uppercut","floor":14},{"not_picked":["Fiend Fire","Offering"],"picked":"Impervious","floor":16},{"not_picked":[],"picked":"Pommel Strike+1","floor":18},{"not_picked":[],"picked":"Shrug It Off","floor":21},{"not_picked":["Heavy Blade"],"picked":"SKIP","floor":22},{"not_picked":["Sentinel"],"picked":"SKIP","floor":25},{"not_picked":[],"picked":"Battle Trance","floor":30}],"player_experience":170361,"relics_obtained":[{"floor":9,"key":"The Courier"},{"floor":14,"key":"Happy Flower"},{"floor":25,"key":"Sundial"},{"floor":26,"key":"Anchor"}],"event_choices":[{"cards_removed":["Defend_R"],"damage_healed":0,"gold_gain":0,"player_choice":"Offered Basic","damage_taken":0,"max_hp_gain":0,"max_hp_loss":0,"event_name":"Bonfire Elementals","floor":2,"gold_loss":0},{"damage_healed":0,"gold_gain":0,"player_choice":"Copied","damage_taken":0,"max_hp_gain":0,"max_hp_loss":0,"event_name":"Duplicator","floor":20,"gold_loss":0,"cards_obtained":["Shrug It Off"]},{"damage_healed":0,"gold_gain":0,"player_choice":"Ignored","damage_taken":0,"max_hp_gain":0,"max_hp_loss":0,"event_name":"Vampires","floor":23,"gold_loss":0},{"damage_healed":0,"gold_gain":0,"player_choice":"Got Potions","damage_taken":0,"max_hp_gain":0,"max_hp_loss":0,"event_name":"Lab","floor":28,"gold_loss":0},{"damage_healed":0,"gold_gain":0,"player_choice":"Obtained Relic","damage_taken":0,"relics_obtained":["Dead Branch"],"max_hp_gain":0,"max_hp_loss":0,"event_name":"Addict","floor":31,"gold_loss":85}],"is_beta":false,"boss_relics":[{"not_picked":["Sozu","Astrolabe"],"picked":"Busted Crown"}],"items_purged_floors":[19],"is_endless":false,"potions_floor_spawned":[5,12,21,22,25],"killed_by":"Collector","ascension_level":10}