{"gold_per_floor":[117,131,143,155,11,42,42,42,94,121,133,133,149,180,180,180],"floor_reached":16,"playtime":839,"items_purged":[],"score":226,"play_id":"e5e5b3ae-a698-4210-a8a0-ab6c08dcc2ec","local_time":"20190307205649","is_ascension_mode":true,"campfire_choices":[{"data":"Feed","floor":8,"key":"SMITH"},{"floor":15,"key":"REST"}],"neow_cost":"NONE","seed_source_timestamp":2544952774605200,"circlet_count":0,"master_deck":["AscendersBane","Strike_R","Strike_R","Strike_R+1","Strike_R","Strike_R","Defend_R+1","Defend_R","Defend_R","Defend_R","Bash+1","Uppercut+1","Wild Strike","Disarm+1","Clothesline","Feed+1","Ghostly Armor","Corruption","Headbutt","Exhume","Infernal Blade"],"relics":["Burning Blood","Gremlin Horn","War Paint","Whetstone","Letter Opener","Dream Catcher"],"potions_floor_usage":[6,14,14],"damage_taken":[{"damage":13,"enemies":"Jaw Worm","floor":1,"turns":4},{"damage":12,"enemies":"Small Slimes","floor":2,"turns":3},{"damage":1,"enemies":"Cultist","floor":3,"turns":3},{"damage":12,"enemies":"Exordium Wildlife","floor":4,"turns":5},{"damage":30,"enemies":"3 Sentries","floor":6,"turns":7},{"damage":35,"enemies":"Lagavulin","floor":10,"turns":8},{"damage":7,"enemies":"Exordium Thugs","floor":11,"turns":6},{"damage":15,"enemies":"Large Slime","floor":13,"turns":9},{"damage":2,"enemies":"3 Sentries","floor":14,"turns":7},{"damage":58,"enemies":"Slime Boss","floor":16,"turns":9}],"seed_played":"-3646474747293711791","potions_obtained":[{"floor":4,"key":"AttackPotion"},{"floor":10,"key":"SteroidPotion"},{"floor":13,"key":"Energy Potion"}],"is_trial":false,"path_per_floor":["M","M","M","M","$","E","?","R","T","E","M","?","M","E","R","B"],"character_chosen":"IRONCLAD","items_purchased":["Feed"],"campfire_rested":1,"item_purchase_floors":[5],"current_hp_per_floor":[73,67,72,66,66,45,45,45,45,20,23,23,18,26,58,0],"gold":180,"neow_bonus":"TEN_PERCENT_HP_BONUS","is_prod":false,"is_daily":false,"chose_seed":false,"campfire_upgraded":1,"win_rate":0,"timestamp":1552021009,"path_taken":["M","M","M","M","$","E","?","R","T","E","M","?","M","E","R","BOSS"],"build_version":"2019-01-23","purchased_purges":0,"victory":false,"max_hp_per_floor":[88,88,88,88,88,91,91,91,91,95,99,99,103,107,107,107],"card_choices":[{"not_picked":["Heavy Blade","Wild Strike"],"picked":"Uppercut","floor":1},{"not_picked":["Perfected Strike","Flex"],"picked":"Wild Strike","floor":2},{"not_picked":["Perfected Strike","Clothesline"],"picked":"Disarm","floor":3},{"not_picked":["Thunderclap","Reckless Charge"],"picked":"Clothesline","floor":4},{"not_picked":["Cleave","Sword Boomerang"],"picked":"Ghostly Armor","floor":6},{"not_picked":["Heavy Blade","Blood for Blood"],"picked":"Corruption","floor":10},{"not_picked":["Carnage","Pommel Strike","Bloodletting"],"picked":"SKIP","floor":11},{"not_picked":["Wild Strike","Thunderclap"],"picked":"Headbutt","floor":13},{"not_picked":["Sword Boomerang","Immolate"],"picked":"Exhume","floor":14},{"not_picked":["Perfected Strike","Cleave"],"picked":"Infernal Blade","floor":15}],"player_experience":809150,"relics_obtained":[{"floor":6,"key":"Gremlin Horn"},{"floor":9,"key":"Whetstone"},{"floor":10,"key":"Letter Opener"},{"floor":14,"key":"Dream Catcher"}],"event_choices":[{"damage_healed":0,"gold_gain":0,"player_choice":"Searched \u00271\u0027 times","damage_taken":0,"relics_obtained":["War Paint"],"max_hp_gain":0,"max_hp_loss":0,"event_name":"Dead Adventurer","floor":7,"gold_loss":0},{"damage_healed":0,"gold_gain":0,"player_choice":"Grow","damage_taken":0,"max_hp_gain":0,"max_hp_loss":0,"event_name":"Living Wall","floor":12,"gold_loss":0,"cards_upgraded":["Uppercut"]}],"is_beta":false,"boss_relics":[],"items_purged_floors":[],"is_endless":false,"potions_floor_spawned":[4,10,13],"killed_by":"Slime Boss","ascension_level":13}