{"path_per_floor":["M","M","M","M","M","R","E","R","T","R","M","$","R","$","R","B",null,"M","$","?","M","M","R","M","R","T","?","?","M","R","M","R","B",null,"M","M","M","?","M","R","?","?","T","R","M","R","M","$","R"],"character_chosen":"THE_SILENT","items_purchased":["Footwork","Burst","Shuriken"],"gold_per_floor":[115,128,139,149,165,165,193,193,218,218,231,0,0,0,0,96,96,113,13,13,24,41,41,58,58,58,58,58,78,78,96,96,198,198,211,229,243,243,262,262,262,262,262,262,277,277,292,50,50],"floor_reached":50,"campfire_rested":5,"playtime":2610,"current_hp_per_floor":[61,57,56,55,27,48,35,35,35,35,33,33,33,33,54,37,62,61,61,45,45,41,41,37,37,37,37,37,38,38,46,67,53,66,62,56,45,45,38,38,38,38,38,38,42,63,36,36,57],"items_purged":["Doubt","Strike_G"],"gold":50,"score":535,"play_id":"8c6c58c3-b0b9-4e2f-8ca1-2a299d2beed9","local_time":"20180302232911","is_prod":false,"is_daily":false,"is_ascension_mode":true,"campfire_upgraded":8,"timestamp":1520000951,"path_taken":["M","M","M","M","M","R","E","R","T","R","M","$","R","$","R","BOSS","M","$","?","M","M","R","M","R","T","?","?","M","R","?","R","BOSS","M","?","M","?","M","R","?","?","T","R","M","R","M","$","R","BOSS"],"build_version":"2018-03-01-PROD1","purchased_purges":2,"victory":false,"master_deck":["Defend_G","Defend_G","Defend_G","Defend_G","Strike_G","Strike_G","Strike_G","Strike_G","Survivor+1","Neutralize+1","Wraith Form+1","Leg Sweep+1","Cloak And Dagger+1","PiercingWail","Acrobatics","Footwork+1","Burst+1","Cloak And Dagger+1","Necronomicurse","Backflip+1","Quick Slash+1","Acrobatics","Die Die Die","Blade Dance+1","Cloak And Dagger+1","Acrobatics+1","Injury","Terror"],"max_hp_per_floor":[70,70,70,70,70,70,70,70,70,70,70,70,70,70,70,70,70,70,70,70,70,70,70,70,70,70,70,70,70,70,70,70,70,70,70,70,70,70,70,70,70,70,70,70,70,70,70,70,70],"relics":["Cursed Key","Meat on the Bone","Bronze Scales","Sozu","Necronomicon","Du-Vu Doll","White Beast Statue","Lantern","Shuriken"],"card_choices":[{"not_picked":["Escape Plan","Catalyst"],"picked":"Wraith Form"},{"not_picked":["Flechettes","Bane"],"picked":"Leg Sweep"},{"not_picked":["Terror","PiercingWail"],"picked":"Cloak And Dagger"},{"not_picked":["Catalyst","Masterful Stab"],"picked":"PiercingWail"},{"not_picked":["Bane","Heel Hook"],"picked":"Acrobatics"},{"not_picked":["Deadly Poison","Slice"],"picked":"Cloak And Dagger"},{"not_picked":["Slice","Blade Dance"],"picked":"Backflip"},{"not_picked":["Flying Knee","Unload"],"picked":"Quick Slash"},{"not_picked":["Masterful Stab","Backflip"],"picked":"Acrobatics"},{"not_picked":["Unload","Venomology"],"picked":"Die Die Die"},{"not_picked":["Deflect","Quick Slash"],"picked":"Blade Dance"},{"not_picked":["Dagger Spray","Eviscerate"],"picked":"Cloak And Dagger"},{"not_picked":["Finisher","Noxious Fumes"],"picked":"Acrobatics"},{"not_picked":["Slice","Flying Knee"],"picked":"Terror"}],"player_experience":247914,"potions_floor_usage":[5],"damage_taken":[{"damage":2,"enemies":"Jaw Worm","floor":1,"turns":5},{"damage":4,"enemies":"Small Slimes","floor":2,"turns":5},{"damage":1,"enemies":"2 Louse","floor":3,"turns":4},{"damage":1,"enemies":"Large Slime","floor":4,"turns":8},{"damage":28,"enemies":"3 Louse","floor":5,"turns":6},{"damage":13,"enemies":"Lagavulin","floor":7,"turns":8},{"damage":14,"enemies":"Exordium Thugs","floor":11,"turns":5},{"damage":17,"enemies":"Hexaghost","floor":16,"turns":13},{"damage":1,"enemies":"3 Byrds","floor":18,"turns":3},{"damage":0,"enemies":"Chosen","floor":21,"turns":5},{"damage":4,"enemies":"Centurion and Healer","floor":22,"turns":9},{"damage":16,"enemies":"Snake Plant","floor":24,"turns":4},{"damage":11,"enemies":"Chosen and Byrds","floor":29,"turns":6},{"damage":4,"enemies":"Centurion and Healer","floor":31,"turns":5},{"damage":14,"enemies":"Champ","floor":33,"turns":17},{"damage":4,"enemies":"3 Darklings","floor":35,"turns":5},{"damage":6,"enemies":"Orb Walker","floor":36,"turns":5},{"damage":11,"enemies":"4 Shapes","floor":37,"turns":6},{"damage":7,"enemies":"3 Darklings","floor":39,"turns":5},{"damage":8,"enemies":"Maw","floor":45,"turns":7},{"damage":27,"enemies":"Sphere and 2 Shapes","floor":47,"turns":5},{"damage":59,"enemies":"Awakened One","floor":50,"turns":5}],"event_choices":[{"event_name":"Cursed Tome","player_choice":"Obtained Book","floor":20,"damage_taken":0},{"event_name":"Vampires","player_choice":"Ignored","floor":27,"damage_taken":0},{"event_name":"Purifier","player_choice":"One Purge","floor":28,"damage_taken":0},{"event_name":"Tomb of Lord Red Mask","player_choice":"Ignored","floor":41,"damage_taken":0},{"event_name":"Mysterious Sphere","player_choice":"Ignore","floor":42,"damage_taken":0}],"boss_relics":[{"not_picked":["Question Card","Lizard Tail"],"picked":"Sozu"},{"not_picked":["Black Star","The Specimen"],"picked":"White Beast Statue"}],"potions_floor_spawned":[1,2,7,16,24,29,31,33,35,36,37,39,45,47],"seed_played":"-8951922458886032405","killed_by":"Awakened One","ascension_level":7,"is_trial":false}