{"gold_per_floor":[214,139,139,39,51,85,85,85,111,111,124,124,144,162,162,258,258,277,202,130,141,158,158,178,208,235,235],"floor_reached":27,"playtime":1155,"items_purged":["Strike_G","Strike_G"],"score":234,"play_id":"3c5ac746-1bac-4887-9d3f-4bf4ca581922","local_time":"20190213162530","is_ascension_mode":true,"campfire_choices":[{"data":"Noxious Fumes","floor":8,"key":"SMITH"},{"data":"Poisoned Stab","floor":10,"key":"SMITH"},{"floor":12,"key":"REST"},{"data":"Neutralize","floor":15,"key":"SMITH"},{"data":"After Image","floor":23,"key":"SMITH"}],"neow_cost":"NONE","seed_source_timestamp":5107615094606713,"circlet_count":0,"master_deck":["Defend_G","Defend_G","Defend_G","Defend_G","Strike_G","Survivor","Neutralize+1","Poisoned Stab+1","Noxious Fumes+1","Footwork","After Image+1","Noxious Fumes","Backflip+1","PiercingWail","Poisoned Stab"],"relics":["Ring of the Snake","Dream Catcher","Empty Cage","Red Mask","Regal Pillow"],"potions_floor_usage":[25,25,27],"damage_taken":[{"damage":2,"enemies":"Small Slimes","floor":1,"turns":5},{"damage":0,"enemies":"Jaw Worm","floor":5,"turns":5},{"damage":26,"enemies":"3 Sentries","floor":6,"turns":9},{"damage":4,"enemies":"Cultist","floor":11,"turns":3},{"damage":0,"enemies":"2 Fungi Beasts","floor":13,"turns":4},{"damage":2,"enemies":"Looter","floor":14,"turns":4},{"damage":25,"enemies":"Slime Boss","floor":16,"turns":13},{"damage":4,"enemies":"Shell Parasite","floor":18,"turns":7},{"damage":9,"enemies":"Spheric Guardian","floor":21,"turns":5},{"damage":8,"enemies":"Snake Plant","floor":22,"turns":6},{"damage":18,"enemies":"Cultist and Chosen","floor":24,"turns":8},{"damage":23,"enemies":"Masked Bandits","floor":25,"turns":6},{"damage":11,"enemies":"3 Cultists","floor":27,"turns":5}],"seed_played":"-5620289771487127746","potions_obtained":[{"floor":6,"key":"Fire Potion"},{"floor":11,"key":"Poison Potion"},{"floor":16,"key":"GhostInAJar"}],"is_trial":false,"path_per_floor":["M","$","?","$","M","E","?","R","T","R","M","R","M","M","R","B",null,"M","?","$","M","M","R","M","?","T","M"],"character_chosen":"THE_SILENT","items_purchased":["Noxious Fumes"],"campfire_rested":1,"item_purchase_floors":[20],"current_hp_per_floor":[68,68,68,68,68,42,42,42,42,42,38,59,59,57,57,32,70,66,66,66,57,49,49,31,8,8,0],"gold":235,"neow_bonus":"HUNDRED_GOLD","is_prod":false,"is_daily":false,"chose_seed":false,"campfire_upgraded":4,"win_rate":0,"timestamp":1550093130,"path_taken":["M","$","?","?","?","E","?","R","T","R","M","R","M","M","R","BOSS","M","?","$","M","M","R","M","?","T","M"],"build_version":"2019-01-23","purchased_purges":2,"victory":false,"max_hp_per_floor":[70,70,70,70,70,70,70,70,70,70,70,70,70,70,70,70,70,70,70,70,70,70,70,70,70,70,70],"card_choices":[{"not_picked":["Bouncing Flask","Skewer"],"picked":"Poisoned Stab","floor":1},{"not_picked":["Blade Dance","Quick Slash"],"picked":"Noxious Fumes","floor":5},{"not_picked":["Flying Knee","Blade Dance","Outmaneuver"],"picked":"SKIP","floor":6},{"not_picked":["Blade Dance","Concentrate","Underhanded Strike"],"picked":"SKIP","floor":11},{"not_picked":["Acrobatics","Slice"],"picked":"Footwork","floor":12},{"not_picked":["Endless Agony","Escape Plan","Finisher"],"picked":"SKIP","floor":13},{"not_picked":["Flechettes","Dagger Throw","Calculated Gamble"],"picked":"SKIP","floor":14},{"not_picked":["Doppelganger","Adrenaline"],"picked":"After Image","floor":16},{"not_picked":["Acrobatics","Dodge and Roll+1","Slice"],"picked":"SKIP","floor":18},{"not_picked":["Sucker Punch","Deadly Poison+1"],"picked":"Backflip+1","floor":21},{"not_picked":["Die Die Die","Leg Sweep","Dodge and Roll"],"picked":"SKIP","floor":22},{"not_picked":["Backflip","Deadly Poison"],"picked":"PiercingWail","floor":24},{"not_picked":["PiercingWail","Masterful Stab"],"picked":"Poisoned Stab","floor":25}],"player_experience":88170,"relics_obtained":[{"floor":6,"key":"Dream Catcher"},{"floor":25,"key":"Red Mask"},{"floor":26,"key":"Regal Pillow"}],"event_choices":[{"damage_healed":0,"gold_gain":0,"player_choice":"Ignored","damage_taken":0,"max_hp_gain":0,"max_hp_loss":0,"event_name":"Golden Wing","floor":3,"gold_loss":0},{"damage_healed":0,"gold_gain":0,"player_choice":"Ignored","damage_taken":0,"max_hp_gain":0,"max_hp_loss":0,"event_name":"Liars Game","floor":7,"gold_loss":0},{"cards_removed":["Strike_G"],"damage_healed":0,"gold_gain":0,"player_choice":"Gave Gold","damage_taken":0,"max_hp_gain":0,"max_hp_loss":0,"event_name":"Beggar","floor":19,"gold_loss":75},{"damage_healed":0,"gold_gain":0,"player_choice":"Fought Bandits","damage_taken":0,"max_hp_gain":0,"max_hp_loss":0,"event_name":"Masked Bandits","floor":25,"gold_loss":0}],"is_beta":false,"boss_relics":[{"not_picked":["Pandora\u0027s Box","Calling Bell"],"picked":"Empty Cage"}],"items_purged_floors":[2,4],"is_endless":false,"potions_floor_spawned":[6,11,16,22],"killed_by":"3 Cultists","ascension_level":2}