{"gold_per_floor":[117,134,134,147,166,198,198,230,230,265,265,275,275,24,24,125,125,140,140,157,157,157,190,190,210,210,223,238,238,268,282,282,384,384,397,412,125,125,145,145,145,170,195,229,161,181,38,71,71,71,71,71,33,59,59],"floor_reached":55,"playtime":2210,"items_purged":[],"score":853,"play_id":"b501e566-ad36-45b9-822e-c9fa12705407","local_time":"20190125194329","is_ascension_mode":true,"campfire_choices":[{"floor":7,"key":"RECALL"},{"data":"Flex","floor":11,"key":"SMITH"},{"floor":13,"key":"REST"},{"data":"Clothesline","floor":15,"key":"SMITH"},{"floor":24,"key":"REST"},{"floor":29,"key":"REST"},{"data":"Immolate","floor":32,"key":"SMITH"},{"data":"Immolate","floor":40,"key":"SMITH"},{"floor":49,"key":"REST"},{"data":"Carnage","floor":52,"key":"SMITH"}],"neow_cost":"NONE","seed_source_timestamp":1454076506524054,"circlet_count":0,"master_deck":["Strike_R+1","Strike_R+1","Strike_R+1","Strike_R+1","Strike_R+1","Defend_R+1","Defend_R+1","Defend_R+1","Defend_R+1","Bash+1","Cleave","Blood for Blood","Twin Strike+1","Wild Strike","Flex+1","Evolve","Clothesline+1","Cleave","Immolate+1","Shrug It Off+1","RitualDagger","Rage+1","Necronomicurse","Iron Wave+1","Perfected Strike+1","Armaments+1","True Grit+1","Impervious+1","Flex+1","Immolate+1","Sever Soul+1","Carnage+1","Rage+1","Cleave","Spot Weakness+1","Seeing Red+1","Intimidate+1","Inflame+1","Spot Weakness+1","Shrug It Off+1"],"relics":["Burning Blood","Darkstone Periapt","Question Card","Pantograph","Toxic Egg 2","White Beast Statue","Necronomicon","Ginger","Anchor","StoneCalendar","Velvet Choker","Champion Belt","Ancient Tea Set","Bag of Preparation","Whetstone","Potion Belt","Sundial","Orichalcum"],"potions_floor_usage":[8,8,10,20,23,33,42,44,46,48,54,55,55,55],"damage_taken":[{"damage":4,"enemies":"Small Slimes","floor":1,"turns":4},{"damage":1,"enemies":"Cultist","floor":2,"turns":3},{"damage":8,"enemies":"Jaw Worm","floor":4,"turns":3},{"damage":5,"enemies":"3 Louse","floor":5,"turns":2},{"damage":15,"enemies":"Gremlin Nob","floor":6,"turns":4},{"damage":23,"enemies":"3 Sentries","floor":8,"turns":4},{"damage":45,"enemies":"Lagavulin","floor":10,"turns":6},{"damage":15,"enemies":"Red Slaver","floor":12,"turns":3},{"damage":64,"enemies":"Hexaghost","floor":16,"turns":9},{"damage":26,"enemies":"Shell Parasite","floor":18,"turns":5},{"damage":0,"enemies":"Spheric Guardian","floor":20,"turns":3},{"damage":18,"enemies":"Book of Stabbing","floor":23,"turns":4},{"damage":19,"enemies":"Shelled Parasite and Fungi","floor":25,"turns":4},{"damage":21,"enemies":"Snake Plant","floor":27,"turns":4},{"damage":12,"enemies":"Centurion and Healer","floor":28,"turns":4},{"damage":17,"enemies":"Slavers","floor":30,"turns":4},{"damage":0,"enemies":"3 Cultists","floor":31,"turns":3},{"damage":60,"enemies":"Automaton","floor":33,"turns":9},{"damage":4,"enemies":"Orb Walker","floor":35,"turns":3},{"damage":0,"enemies":"3 Shapes","floor":36,"turns":1},{"damage":0,"enemies":"Jaw Worm Horde","floor":39,"turns":1},{"damage":30,"enemies":"Nemesis","floor":42,"turns":7},{"damage":17,"enemies":"Reptomancer","floor":44,"turns":4},{"damage":6,"enemies":"4 Shapes","floor":46,"turns":2},{"damage":49,"enemies":"Nemesis","floor":48,"turns":5},{"damage":62,"enemies":"Donu and Deca","floor":50,"turns":6},{"damage":44,"enemies":"Shield and Spear","floor":54,"turns":4},{"damage":101,"enemies":"The Heart","floor":55,"turns":5}],"seed_played":"8148909369310410259","potions_obtained":[{"floor":4,"key":"Regen Potion"},{"floor":5,"key":"BloodPotion"},{"floor":6,"key":"AttackPotion"},{"floor":16,"key":"GamblersBrew"},{"floor":18,"key":"Explosive Potion"},{"floor":20,"key":"LiquidBronze"},{"floor":23,"key":"FearPotion"},{"floor":25,"key":"Dexterity Potion"},{"floor":27,"key":"Dexterity Potion"},{"floor":30,"key":"SpeedPotion"},{"floor":31,"key":"Block Potion"},{"floor":33,"key":"EssenceOfSteel"},{"floor":36,"key":"AttackPotion"},{"floor":39,"key":"Strength Potion"},{"floor":42,"key":"Fruit Juice"},{"floor":44,"key":"Fruit Juice"},{"floor":46,"key":"Swift Potion"},{"floor":48,"key":"Dexterity Potion"},{"floor":54,"key":"BloodPotion"}],"is_trial":false,"path_per_floor":["M","M","?","M","M","E","R","E","T","E","R","M","R","$","R","B",null,"M","?","M","?","?","E","R","M","T","M","M","R","E","M","R","B",null,"M","M","$","?","M","R","?","E","T","E","$","M","$","E","R","B",null,"R","$","E","B"],"character_chosen":"IRONCLAD","items_purchased":["Toxic Egg 2","Champion Belt","Seeing Red+1","Potion Belt","Spot Weakness+1"],"campfire_rested":4,"item_purchase_floors":[14,37,45,47,53],"current_hp_per_floor":[88,88,88,86,87,78,78,70,70,39,39,30,56,56,56,23,88,68,62,68,68,58,46,74,61,61,46,40,68,57,63,63,34,94,94,94,94,94,94,94,94,70,70,64,64,69,69,26,57,26,104,104,104,66,0],"gold":59,"neow_bonus":"TEN_PERCENT_HP_BONUS","is_prod":false,"is_daily":false,"chose_seed":false,"campfire_upgraded":5,"win_rate":0,"timestamp":1548463409,"path_taken":["M","M","?","M","M","E","R","E","T","E","R","M","R","?","R","BOSS","M","?","M","?","?","E","R","M","T","?","M","R","E","M","R","BOSS","M","M","$","?","?","R","?","E","T","E","?","M","$","E","R","BOSS","R","$","E","BOSS"],"build_version":"2019-01-23","purchased_purges":0,"victory":false,"max_hp_per_floor":[88,88,88,88,88,88,88,88,88,88,88,88,88,88,88,88,88,88,88,88,88,94,94,94,94,94,94,94,94,94,94,94,94,94,94,94,94,94,94,94,94,94,94,99,99,104,104,104,104,104,104,104,104,104,104],"card_choices":[{"not_picked":["Warcry","Intimidate"],"picked":"Cleave","floor":1},{"not_picked":["True Grit","Shockwave"],"picked":"Blood for Blood","floor":2},{"not_picked":["Shockwave","Thunderclap"],"picked":"Twin Strike","floor":4},{"not_picked":["Armaments","Bludgeon"],"picked":"Wild Strike","floor":5},{"not_picked":["Fire Breathing","Evolve"],"picked":"Flex","floor":6},{"not_picked":["Armaments","Body Slam"],"picked":"Evolve","floor":8},{"not_picked":["Brutality","Anger","Searing Blow"],"picked":"Clothesline","floor":10},{"not_picked":["Searing Blow","Shockwave","Sword Boomerang"],"picked":"Cleave","floor":12},{"not_picked":["Brutality","Berserk","Barricade"],"picked":"Immolate","floor":16},{"not_picked":["True Grit+1","Pommel Strike","Heavy Blade"],"picked":"Shrug It Off+1","floor":18},{"not_picked":["Anger","Uppercut","Fire Breathing+1"],"picked":"Rage+1","floor":20},{"not_picked":["Evolve","Disarm+1","Second Wind+1"],"picked":"Iron Wave","floor":23},{"not_picked":["Clothesline","Heavy Blade","Power Through+1"],"picked":"Perfected Strike+1","floor":25},{"not_picked":["Heavy Blade","Rupture","Fire Breathing"],"picked":"Armaments+1","floor":27},{"not_picked":["Cleave","Thunderclap","Sentinel+1"],"picked":"True Grit+1","floor":28},{"not_picked":["Seeing Red+1","Thunderclap","Iron Wave"],"picked":"Impervious+1","floor":30},{"not_picked":["Intimidate+1","Anger","Entrench+1"],"picked":"Flex+1","floor":31},{"not_picked":["Limit Break+1","Impervious+1","Bludgeon"],"picked":"Immolate","floor":33},{"not_picked":["Sword Boomerang","True Grit+1","Armaments+1"],"picked":"Sever Soul+1","floor":35},{"not_picked":["Wild Strike","Shrug It Off+1","Feel No Pain"],"picked":"Carnage","floor":36},{"not_picked":["Headbutt","Heavy Blade","Dark Embrace"],"picked":"Rage+1","floor":39},{"not_picked":["Limit Break+1","Dual Wield+1","Thunderclap"],"picked":"Cleave","floor":42},{"not_picked":["Fiend Fire","Pommel Strike","Wild Strike+1"],"picked":"Spot Weakness+1","floor":44},{"not_picked":["Headbutt+1","Heavy Blade","Anger+1"],"picked":"Intimidate+1","floor":46},{"not_picked":["Berserk","Dropkick","Heavy Blade+1"],"picked":"Inflame+1","floor":48},{"not_picked":["Headbutt","Armaments+1","Havoc+1"],"picked":"Shrug It Off+1","floor":54}],"player_experience":103304,"relics_obtained":[{"floor":6,"key":"Darkstone Periapt"},{"floor":8,"key":"Question Card"},{"floor":10,"key":"Pantograph"},{"floor":22,"key":"Necronomicon"},{"floor":23,"key":"Ginger"},{"floor":26,"key":"Anchor"},{"floor":30,"key":"StoneCalendar"},{"floor":42,"key":"Ancient Tea Set"},{"floor":43,"key":"Bag of Preparation"},{"floor":44,"key":"Whetstone"},{"floor":48,"key":"Sundial"},{"floor":54,"key":"Orichalcum"}],"event_choices":[{"damage_healed":0,"gold_gain":0,"player_choice":"Ignored","damage_taken":0,"max_hp_gain":0,"max_hp_loss":0,"event_name":"Purifier","floor":3,"gold_loss":0},{"damage_healed":0,"gold_gain":0,"player_choice":"Joined the Cult","damage_taken":6,"max_hp_gain":0,"max_hp_loss":0,"event_name":"Nest","floor":19,"gold_loss":0,"cards_obtained":["RitualDagger"]},{"damage_healed":0,"gold_gain":0,"player_choice":"Simplicity","damage_taken":0,"max_hp_gain":0,"max_hp_loss":0,"event_name":"Back to Basics","floor":21,"gold_loss":0,"cards_upgraded":["Strike_R","Strike_R","Strike_R","Strike_R","Strike_R","Defend_R","Defend_R","Defend_R","Defend_R"]},{"damage_healed":0,"gold_gain":0,"player_choice":"Obtained Book","damage_taken":16,"max_hp_gain":0,"max_hp_loss":0,"event_name":"Cursed Tome","floor":22,"gold_loss":0},{"damage_healed":0,"gold_gain":0,"player_choice":"Upgraded","damage_taken":0,"max_hp_gain":0,"max_hp_loss":0,"event_name":"Upgrade Shrine","floor":38,"gold_loss":0,"cards_upgraded":["Bash"]},{"damage_healed":0,"gold_gain":0,"player_choice":"Got Potions","damage_taken":0,"max_hp_gain":0,"max_hp_loss":0,"event_name":"Lab","floor":41,"gold_loss":0}],"is_beta":false,"boss_relics":[{"not_picked":["Snecko Eye","Philosopher\u0027s Stone"],"picked":"White Beast Statue"},{"not_picked":["Fusion Hammer","Black Star"],"picked":"Velvet Choker"}],"items_purged_floors":[],"is_endless":false,"potions_floor_spawned":[4,5,6,16,18,20,23,25,27,28,30,31,33,35,36,39,42,44,46,48,54],"killed_by":"The Heart","ascension_level":1}