{"gold_per_floor":[118,130,142,15,15,15,50,50,98,117,151,151,162,196,196,268,268,280,280,1,15,28,53,71,101,124,154,154,166,177,177,177,252,252,270,282,337,262,280,309,309,289,289,289,314,324,657,83,83,83,83,83,3,32,32],"floor_reached":55,"playtime":4387,"items_purged":["Injury","All Out Attack"],"score":1732,"play_id":"c3eff1d9-5666-47fe-879f-6b19e0a245fc","local_time":"20190226104247","is_ascension_mode":true,"campfire_choices":[{"data":"Glass Knife","floor":6.0,"key":"SMITH"},{"data":"All Out Attack","floor":8.0,"key":"SMITH"},{"data":"A Thousand Cuts","floor":12.0,"key":"SMITH"},{"data":"Tools of the Trade","floor":15.0,"key":"SMITH"},{"data":"Doppelganger","floor":28.0,"key":"SMITH"},{"data":"Calculated Gamble","floor":32.0,"key":"SMITH"},{"data":"Tactician","floor":41.0,"key":"SMITH"},{"data":"A Thousand Cuts","floor":44.0,"key":"SMITH"},{"floor":49.0,"key":"RECALL"},{"data":"Caltrops","floor":52.0,"key":"SMITH"}],"neow_cost":"CURSE","seed_source_timestamp":212116003431333,"circlet_count":0,"master_deck":["AscendersBane","Survivor","Neutralize","Tools of the Trade+1","Calculated Gamble+1","Tactician+1","Backflip","Leg Sweep","Flying Knee","Glass Knife+1","All Out Attack+1","Flechettes","A Thousand Cuts+1","Backflip","A Thousand Cuts+1","Doppelganger+1","Acrobatics+1","Backstab","Blade Dance+1","Prepared+1","Well Laid Plans+1","Storm of Steel+1","Blade Dance+1","Infinite Blades","Glass Knife+1","Malaise+1","Reflex+1","Bouncing Flask+1","Tools of the Trade","Footwork","Caltrops+1","Expertise+1","Footwork","Blade Dance+1","Deadly Poison+1","Dodge and Roll+1","Bouncing Flask+1","Cloak And Dagger+1","PiercingWail+1","Footwork","Reflex+1","Prepared+1","Finesse+1","Impatience+1","Backflip+1"],"special_seed":0,"relics":["Ring of the Snake","Bag of Preparation","Happy Flower","Turnip","Paper Crane","Coffee Dripper","Toxic Egg 2","OrangePellets","Sundial","Bottled Lightning","Anchor","Ice Cream","Pandora\u0027s Box","The Specimen","Vajra","Bag of Marbles","Old Coin","Membership Card","Shuriken","Centennial Puzzle"],"potions_floor_usage":[55,55],"damage_taken":[{"damage":24.0,"enemies":"Jaw Worm","floor":1.0,"turns":9.0},{"damage":4.0,"enemies":"Cultist","floor":2.0,"turns":6.0},{"damage":3.0,"enemies":"2 Louse","floor":3.0,"turns":6.0},{"damage":22.0,"enemies":"Lagavulin","floor":7.0,"turns":11.0},{"damage":1.0,"enemies":"Lots of Slimes","floor":10.0,"turns":2.0},{"damage":0.0,"enemies":"Gremlin Nob","floor":11.0,"turns":3.0},{"damage":4.0,"enemies":"Blue Slaver","floor":13.0,"turns":4.0},{"damage":7.0,"enemies":"Lagavulin","floor":14.0,"turns":7.0},{"damage":2.0,"enemies":"Hexaghost","floor":16.0,"turns":10.0},{"damage":1.0,"enemies":"2 Thieves","floor":18.0,"turns":3.0},{"damage":11.0,"enemies":"3 Byrds","floor":21.0,"turns":4.0},{"damage":4.0,"enemies":"3 Cultists","floor":22.0,"turns":4.0},{"damage":5.0,"enemies":"Gremlin Leader","floor":23.0,"turns":5.0},{"damage":1.0,"enemies":"Centurion and Healer","floor":24.0,"turns":5.0},{"damage":0.0,"enemies":"Slavers","floor":25.0,"turns":2.0},{"damage":1.0,"enemies":"Book of Stabbing","floor":27.0,"turns":5.0},{"damage":2.0,"enemies":"Snake Plant","floor":29.0,"turns":3.0},{"damage":1.0,"enemies":"Shelled Parasite and Fungi","floor":30.0,"turns":4.0},{"damage":13.0,"enemies":"Collector","floor":33.0,"turns":8.0},{"damage":0.0,"enemies":"3 Shapes","floor":35.0,"turns":4.0},{"damage":0.0,"enemies":"Orb Walker","floor":36.0,"turns":3.0},{"damage":16.0,"enemies":"2 Orb Walkers","floor":37.0,"turns":3.0},{"damage":0.0,"enemies":"Maw","floor":39.0,"turns":6.0},{"damage":0.0,"enemies":"Reptomancer","floor":40.0,"turns":3.0},{"damage":0.0,"enemies":"Nemesis","floor":45.0,"turns":7.0},{"damage":0.0,"enemies":"Transient","floor":46.0,"turns":6.0},{"damage":23.0,"enemies":"Reptomancer","floor":47.0,"turns":5.0},{"damage":9.0,"enemies":"Awakened One","floor":50.0,"turns":10.0},{"damage":41.0,"enemies":"Shield and Spear","floor":54.0,"turns":4.0},{"damage":21,"enemies":"The Heart","floor":55,"turns":3}],"seed_played":"6450112545098778997","potions_obtained":[{"floor":1.0,"key":"Weak Potion"},{"floor":3.0,"key":"Regen Potion"},{"floor":7.0,"key":"GhostInAJar"},{"floor":10.0,"key":"Poison Potion"},{"floor":16.0,"key":"Ancient Potion"},{"floor":22.0,"key":"Fire Potion"},{"floor":23.0,"key":"GamblersBrew"},{"floor":29.0,"key":"Dexterity Potion"},{"floor":30.0,"key":"Poison Potion"},{"floor":33.0,"key":"SteroidPotion"},{"floor":40.0,"key":"Fire Potion"},{"floor":42.0,"key":"Swift Potion"},{"floor":47.0,"key":"SkillPotion"},{"floor":54.0,"key":"PowerPotion"}],"is_trial":false,"path_per_floor":["M","M","M","$","?","R","E","R","T","M","E","R","M","E","R","B",null,"M","T","$","M","M","E","M","E","T","E","R","M","M","?","R","B",null,"M","M","?","$","M","E","R","?","T","R","E","M","E","$","R","B",null,"R","$","E","B"],"character_chosen":"THE_SILENT","items_purchased":["Leg Sweep","Flying Knee","OrangePellets","Acrobatics+1","Membership Card","Shuriken","Footwork","Reflex+1","Prepared+1","Finesse+1","Impatience+1","Backflip+1"],"campfire_rested":0,"item_purchase_floors":[4,4,20,20,48,48,48,48,48,48,53,53],"current_hp_per_floor":[35,31,28,28,28,28,21,21,21,20,20,20,16,9,9,7,51,50,50,50,39,35,30,29,29,29,28,28,26,25,25,25,12,53,53,53,37,37,37,37,37,37,37,37,37,37,14,14,14,5,51,51,51,10,0],"gold":32,"neow_bonus":"THREE_RARE_CARDS","is_prod":false,"is_daily":false,"chose_seed":false,"campfire_upgraded":9,"win_rate":0,"timestamp":1551195767,"path_taken":["M","M","M","$","?","R","E","R","T","M","E","R","M","E","R","BOSS","M","?","$","M","M","E","M","E","T","E","R","M","?","?","R","BOSS","M","?","?","?","M","E","R","?","T","R","E","M","E","$","R","BOSS","R","$","E","BOSS"],"build_version":"2019-01-23","purchased_purges":2,"victory":false,"max_hp_per_floor":[66,66,66,66,66,66,66,66,66,66,66,66,66,66,66,66,66,66,66,66,66,66,66,66,66,66,66,66,66,66,66,66,66,66,66,66,66,66,66,66,66,66,66,66,66,66,66,66,66,66,66,66,66,66,66],"card_choices":[{"not_picked":["Night Terror","Grand Finale"],"picked":"Tools of the Trade","floor":0.0},{"not_picked":["Acrobatics","Underhanded Strike"],"picked":"Calculated Gamble","floor":1.0},{"not_picked":["Outmaneuver","Terror"],"picked":"Tactician","floor":2.0},{"not_picked":["Choke","Calculated Gamble"],"picked":"Backflip","floor":3.0},{"not_picked":["Acrobatics","Infinite Blades"],"picked":"All Out Attack","floor":7.0},{"not_picked":["Backflip","Acrobatics"],"picked":"Flechettes","floor":10.0},{"not_picked":["Grand Finale","Reflex"],"picked":"A Thousand Cuts","floor":11.0},{"not_picked":["Underhanded Strike","Choke"],"picked":"Backflip","floor":13.0},{"not_picked":["Acrobatics","Backflip"],"picked":"A Thousand Cuts","floor":14.0},{"not_picked":["Die Die Die","Bullet Time"],"picked":"Doppelganger","floor":16.0},{"not_picked":["Poisoned Stab","Choke","Deflect"],"picked":"SKIP","floor":18.0},{"not_picked":["Masterful Stab","Predator","Deflect+1"],"picked":"SKIP","floor":21.0},{"not_picked":["Flying Knee","Underhanded Strike"],"picked":"Backstab","floor":22.0},{"not_picked":["Backflip+1","Acrobatics+1"],"picked":"Blade Dance+1","floor":23.0},{"not_picked":["Heel Hook","Setup+1"],"picked":"Prepared+1","floor":24.0},{"not_picked":["Bouncing Flask+1","Outmaneuver+1"],"picked":"Well Laid Plans+1","floor":25.0},{"not_picked":["Blade Dance+1","Well Laid Plans"],"picked":"Storm of Steel+1","floor":27.0},{"not_picked":["Deflect+1","Dagger Spray"],"picked":"Blade Dance+1","floor":29.0},{"not_picked":["Bouncing Flask+1","Backstab"],"picked":"Infinite Blades","floor":30.0},{"not_picked":["Envenom","Doppelganger+1"],"picked":"Malaise+1","floor":33.0},{"not_picked":["Underhanded Strike","Escape Plan+1"],"picked":"Deadly Poison+1","floor":35.0},{"not_picked":["Predator","Quick Slash","Dagger Throw"],"picked":"SKIP","floor":36.0},{"not_picked":["Heel Hook","Outmaneuver+1"],"picked":"Dodge and Roll+1","floor":37.0},{"not_picked":["Predator","Backstab"],"picked":"Bouncing Flask+1","floor":39.0},{"not_picked":["Predator","Slice","Outmaneuver+1"],"picked":"SKIP","floor":40.0},{"not_picked":["Noxious Fumes","Catalyst+1"],"picked":"Cloak And Dagger+1","floor":45.0},{"not_picked":["Deadly Poison+1","Dodge and Roll+1"],"picked":"PiercingWail+1","floor":46.0},{"not_picked":["Dodge and Roll+1","Unload","Poisoned Stab"],"picked":"SKIP","floor":47.0},{"not_picked":["PiercingWail+1","Flying Knee","Tools of the Trade"],"picked":"SKIP","floor":54.0}],"player_experience":574575,"relics_obtained":[{"floor":7.0,"key":"Bag of Preparation"},{"floor":9.0,"key":"Happy Flower"},{"floor":11.0,"key":"Turnip"},{"floor":14.0,"key":"Paper Crane"},{"floor":19.0,"key":"Toxic Egg 2"},{"floor":23.0,"key":"Sundial"},{"floor":25.0,"key":"Bottled Lightning"},{"floor":26.0,"key":"Anchor"},{"floor":27.0,"key":"Ice Cream"},{"floor":37.0,"key":"The Specimen"},{"floor":40.0,"key":"Vajra"},{"floor":45.0,"key":"Bag of Marbles"},{"floor":47.0,"key":"Old Coin"},{"floor":54.0,"key":"Centennial Puzzle"}],"event_choices":[{"damage_healed":0.0,"max_hp_gain":0.0,"max_hp_loss":0.0,"gold_gain":0.0,"cards_transformed":["Strike_G"],"event_name":"Transmorgrifier","player_choice":"Transformed","floor":5.0,"gold_loss":0.0,"damage_taken":0.0,"cards_obtained":["Glass Knife"]},{"damage_healed":0.0,"max_hp_gain":0.0,"max_hp_loss":0.0,"gold_gain":0.0,"event_name":"Duplicator","player_choice":"Copied","floor":31.0,"gold_loss":0.0,"damage_taken":0.0,"cards_obtained":["Glass Knife"]},{"damage_healed":0.0,"max_hp_gain":0.0,"max_hp_loss":0.0,"gold_gain":0.0,"event_name":"Mysterious Sphere","player_choice":"Fight","floor":37.0,"gold_loss":0.0,"damage_taken":0.0},{"damage_healed":0.0,"max_hp_gain":0.0,"max_hp_loss":0.0,"gold_gain":0.0,"event_name":"The Woman in Blue","player_choice":"Bought 1 Potion","floor":42.0,"gold_loss":0.0,"damage_taken":0.0}],"is_beta":false,"boss_relics":[{"not_picked":["White Beast Statue","Sozu"],"picked":"Coffee Dripper"},{"not_picked":["Busted Crown","WristBlade"],"picked":"Pandora\u0027s Box"}],"items_purged_floors":[38,48],"is_endless":false,"potions_floor_spawned":[1,3,7,10,16,22,23,29,30,33,36,40,47,54],"killed_by":"The Heart","ascension_level":18}