{"gold_per_floor":[216,233,233,252,252,252,278,297,322,337,337,357,0,18,18,144,144,158,98,98],"floor_reached":20,"playtime":981,"items_purged":["Injury"],"score":249,"play_id":"1f1cf2d9-6e5d-4683-adf8-e1f15a17d6c3","local_time":"20180930010457","is_ascension_mode":true,"campfire_choices":[{"data":"Immolate","floor":6,"key":"SMITH"},{"floor":15,"key":"REST"}],"neow_cost":"NONE","seed_source_timestamp":551388874163196,"circlet_count":0,"master_deck":["Strike_R","Strike_R","Strike_R","Strike_R","Strike_R","Defend_R","Defend_R","Defend_R+1","Defend_R","Bash+1","Bloodletting","Rupture+1","Immolate+1","Hemokinesis","Shockwave+1","Reaper","Headbutt","Combust","Carnage","Wild Strike","Reaper","Fire Breathing","Rage"],"relics":["Black Blood","Bag of Preparation","War Paint","Golden Idol","Membership Card","Tiny Chest"],"potions_floor_usage":[16,16],"damage_taken":[{"damage":10,"enemies":"Cultist","floor":1,"turns":4},{"damage":10,"enemies":"Jaw Worm","floor":2,"turns":3},{"damage":4,"enemies":"2 Louse","floor":4,"turns":3},{"damage":29,"enemies":"Lagavulin","floor":7,"turns":4},{"damage":11,"enemies":"Blue Slaver","floor":8,"turns":3},{"damage":27,"enemies":"Large Slime","floor":10,"turns":3},{"damage":8,"enemies":"Exordium Wildlife","floor":12,"turns":2},{"damage":17,"enemies":"Red Slaver","floor":14,"turns":2},{"damage":5,"enemies":"Slime Boss","floor":16,"turns":3},{"damage":40,"enemies":"Spheric Guardian","floor":18,"turns":4},{"damage":47,"enemies":"2 Thieves","floor":19,"turns":4},{"damage":36,"enemies":"Centurion and Healer","floor":20,"turns":4}],"seed_played":"4398251124798669449","potions_obtained":[{"floor":4,"key":"GamblersBrew"},{"floor":8,"key":"Swift Potion"},{"floor":10,"key":"GamblersBrew"},{"floor":12,"key":"Energy Potion"},{"floor":14,"key":"SteroidPotion"}],"is_trial":false,"path_per_floor":["M","M","?","M","?","R","E","M","T","M","?","M","$","M","R","B",null,"M","M"],"character_chosen":"IRONCLAD","items_purchased":["Membership Card","Tiny Chest","Combust","Carnage"],"campfire_rested":1,"item_purchase_floors":[13,13,13,13],"current_hp_per_floor":[76,72,72,74,74,74,51,46,46,25,25,23,23,18,42,43,80,50,29,0],"gold":98,"neow_bonus":"HUNDRED_GOLD","is_prod":false,"is_daily":false,"chose_seed":false,"campfire_upgraded":1,"win_rate":0,"timestamp":1538294697,"path_taken":["M","M","?","?","?","R","E","M","T","M","?","?","$","M","R","BOSS","M","M","M"],"build_version":"2018-09-27","purchased_purges":1,"victory":false,"max_hp_per_floor":[80,80,80,80,80,80,80,80,80,80,80,80,80,80,80,80,80,80,80,80],"card_choices":[{"not_picked":["Sword Boomerang","Shrug It Off"],"picked":"Bloodletting","floor":1},{"not_picked":["Shrug It Off","Heavy Blade"],"picked":"Rupture","floor":2},{"not_picked":["Twin Strike","Sword Boomerang"],"picked":"Immolate","floor":4},{"not_picked":["Fire Breathing","Shockwave"],"picked":"Hemokinesis","floor":7},{"not_picked":["Iron Wave","True Grit"],"picked":"Shockwave","floor":8},{"not_picked":["Cleave","True Grit"],"picked":"Reaper","floor":10},{"not_picked":["Sword Boomerang","Intimidate"],"picked":"Headbutt","floor":12},{"not_picked":["Armaments","Body Slam"],"picked":"Wild Strike","floor":14},{"not_picked":["Bludgeon","Immolate"],"picked":"Reaper","floor":16},{"not_picked":["Flex","Shockwave"],"picked":"Fire Breathing","floor":18},{"not_picked":["Armaments","Evolve"],"picked":"Rage","floor":19}],"player_experience":198245,"relics_obtained":[{"floor":7,"key":"Bag of Preparation"},{"floor":9,"key":"War Paint"}],"event_choices":[{"event_name":"Upgrade Shrine","player_choice":"Upgraded","floor":3,"damage_taken":0},{"event_name":"Living Wall","player_choice":"Grow","floor":5,"damage_taken":0},{"event_name":"Golden Idol","player_choice":"Take Wound","floor":11,"damage_taken":0}],"is_beta":false,"boss_relics":[{"not_picked":["Sozu","Orrery"],"picked":"Black Blood"}],"items_purged_floors":[13],"is_endless":false,"potions_floor_spawned":[4,8,10,12,14],"killed_by":"Centurion and Healer","ascension_level":2}