{"gold_per_floor":[114,132,132,2,20,59,59,20,44,75,75,100,118,118,118,242,242,231,330,354,95,120,155,155,155,155,178,178,196,227,246,246,366,366,389,405,405,421,444,444,457,478,478,478,478,30,30,155,155,155,155,155,10,54,54],"floor_reached":56,"playtime":4404,"items_purged":["Strike_G","All Out Attack+1"],"score":1222,"play_id":"848a5364-7c14-440e-bbfc-5085622e084b","local_time":"20190106234222","is_ascension_mode":false,"campfire_choices":[{"floor":7.0,"key":"REST"},{"data":"Caltrops","floor":11.0,"key":"SMITH"},{"floor":15.0,"key":"REST"},{"floor":24.0,"key":"REST"},{"floor":32.0,"key":"REST"},{"floor":40.0,"key":"RECALL"},{"floor":45.0,"key":"REST"},{"data":"Night Terror","floor":47.0,"key":"SMITH"},{"floor":49.0,"key":"REST"},{"data":"Catalyst","floor":52.0,"key":"SMITH"}],"neow_cost":"NONE","seed_source_timestamp":173544044419059,"circlet_count":0,"master_deck":["Defend_G","Defend_G","Defend_G","Defend_G","Defend_G","Survivor","Neutralize","Masterful Stab","Well Laid Plans+1","PiercingWail","Slice+1","Leg Sweep","Caltrops+1","Adrenaline","Backstab","Envenom","Adrenaline+1","Outmaneuver+1","Grand Finale+1","Crippling Poison","Caltrops+1","Noxious Fumes","Catalyst+1","Noxious Fumes","Night Terror+1","Caltrops"],"special_seed":0,"relics":["Ring of the Snake","Golden Idol","Bronze Scales","Pen Nib","Oddly Smooth Stone","Odd Mushroom","Astrolabe","Whetstone","Meat on the Bone","Singing Bowl","Juzu Bracelet","Boot","Empty Cage","Bottled Tornado","Incense Burner","Snake Skull","Strawberry"],"potions_floor_usage":[],"damage_taken":[{"damage":1.0,"enemies":"Small Slimes","floor":1.0,"turns":4.0},{"damage":0.0,"enemies":"2 Louse","floor":2.0,"turns":2.0},{"damage":0.0,"enemies":"Cultist","floor":5.0,"turns":3.0},{"damage":36.0,"enemies":"Lagavulin","floor":6.0,"turns":10.0},{"damage":10.0,"enemies":"Gremlin Nob","floor":10.0,"turns":4.0},{"damage":9.0,"enemies":"The Mushroom Lair","floor":12.0,"turns":4.0},{"damage":4.0,"enemies":"Exordium Wildlife","floor":13.0,"turns":4.0},{"damage":30.0,"enemies":"Hexaghost","floor":16.0,"turns":9.0},{"damage":12.0,"enemies":"2 Thieves","floor":18.0,"turns":4.0},{"damage":0.0,"enemies":"3 Byrds","floor":20.0,"turns":4.0},{"damage":13.0,"enemies":"Centurion and Healer","floor":22.0,"turns":7.0},{"damage":6.0,"enemies":"Book of Stabbing","floor":23.0,"turns":5.0},{"damage":0.0,"enemies":"Snecko","floor":27.0,"turns":4.0},{"damage":13.0,"enemies":"Snake Plant","floor":29.0,"turns":2.0},{"damage":43.0,"enemies":"Gremlin Leader","floor":30.0,"turns":6.0},{"damage":18.0,"enemies":"3 Cultists","floor":31.0,"turns":4.0},{"damage":19.0,"enemies":"Collector","floor":33.0,"turns":10.0},{"damage":13.0,"enemies":"Orb Walker","floor":35.0,"turns":3.0},{"damage":7.0,"enemies":"3 Darklings","floor":36.0,"turns":4.0},{"damage":9.0,"enemies":"Writhing Mass","floor":38.0,"turns":4.0},{"damage":20.0,"enemies":"Jaw Worm Horde","floor":39.0,"turns":4.0},{"damage":23.0,"enemies":"Maw","floor":41.0,"turns":8.0},{"damage":27.0,"enemies":"Writhing Mass","floor":42.0,"turns":7.0},{"damage":8.0,"enemies":"Mind Bloom Boss Battle","floor":48.0,"turns":4.0},{"damage":22.0,"enemies":"Donu and Deca","floor":50.0,"turns":4.0},{"damage":24.0,"enemies":"Shield and Spear","floor":54.0,"turns":4.0},{"damage":163,"enemies":"The Heart","floor":55,"turns":9}],"seed_played":"-7312473475023293163","potions_obtained":[{"floor":1.0,"key":"Regen Potion"},{"floor":6.0,"key":"FearPotion"},{"floor":16.0,"key":"Dexterity Potion"},{"floor":20.0,"key":"Energy Potion"},{"floor":23.0,"key":"Regen Potion"},{"floor":31.0,"key":"FearPotion"},{"floor":33.0,"key":"PowerPotion"},{"floor":36.0,"key":"SteroidPotion"},{"floor":38.0,"key":"Weak Potion"},{"floor":48.0,"key":"PowerPotion"}],"is_trial":false,"path_per_floor":["M","M","?","$","M","E","R","$","T","E","R","?","M","?","R","B",null,"M","?","M","$","M","E","R","?","T","M","?","M","E","M","R","B",null,"M","M","?","M","M","R","M","M","T","?","R","$","R","?","R","B",null,"R","$","E","B",null],"character_chosen":"THE_SILENT","items_purchased":["Well Laid Plans","PiercingWail","Caltrops","Noxious Fumes","Whetstone","Bottled Tornado","Block Potion","PowerPotion","Snake Skull"],"campfire_rested":6,"item_purchase_floors":[4,4,8,21,21,46,46,46,53],"current_hp_per_floor":[76,76,76,76,76,40,63,63,63,58,58,49,45,45,68,38,77,65,65,65,65,52,46,69,69,69,71,71,69,40,36,61,54,85,74,69,71,64,56,56,47,34,34,34,62,62,62,56,84,62,96,96,96,81,56],"gold":54,"neow_bonus":"TEN_PERCENT_HP_BONUS","is_prod":false,"is_daily":false,"chose_seed":false,"campfire_upgraded":3,"win_rate":0,"timestamp":1546836142,"path_taken":["M","M","?","$","M","E","R","$","T","E","R","?","M","?","R","BOSS","M","?","M","$","M","E","R","?","T","?","?","M","E","M","R","BOSS","M","M","?","M","M","R","M","M","T","?","R","$","R","?","R","BOSS","R","$","E","BOSS"],"build_version":"2019-01-03v4","purchased_purges":2,"victory":true,"max_hp_per_floor":[77,77,77,77,77,77,77,77,77,77,77,77,77,77,77,77,77,77,77,77,77,77,77,77,77,77,79,79,81,83,85,85,85,85,87,89,91,93,93,93,95,97,97,94,94,94,94,96,96,96,96,96,96,105,105],"card_choices":[{"not_picked":["Setup","Accuracy"],"picked":"Masterful Stab","floor":1.0},{"not_picked":["Finisher","Prepared"],"picked":"All Out Attack","floor":2.0},{"not_picked":["Terror","Outmaneuver"],"picked":"Slice","floor":5.0},{"not_picked":["Sucker Punch","Concentrate"],"picked":"Leg Sweep","floor":6.0},{"not_picked":["Bane","Setup","All Out Attack"],"picked":"SKIP","floor":10.0},{"not_picked":["Flechettes","Acrobatics"],"picked":"Adrenaline","floor":12.0},{"not_picked":["Acrobatics","Bane"],"picked":"Backstab","floor":13.0},{"not_picked":["Die Die Die","Unload"],"picked":"Envenom","floor":16.0},{"not_picked":["Reflex","Tactician"],"picked":"Crippling Poison","floor":18.0},{"not_picked":["Dagger Spray","Escape Plan"],"picked":"Caltrops+1","floor":20.0},{"not_picked":["Dagger Spray+1","Leg Sweep"],"picked":"Catalyst","floor":22.0},{"not_picked":["Dagger Spray+1","Accuracy+1"],"picked":"Noxious Fumes","floor":23.0},{"not_picked":["Endless Agony","Setup+1","Backflip+1"],"picked":"Singing Bowl","floor":27.0},{"not_picked":["Quick Slash+1","PiercingWail","Blade Dance"],"picked":"Singing Bowl","floor":29.0},{"not_picked":["Tactician","Crippling Poison","Flying Knee"],"picked":"Singing Bowl","floor":30.0},{"not_picked":["Distraction","Leg Sweep+1","Flying Knee"],"picked":"Singing Bowl","floor":31.0},{"not_picked":["Envenom","Corpse Explosion"],"picked":"Night Terror","floor":33.0},{"not_picked":["Dagger Spray+1","Sucker Punch","Deflect+1"],"picked":"Singing Bowl","floor":35.0},{"not_picked":["Accuracy+1","Dagger Throw+1","PiercingWail+1"],"picked":"Singing Bowl","floor":36.0},{"not_picked":["Blind","Master of Strategy","PanicButton"],"picked":"Singing Bowl","floor":37.0},{"not_picked":["All Out Attack+1","Flying Knee","Cloak And Dagger+1"],"picked":"Singing Bowl","floor":38.0},{"not_picked":["PiercingWail","Slice+1"],"picked":"Caltrops","floor":39.0},{"not_picked":["Outmaneuver+1","Dagger Spray","Deflect+1"],"picked":"Singing Bowl","floor":41.0},{"not_picked":["Dagger Spray","Bane+1","Sucker Punch+1"],"picked":"Singing Bowl","floor":42.0},{"not_picked":["Poisoned Stab+1","Tactician","Quick Slash"],"picked":"Singing Bowl","floor":48.0},{"not_picked":["Crippling Poison","Quick Slash+1","Blade Dance+1"],"picked":"Singing Bowl","floor":54.0}],"player_experience":446145,"relics_obtained":[{"floor":6.0,"key":"Bronze Scales"},{"floor":9.0,"key":"Pen Nib"},{"floor":10.0,"key":"Oddly Smooth Stone"},{"floor":12.0,"key":"Odd Mushroom"},{"floor":23.0,"key":"Meat on the Bone"},{"floor":26.0,"key":"Singing Bowl"},{"floor":30.0,"key":"Boot"},{"floor":48.0,"key":"Incense Burner"},{"floor":54.0,"key":"Strawberry"}],"event_choices":[{"damage_healed":0.0,"max_hp_gain":0.0,"max_hp_loss":0.0,"gold_gain":0.0,"event_name":"Golden Idol","player_choice":"Take Wound","floor":3.0,"gold_loss":0.0,"damage_taken":0.0,"relics_obtained":["Golden Idol"],"cards_obtained":["Injury"]},{"damage_healed":0.0,"max_hp_gain":0.0,"max_hp_loss":0.0,"gold_gain":0.0,"event_name":"Mushrooms","player_choice":"Fought Mushrooms","floor":12.0,"gold_loss":0.0,"damage_taken":0.0},{"cards_removed":["Injury"],"damage_healed":0.0,"max_hp_gain":0.0,"max_hp_loss":0.0,"gold_gain":0.0,"event_name":"Living Wall","player_choice":"Forget","floor":14.0,"gold_loss":0.0,"damage_taken":0.0},{"damage_healed":0.0,"max_hp_gain":0.0,"max_hp_loss":0.0,"gold_gain":99.0,"event_name":"Nest","player_choice":"Stole From Cult","floor":19.0,"gold_loss":0.0,"damage_taken":0.0},{"damage_healed":0.0,"max_hp_gain":0.0,"max_hp_loss":0.0,"gold_gain":0.0,"event_name":"Accursed Blacksmith","player_choice":"Forge","floor":25.0,"gold_loss":0.0,"damage_taken":0.0,"cards_upgraded":["Well Laid Plans"]},{"damage_healed":0.0,"max_hp_gain":0.0,"max_hp_loss":0.0,"gold_gain":0.0,"event_name":"The Mausoleum","player_choice":"Opened","floor":28.0,"gold_loss":0.0,"damage_taken":0.0,"relics_obtained":["Juzu Bracelet"],"cards_obtained":["Writhe"]},{"damage_healed":0.0,"max_hp_gain":0.0,"max_hp_loss":0.0,"gold_gain":0.0,"event_name":"SensoryStone","player_choice":"Memory 1","floor":37.0,"gold_loss":0.0,"damage_taken":0.0},{"cards_removed":["Parasite"],"damage_healed":0.0,"max_hp_gain":0.0,"max_hp_loss":0.0,"gold_gain":0.0,"event_name":"Purifier","player_choice":"Purged","floor":44.0,"gold_loss":0.0,"damage_taken":0.0},{"damage_healed":0.0,"max_hp_gain":0.0,"max_hp_loss":0.0,"gold_gain":0.0,"event_name":"MindBloom","player_choice":"Fight","floor":48.0,"gold_loss":0.0,"damage_taken":0.0}],"is_beta":false,"boss_relics":[{"not_picked":["Sozu","White Beast Statue"],"picked":"Astrolabe"},{"not_picked":["Busted Crown","Runic Pyramid"],"picked":"Empty Cage"}],"items_purged_floors":[21,46],"is_endless":false,"potions_floor_spawned":[1,6,16,20,23,31,33,36,38,48],"ascension_level":0}