{"gold_per_floor":[119,119,129,143,143,108,154,188,188,223,242,273,296,312,312,436,436,436],"floor_reached":18,"playtime":471,"items_purged":[],"score":191,"play_id":"a326778d-386b-4610-b464-e0b0d387e743","local_time":"20190123212845","is_ascension_mode":true,"campfire_choices":[{"floor":15,"key":"REST"}],"neow_cost":"NONE","seed_source_timestamp":1289334819473635,"circlet_count":0,"master_deck":["Strike_R","Strike_R","Strike_R","Strike_R","Strike_R","Defend_R","Defend_R","Defend_R","Defend_R","Bash","Clothesline","Inflame","Perfected Strike","Cleave","Twin Strike","Flex","Rampage","Shockwave","Immolate","Twin Strike","Wild Strike","Heavy Blade","Hemokinesis","Shrug It Off"],"relics":["Burning Blood","NeowsBlessing","Regal Pillow","Golden Idol","Lantern","Bag of Preparation","Art of War","Letter Opener","Orrery"],"potions_floor_usage":[13,13,16],"damage_taken":[{"damage":0,"enemies":"2 Louse","floor":1,"turns":1},{"damage":0,"enemies":"Cultist","floor":3,"turns":1},{"damage":0,"enemies":"Small Slimes","floor":4,"turns":1},{"damage":48,"enemies":"3 Sentries","floor":8,"turns":9},{"damage":10,"enemies":"Gremlin Nob","floor":10,"turns":4},{"damage":11,"enemies":"Blue Slaver","floor":11,"turns":4},{"damage":26,"enemies":"Lagavulin","floor":12,"turns":4},{"damage":0,"enemies":"Looter","floor":13,"turns":2},{"damage":5,"enemies":"Lots of Slimes","floor":14,"turns":2},{"damage":58,"enemies":"Hexaghost","floor":16,"turns":10},{"damage":0,"enemies":"Chosen","floor":18,"turns":1}],"seed_played":"6020316299503612128","potions_obtained":[{"floor":8,"key":"Weak Potion"},{"floor":10,"key":"Fire Potion"},{"floor":11,"key":"BloodPotion"},{"floor":14,"key":"GamblersBrew"}],"is_trial":false,"path_per_floor":["M","?","M","M","?","?","T","E","T","E","M","E","M","M","R","B",null,"M"],"character_chosen":"IRONCLAD","items_purchased":[],"campfire_rested":1,"item_purchase_floors":[],"current_hp_per_floor":[80,80,80,80,60,80,80,38,38,34,29,9,23,24,63,11,80,80],"gold":436,"neow_bonus":"THREE_ENEMY_KILL","is_prod":false,"is_daily":false,"chose_seed":false,"campfire_upgraded":0,"win_rate":0,"timestamp":1548296925,"path_taken":["M","?","M","?","?","?","?","E","T","E","M","E","M","M","R","BOSS","M"],"build_version":"2019-01-17v2","purchased_purges":0,"victory":false,"max_hp_per_floor":[80,80,80,80,80,80,80,80,80,80,80,80,80,80,80,80,80,80],"card_choices":[{"not_picked":["Armaments","Flame Barrier"],"picked":"Iron Wave","floor":1},{"not_picked":["Dual Wield","Second Wind"],"picked":"Clothesline","floor":3},{"not_picked":["Flame Barrier","Bloodletting"],"picked":"Inflame","floor":4},{"not_picked":["Whirlwind","Ghostly Armor"],"picked":"Perfected Strike","floor":8},{"not_picked":["Body Slam","Warcry"],"picked":"Cleave","floor":10},{"not_picked":["Dual Wield","Dropkick"],"picked":"Twin Strike","floor":11},{"not_picked":["Havoc","Bludgeon"],"picked":"Flex","floor":12},{"not_picked":["Second Wind","Body Slam"],"picked":"Rampage","floor":13},{"not_picked":["Fire Breathing","Disarm"],"picked":"Shockwave","floor":14},{"not_picked":["Reaper","Juggernaut"],"picked":"Immolate","floor":16},{"not_picked":["Rage","Armaments"],"picked":"Twin Strike","floor":17},{"not_picked":["True Grit","Havoc"],"picked":"Wild Strike","floor":17},{"not_picked":["Seeing Red","Combust"],"picked":"Heavy Blade","floor":17},{"not_picked":["Cleave","Thunderclap"],"picked":"Hemokinesis","floor":17},{"not_picked":["Searing Blow","Heavy Blade"],"picked":"Shrug It Off","floor":17}],"player_experience":102833,"relics_obtained":[{"floor":8,"key":"Lantern"},{"floor":9,"key":"Bag of Preparation"},{"floor":10,"key":"Art of War"},{"floor":12,"key":"Letter Opener"}],"event_choices":[{"cards_removed":["Iron Wave"],"damage_healed":0,"gold_gain":0,"player_choice":"Gave Card","damage_taken":0,"relics_obtained":["Regal Pillow"],"max_hp_gain":0,"max_hp_loss":0,"event_name":"WeMeetAgain","floor":2,"gold_loss":0},{"damage_healed":0,"gold_gain":0,"player_choice":"Take Damage","damage_taken":20,"relics_obtained":["Golden Idol"],"max_hp_gain":0,"max_hp_loss":0,"event_name":"Golden Idol","floor":5,"gold_loss":0},{"damage_healed":20,"gold_gain":0,"player_choice":"Healed","damage_taken":0,"max_hp_gain":0,"max_hp_loss":0,"event_name":"The Cleric","floor":6,"gold_loss":35}],"is_beta":false,"boss_relics":[{"not_picked":["Busted Crown","Coffee Dripper"],"picked":"Orrery"}],"items_purged_floors":[],"is_endless":false,"potions_floor_spawned":[8,10,11,14],"killed_by":"Chosen","ascension_level":1}