{"gold_per_floor":[116,44,61,81,100,133,133,146,192,192,206,127,188,208,208,303,303,314,413,328,51,51,51,51,51,51,62,82,92,107,119,119,223,223,233,233,233,333,333,333,27,27,52,152,152,169,169,181,181,181,181,181,9,36,36],"floor_reached":55,"playtime":4439,"items_purged":[],"score":669,"play_id":"263e7cd0-953b-4f5a-a13b-46234ecbcf67","local_time":"20190107063342","daily_mods":["SealedDeck"],"is_ascension_mode":false,"campfire_choices":[{"data":"Footwork","floor":7.0,"key":"SMITH"},{"floor":15.0,"key":"REST"},{"data":"Finisher","floor":23.0,"key":"SMITH"},{"floor":25.0,"key":"RECALL"},{"floor":32.0,"key":"REST"},{"floor":40.0,"key":"REST"},{"data":"Bullet Time","floor":42.0,"key":"SMITH"},{"data":"Caltrops","floor":45.0,"key":"SMITH"},{"floor":49.0,"key":"REST"},{"data":"Shrug It Off","floor":52.0,"key":"SMITH"}],"neow_cost":"","seed_source_timestamp":0,"circlet_count":0,"master_deck":["Backflip","Deflect","Backflip","PiercingWail","Blur+1","Accuracy+1","Infinite Blades","Cloak And Dagger","Blade Dance+1","Blade Dance","Deflect","Infinite Blades","Footwork+1","Cloak And Dagger","Caltrops+1","Infinite Blades","Bullet Time+1","Finisher+1","Shrug It Off+1","Caltrops+1"],"special_seed":0,"relics":["Ring of the Snake","Juzu Bracelet","Question Card","Black Star","Blood Vial","PrismaticShard","Frozen Egg 2","Incense Burner","Whetstone","Lantern","Centennial Puzzle","Shuriken","Happy Flower"],"potions_floor_usage":[],"damage_taken":[{"damage":0.0,"enemies":"2 Louse","floor":1.0,"turns":3.0},{"damage":2.0,"enemies":"Small Slimes","floor":3.0,"turns":4.0},{"damage":0.0,"enemies":"Jaw Worm","floor":4.0,"turns":5.0},{"damage":0.0,"enemies":"Gremlin Gang","floor":5.0,"turns":7.0},{"damage":8.0,"enemies":"3 Sentries","floor":6.0,"turns":9.0},{"damage":0.0,"enemies":"Lots of Slimes","floor":8.0,"turns":6.0},{"damage":0.0,"enemies":"3 Louse","floor":11.0,"turns":6.0},{"damage":10.0,"enemies":"3 Sentries","floor":13.0,"turns":8.0},{"damage":10.0,"enemies":"Looter","floor":14.0,"turns":4.0},{"damage":8.0,"enemies":"The Guardian","floor":16.0,"turns":10.0},{"damage":2.0,"enemies":"Spheric Guardian","floor":18.0,"turns":6.0},{"damage":0.0,"enemies":"2 Thieves","floor":24.0,"turns":1.0},{"damage":11.0,"enemies":"Centurion and Healer","floor":27.0,"turns":7.0},{"damage":16.0,"enemies":"Sentry and Sphere","floor":28.0,"turns":6.0},{"damage":7.0,"enemies":"Snecko","floor":29.0,"turns":7.0},{"damage":12.0,"enemies":"Shelled Parasite and Fungi","floor":30.0,"turns":6.0},{"damage":24.0,"enemies":"Snake Plant","floor":31.0,"turns":6.0},{"damage":0.0,"enemies":"Collector","floor":33.0,"turns":8.0},{"damage":1.0,"enemies":"3 Darklings","floor":35.0,"turns":5.0},{"damage":12.0,"enemies":"Mind Bloom Boss Battle","floor":38.0,"turns":12.0},{"damage":0.0,"enemies":"3 Shapes","floor":46.0,"turns":11.0},{"damage":10.0,"enemies":"Spire Growth","floor":48.0,"turns":4.0},{"damage":54.0,"enemies":"Donu and Deca","floor":50.0,"turns":11.0},{"damage":19.0,"enemies":"Shield and Spear","floor":54.0,"turns":6.0},{"damage":70,"enemies":"The Heart","floor":55,"turns":3}],"seed_played":"-2936826229294711787","potions_obtained":[{"floor":4.0,"key":"EssenceOfSteel"},{"floor":5.0,"key":"FearPotion"},{"floor":6.0,"key":"SmokeBomb"},{"floor":8.0,"key":"Fire Potion"},{"floor":14.0,"key":"SpeedPotion"},{"floor":18.0,"key":"Strength Potion"},{"floor":30.0,"key":"Strength Potion"},{"floor":38.0,"key":"Ancient Potion"},{"floor":48.0,"key":"Regen Potion"}],"is_trial":true,"path_per_floor":["M","$","M","M","M","E","R","M","T","?","M","$","?","M","R","B",null,"M","?","?","$","?","R","M","R","T","M","M","M","M","M","R","B",null,"M","?","?","?","?","R","$","R","T","?","R","M","?","M","R","B",null,"R","$","E","B"],"character_chosen":"THE_SILENT","items_purchased":["Infinite Blades","Infinite Blades","Finisher","PrismaticShard","Whetstone","Lantern","Caltrops+1","Energy Potion","Weak Potion"],"campfire_rested":4,"item_purchase_floors":[2,12,21,21,41,41,53,53,53],"current_hp_per_floor":[70,70,68,68,68,60,60,60,60,46,46,46,36,26,47,39,70,68,68,68,68,68,68,70,70,70,59,45,40,30,8,29,31,70,69,69,69,58,58,70,70,70,70,70,70,70,70,60,70,31,70,70,70,51,0],"gold":36,"neow_bonus":"","is_prod":false,"is_daily":false,"chose_seed":false,"campfire_upgraded":5,"win_rate":0,"timestamp":1546860822,"path_taken":["M","$","M","M","M","E","R","M","T","?","M","$","?","M","R","BOSS","M","?","?","?","?","R","M","R","T","M","M","M","M","M","R","BOSS","M","?","?","?","?","R","$","R","T","?","R","M","?","M","R","BOSS","R","$","E","BOSS"],"build_version":"2019-01-03v4","purchased_purges":0,"victory":false,"max_hp_per_floor":[70,70,70,70,70,70,70,70,70,70,70,70,70,70,70,70,70,70,70,70,70,70,70,70,70,70,70,70,70,70,70,70,70,70,70,70,70,70,70,70,70,70,70,70,70,70,70,70,70,70,70,70,70,70,70],"card_choices":[{"not_picked":["Bane","Crippling Poison"],"picked":"Deflect","floor":1.0},{"not_picked":["Riddle With Holes","Distraction","Underhanded Strike"],"picked":"SKIP","floor":3.0},{"not_picked":["Dodge and Roll","Deflect"],"picked":"Footwork","floor":4.0},{"not_picked":["Poisoned Stab","Outmaneuver","Prepared"],"picked":"SKIP","floor":5.0},{"not_picked":["Outmaneuver","Eviscerate"],"picked":"Endless Agony","floor":6.0},{"not_picked":["Blade Dance","Dodge and Roll"],"picked":"Cloak And Dagger","floor":8.0},{"not_picked":["Blade Dance","Prepared"],"picked":"Caltrops","floor":11.0},{"not_picked":["Skewer","Slice","Adrenaline","Flying Knee"],"picked":"SKIP","floor":14.0},{"not_picked":["Tools of the Trade","Burst","Corpse Explosion"],"picked":"Bullet Time","floor":16.0},{"not_picked":["Prepared","Expertise","Slice","Escape Plan"],"picked":"SKIP","floor":18.0},{"not_picked":["Searing Blow","Well Laid Plans+1","Hemokinesis+1","Acrobatics+1"],"picked":"SKIP","floor":27.0},{"not_picked":["Escape Plan","Steam","Gash","Sadistic Nature+1"],"picked":"SKIP","floor":28.0},{"not_picked":["Cloak And Dagger","Heel Hook","Reckless Charge","Prepared"],"picked":"SKIP","floor":29.0},{"not_picked":["Stack","Outmaneuver","Barrage","Leap"],"picked":"SKIP","floor":30.0},{"not_picked":["Evolve+1","Headbutt","Compile Driver+1"],"picked":"Shrug It Off","floor":31.0},{"not_picked":["Dodge and Roll+1","Prepared+1","Heavy Blade","Doom and Gloom"],"picked":"SKIP","floor":35.0},{"not_picked":["Blade Dance","Eviscerate+1","Heel Hook+1","Fission"],"picked":"SKIP","floor":46.0},{"not_picked":["Slice+1","Underhanded Strike+1","Havoc","Metallicize+1"],"picked":"SKIP","floor":48.0},{"not_picked":["Compile Driver","Anger+1","Rampage+1","Sweeping Beam"],"picked":"SKIP","floor":54.0}],"player_experience":458964,"relics_obtained":[{"floor":6.0,"key":"Juzu Bracelet"},{"floor":13.0,"key":"Question Card"},{"floor":26.0,"key":"Frozen Egg 2"},{"floor":38.0,"key":"Incense Burner"},{"floor":43.0,"key":"Centennial Puzzle"},{"floor":54.0,"key":"Shuriken"},{"floor":54.0,"key":"Happy Flower"}],"event_choices":[{"damage_healed":0.0,"max_hp_gain":0.0,"max_hp_loss":0.0,"gold_gain":0.0,"event_name":"Shining Light","player_choice":"Entered Light","floor":10.0,"gold_loss":0.0,"damage_taken":14.0,"cards_upgraded":["Blade Dance","Accuracy"]},{"damage_healed":0.0,"max_hp_gain":0.0,"max_hp_loss":0.0,"gold_gain":0.0,"event_name":"Dead Adventurer","player_choice":"Searched \u00271\u0027 times","floor":13.0,"gold_loss":0.0,"damage_taken":0.0},{"damage_healed":0.0,"max_hp_gain":0.0,"max_hp_loss":0.0,"gold_gain":99.0,"event_name":"Nest","player_choice":"Stole From Cult","floor":19.0,"gold_loss":0.0,"damage_taken":0.0},{"damage_healed":0.0,"max_hp_gain":0.0,"max_hp_loss":0.0,"gold_gain":0.0,"event_name":"Addict","player_choice":"Obtained Relic","floor":20.0,"gold_loss":85.0,"damage_taken":0.0,"relics_obtained":["Blood Vial"]},{"damage_healed":0.0,"max_hp_gain":0.0,"max_hp_loss":0.0,"gold_gain":0.0,"event_name":"Purifier","player_choice":"Ignored","floor":22.0,"gold_loss":0.0,"damage_taken":0.0},{"damage_healed":0.0,"max_hp_gain":0.0,"max_hp_loss":0.0,"gold_gain":0.0,"event_name":"SensoryStone","player_choice":"Memory 1","floor":36.0,"gold_loss":0.0,"damage_taken":0.0},{"damage_healed":0.0,"max_hp_gain":0.0,"max_hp_loss":0.0,"gold_gain":0.0,"event_name":"Accursed Blacksmith","player_choice":"Forge","floor":37.0,"gold_loss":0.0,"damage_taken":0.0,"cards_upgraded":["Blur"]},{"damage_healed":0.0,"max_hp_gain":0.0,"max_hp_loss":0.0,"gold_gain":0.0,"event_name":"MindBloom","player_choice":"Fight","floor":38.0,"gold_loss":0.0,"damage_taken":0.0},{"damage_healed":0.0,"max_hp_gain":0.0,"max_hp_loss":0.0,"gold_gain":0.0,"event_name":"Mysterious Sphere","player_choice":"Ignored","floor":39.0,"gold_loss":0.0,"damage_taken":0.0},{"damage_healed":0.0,"max_hp_gain":0.0,"max_hp_loss":0.0,"gold_gain":100.0,"event_name":"Golden Shrine","player_choice":"Pray","floor":44.0,"gold_loss":0.0,"damage_taken":0.0},{"cards_removed":["Endless Agony"],"damage_healed":0.0,"max_hp_gain":0.0,"max_hp_loss":0.0,"gold_gain":0.0,"event_name":"Falling","player_choice":"Removed Attack","floor":47.0,"gold_loss":0.0,"damage_taken":0.0}],"is_beta":false,"boss_relics":[{"not_picked":["Ring of the Serpent","Calling Bell"],"picked":"Black Star"},{"not_picked":["Astrolabe","Snecko Eye","Philosopher\u0027s Stone"]}],"items_purged_floors":[],"is_endless":false,"potions_floor_spawned":[4,5,6,8,14,18,24,30,38,48],"killed_by":"The Heart","ascension_level":0}