{"gold_per_floor":[113,38,53,70,84,84,84,84,84,109,109,165,165,175,175,270,270,286,286,286,25,41,41,56,68,68,94,94,104,49,61,61,156,156,175,175,175,5,16,16,31,31,31,46,66,66,83,35,35,35],"floor_reached":50,"playtime":2995,"items_purged":["Decay","Normality"],"score":489,"play_id":"a110fdad-7bc1-480b-83f9-11baba22573b","local_time":"20180822145149","is_ascension_mode":false,"campfire_choices":[{"data":"Survivor","floor":6,"key":"SMITH"},{"data":"Neutralize","floor":11,"key":"SMITH"},{"data":"Quick Slash","floor":13,"key":"SMITH"},{"data":"Unload","floor":15,"key":"SMITH"},{"data":"Apotheosis","floor":23,"key":"SMITH"},{"floor":28,"key":"REST"},{"data":"Adrenaline","floor":32,"key":"SMITH"},{"floor":40,"key":"REST"},{"data":"Reflex","floor":42,"key":"SMITH"},{"data":"Prepared","floor":49,"key":"SMITH"}],"neow_cost":"CURSE","seed_source_timestamp":57720909395766,"circlet_count":0,"master_deck":["Defend_G","Defend_G","Defend_G","Strike_G","Strike_G","Strike_G","Strike_G","Survivor+1","Neutralize+1","Quick Slash+1","Quick Slash+1","Quick Slash+1","Predator","Parasite","Unload+1","Adrenaline+1","Venomology","Apotheosis+1","Acrobatics","Heel Hook","Prepared+1","Heel Hook","Reflex+1","Dodge and Roll+1","Malaise","Doubt","Parasite","Tactician","Quick Slash","Blur","Acrobatics","Quick Slash"],"relics":["Ring of the Snake","Tough Bandages","Happy Flower","Dodecahedron","Gremlin Horn","Runic Dome","Pear","Bag of Preparation","Lantern","Calling Bell","Regal Pillow","Ninja Scroll","Sundial","Blue Candle"],"potions_floor_usage":[10,16,16,24,25,27,29,29,31,35,35,41,44,45,45,50,50,50,50],"damage_taken":[{"damage":6,"enemies":"Cultist","floor":1,"turns":4},{"damage":0,"enemies":"Small Slimes","floor":3,"turns":4},{"damage":0,"enemies":"Jaw Worm","floor":4,"turns":3},{"damage":4,"enemies":"Looter","floor":5,"turns":4},{"damage":4,"enemies":"Gremlin Nob","floor":10,"turns":4},{"damage":9,"enemies":"3 Sentries","floor":12,"turns":5},{"damage":0,"enemies":"Blue Slaver","floor":14,"turns":2},{"damage":12,"enemies":"Hexaghost","floor":16,"turns":10},{"damage":0,"enemies":"Chosen","floor":18,"turns":3},{"damage":0,"enemies":"Shell Parasite","floor":22,"turns":3},{"damage":0,"enemies":"Snecko","floor":24,"turns":4},{"damage":25,"enemies":"Snake Plant","floor":25,"turns":5},{"damage":10,"enemies":"Book of Stabbing","floor":27,"turns":3},{"damage":0,"enemies":"Centurion and Healer","floor":29,"turns":3},{"damage":0,"enemies":"Cultist and Chosen","floor":31,"turns":3},{"damage":57,"enemies":"Champ","floor":33,"turns":11},{"damage":38,"enemies":"3 Darklings","floor":35,"turns":6},{"damage":0,"enemies":"Flame Bruiser 1 Orb","floor":39,"turns":4},{"damage":2,"enemies":"Transient","floor":41,"turns":5},{"damage":0,"enemies":"Spire Growth","floor":44,"turns":3},{"damage":0,"enemies":"Maw","floor":45,"turns":7},{"damage":0,"enemies":"Flame Bruiser 2 Orb","floor":47,"turns":5},{"damage":90,"enemies":"Donu and Deca","floor":50,"turns":13}],"seed_played":"3632238731595659289","potions_obtained":[{"floor":3,"key":"Dexterity Potion"},{"floor":4,"key":"FearPotion"},{"floor":5,"key":"AttackPotion"},{"floor":12,"key":"EssenceOfSteel"},{"floor":22,"key":"Ancient Potion"},{"floor":25,"key":"Ancient Potion"},{"floor":39,"key":"Swift Potion"},{"floor":44,"key":"PowerPotion"}],"is_trial":false,"path_per_floor":["M","$","M","M","M","R","?","?","T","E","R","?","R","M","R","B",null,"M","?","?","$","M","R","M","M","T","E","R","M","?","M","R","B",null,"M","?","?","$","M","R","M","R","T","M","M","?","M","$","R"],"character_chosen":"THE_SILENT","items_purchased":["Apotheosis","Acrobatics","Tactician","Quick Slash"],"campfire_rested":2,"item_purchase_floors":[21,21,38,48],"current_hp_per_floor":[64,64,64,64,60,60,46,63,63,59,59,50,50,50,50,38,70,70,70,70,70,70,70,70,57,67,57,80,80,80,80,80,23,80,42,42,42,42,42,80,78,78,78,80,80,80,80,80,80,0],"gold":35,"neow_bonus":"ONE_RARE_RELIC","is_prod":false,"is_daily":false,"chose_seed":false,"campfire_upgraded":8,"win_rate":0,"timestamp":1534963909,"path_taken":["M","?","?","M","M","R","?","?","T","E","R","?","R","M","R","BOSS","M","?","?","$","M","R","?","M","T","E","R","M","?","M","R","BOSS","M","?","?","$","M","R","M","R","T","M","M","?","M","?","R","BOSS"],"build_version":"2018-08-16","purchased_purges":2,"victory":false,"max_hp_per_floor":[70,70,70,70,70,70,70,70,70,70,70,70,70,70,70,70,70,70,70,70,70,70,70,70,70,80,80,80,80,80,80,80,80,80,80,80,80,80,80,80,80,80,80,80,80,80,80,80,80,80],"card_choices":[{"not_picked":["Bane","Backflip"],"picked":"Quick Slash","floor":1},{"not_picked":["Blade Dance","Deadly Poison"],"picked":"Quick Slash","floor":3},{"not_picked":["Outmaneuver","Poisoned Stab"],"picked":"Quick Slash","floor":4},{"not_picked":["Dodge and Roll","Well Laid Plans"],"picked":"Predator","floor":5},{"not_picked":["Finisher","Catalyst"],"picked":"Unload","floor":10},{"not_picked":["Sucker Punch","Blade Dance","Deadly Poison"],"picked":"SKIP","floor":14},{"not_picked":["Night Terror","Die Die Die"],"picked":"Adrenaline","floor":16},{"not_picked":["Cloak And Dagger","Finisher","Dagger Spray"],"picked":"SKIP","floor":18},{"not_picked":["PiercingWail","Cloak And Dagger","Leg Sweep"],"picked":"SKIP","floor":22},{"not_picked":["Bane+1","Backstab"],"picked":"Heel Hook","floor":24},{"not_picked":["Eviscerate","Deflect"],"picked":"Prepared","floor":25},{"not_picked":["Finisher","Dagger Spray+1"],"picked":"Heel Hook","floor":27},{"not_picked":["Flying Knee","Quick Slash"],"picked":"Reflex","floor":29},{"not_picked":["Endless Agony+1","Setup"],"picked":"Dodge and Roll+1","floor":31},{"not_picked":["A Thousand Cuts","Envenom"],"picked":"Malaise","floor":33},{"not_picked":["Catalyst+1","Flying Knee","Noxious Fumes+1"],"picked":"SKIP","floor":35},{"not_picked":["Deflect+1","Skewer+1","Choke"],"picked":"SKIP","floor":39},{"not_picked":["Choke+1","Deflect"],"picked":"Quick Slash","floor":41},{"not_picked":["Blade Dance+1","Bullet Time","Deadly Poison+1"],"picked":"SKIP","floor":44},{"not_picked":["Deadly Poison+1","Deflect+1"],"picked":"Blur","floor":45},{"not_picked":["Outmaneuver+1","Escape Plan"],"picked":"Acrobatics","floor":47}],"player_experience":128823,"relics_obtained":[{"floor":9,"key":"Happy Flower"},{"floor":10,"key":"Dodecahedron"},{"floor":26,"key":"Pear"},{"floor":27,"key":"Bag of Preparation"},{"floor":34,"key":"Regal Pillow"},{"floor":34,"key":"Ninja Scroll"},{"floor":34,"key":"Sundial"},{"floor":43,"key":"Blue Candle"}],"event_choices":[{"event_name":"Shining Light","player_choice":"Entered Light","floor":7,"damage_taken":0},{"event_name":"Mushrooms","player_choice":"Healed and dodged fight","floor":8,"damage_taken":0},{"event_name":"Dead Adventurer","player_choice":"Searched \u00272\u0027 times","floor":12,"damage_taken":0},{"event_name":"Transmorgrifier","player_choice":"Transform","floor":19,"damage_taken":0},{"event_name":"Ghosts","player_choice":"Ignored","floor":20,"damage_taken":0},{"event_name":"WeMeetAgain","player_choice":"Gold","floor":30,"damage_taken":0},{"event_name":"Transmorgrifier","player_choice":"Transform","floor":36,"damage_taken":0},{"event_name":"Falling","player_choice":"Removed Power","floor":37,"damage_taken":0},{"event_name":"Purifier","player_choice":"One Purge","floor":46,"damage_taken":0}],"is_beta":false,"boss_relics":[{"not_picked":["Lizard Tail","Tiny House"],"picked":"Runic Dome"},{"not_picked":["Ring of the Serpent","Eternal Feather"],"picked":"Calling Bell"}],"items_purged_floors":[2,38],"is_endless":false,"potions_floor_spawned":[3,4,5,12,22,25,39,44],"killed_by":"Donu and Deca","ascension_level":0}