{"gold_per_floor":[118,132,147,147,159,193,206,56,56,74,74,105,105,105,105,203,203,218,293,312,324,341,341,256,256,256,256,282,282,301,47,47,146,146,162,175,275,290,303,303,303,333,345,375,387,425,437,52,52,52],"floor_reached":51,"playtime":11576,"items_purged":["Strike_R","Strike_R","Strike_R"],"score":787,"play_id":"777ba2f4-051d-45c6-9b1b-e1fd16176329","local_time":"20190127115802","is_ascension_mode":false,"campfire_choices":[{"floor":11.0,"key":"REST"},{"data":"Shockwave","floor":13.0,"key":"SMITH"},{"data":"Warcry","floor":15.0,"key":"SMITH"},{"data":"Barricade","floor":23.0,"key":"SMITH"},{"data":"Juggernaut","floor":25.0,"key":"SMITH"},{"data":"Rampage","floor":27.0,"key":"SMITH"},{"floor":32,"key":"REST"},{"data":"Body Slam","floor":40,"key":"SMITH"},{"data":"Rage","floor":47,"key":"SMITH"},{"floor":49,"key":"REST"}],"neow_cost":"NONE","seed_source_timestamp":0,"circlet_count":0,"master_deck":["Strike_R+1","Defend_R","Defend_R","Defend_R","Defend_R","Bash","Shockwave+1","Iron Wave","Barricade+1","Warcry+1","Feel No Pain","Iron Wave","Juggernaut+1","Impervious","Shrug It Off","Whirlwind+1","Rage+1","Body Slam+1","Brutality+1","Headbutt","Battle Trance+1","Shrug It Off+1","Metallicize+1","Armaments+1"],"special_seed":0,"relics":["Burning Blood","Letter Opener","Question Card","Bottled Lightning","Self Forming Clay","Busted Crown","Omamori","Frozen Egg 2","Whetstone","Oddly Smooth Stone","Velvet Choker","Thread and Needle","MawBank","Shuriken","Happy Flower","Lantern"],"potions_floor_usage":[39,39,42,50],"damage_taken":[{"damage":12.0,"enemies":"2 Louse","floor":1.0,"turns":3.0},{"damage":3.0,"enemies":"Small Slimes","floor":2.0,"turns":3.0},{"damage":4.0,"enemies":"Cultist","floor":3.0,"turns":3.0},{"damage":7.0,"enemies":"Looter","floor":5.0,"turns":4.0},{"damage":39.0,"enemies":"3 Sentries","floor":6.0,"turns":7.0},{"damage":13.0,"enemies":"Large Slime","floor":7.0,"turns":6.0},{"damage":16.0,"enemies":"Exordium Thugs","floor":10.0,"turns":7.0},{"damage":15.0,"enemies":"Gremlin Nob","floor":12.0,"turns":4.0},{"damage":42.0,"enemies":"Slime Boss","floor":16.0,"turns":12.0},{"damage":11.0,"enemies":"Shell Parasite","floor":18.0,"turns":6.0},{"damage":10.0,"enemies":"Chosen","floor":20.0,"turns":6.0},{"damage":6.0,"enemies":"Snake Plant","floor":21.0,"turns":5.0},{"damage":3.0,"enemies":"Shelled Parasite and Fungi","floor":22.0,"turns":6.0},{"damage":37.0,"enemies":"Gremlin Leader","floor":28.0,"turns":9.0},{"damage":8,"enemies":"Centurion and Healer","floor":30,"turns":4},{"damage":21,"enemies":"Collector","floor":33,"turns":9},{"damage":4,"enemies":"3 Darklings","floor":35,"turns":5},{"damage":9,"enemies":"Orb Walker","floor":36,"turns":3},{"damage":5,"enemies":"Mind Bloom Boss Battle","floor":37,"turns":6},{"damage":17,"enemies":"Transient","floor":38,"turns":5},{"damage":17,"enemies":"3 Darklings","floor":39,"turns":4},{"damage":20,"enemies":"Reptomancer","floor":42,"turns":4},{"damage":4,"enemies":"Writhing Mass","floor":44,"turns":4},{"damage":4,"enemies":"Nemesis","floor":46,"turns":5},{"damage":6,"enemies":"Time Eater","floor":50,"turns":7}],"seed_played":"-8646838240338199013","potions_obtained":[{"floor":2.0,"key":"GamblersBrew"},{"floor":3.0,"key":"PowerPotion"},{"floor":6.0,"key":"AttackPotion"},{"floor":7.0,"key":"Ancient Potion"},{"floor":18.0,"key":"Dexterity Potion"},{"floor":21.0,"key":"Energy Potion"},{"floor":33,"key":"Explosive Potion"},{"floor":37,"key":"Energy Potion"},{"floor":38,"key":"Weak Potion"},{"floor":44,"key":"Fire Potion"},{"floor":46,"key":"SneckoOil"}],"is_trial":false,"path_per_floor":["M","M","M","?","M","E","M","$","T","M","R","E","R","?","R","B",null,"M","?","M","M","M","R","?","R","T","R","E","?","M","$","R","B",null,"M","M","?","M","M","R","?","E","T","M","?","E","R","$","R","B",null],"character_chosen":"IRONCLAD","items_purchased":["Feel No Pain","Oddly Smooth Stone","Energy Potion","Lantern","Regen Potion"],"campfire_rested":3,"item_purchase_floors":[8,31,48,48,48],"current_hp_per_floor":[82,85,87,80,79,46,39,39,39,29,55,46,46,46,46,10,88,83,75,71,71,74,74,74,74,74,74,43,43,41,41,67,52,88,88,85,86,75,64,64,86,72,72,74,74,76,76,76,88,88],"gold":52,"neow_bonus":"TEN_PERCENT_HP_BONUS","is_prod":false,"is_daily":false,"chose_seed":false,"campfire_upgraded":7,"win_rate":0.0,"timestamp":1548590282,"path_taken":["M","M","M","?","M","E","M","$","T","M","R","E","R","?","R","BOSS","M","?","M","M","?","R","?","R","T","R","E","?","M","$","R","BOSS","M","M","?","M","M","R","?","E","T","M","?","E","R","$","R","BOSS"],"build_version":"2019-01-23","purchased_purges":3,"victory":true,"max_hp_per_floor":[88,88,88,88,88,88,88,88,88,88,88,88,88,88,88,88,88,88,88,88,88,88,88,88,88,88,88,88,88,88,88,88,88,88,88,88,88,88,88,88,88,88,88,88,88,88,88,88,88,88],"card_choices":[{"not_picked":["Anger","Heavy Blade"],"picked":"Shockwave","floor":1.0},{"not_picked":["Wild Strike","Searing Blow"],"picked":"Rampage","floor":2.0},{"not_picked":["Ghostly Armor","Clothesline"],"picked":"Iron Wave","floor":3.0},{"not_picked":["Infernal Blade","Thunderclap","Fire Breathing"],"picked":"SKIP","floor":5.0},{"not_picked":["Infernal Blade","Thunderclap","Fire Breathing"],"picked":"SKIP","floor":5.0},{"not_picked":["True Grit","Perfected Strike"],"picked":"Barricade","floor":6.0},{"not_picked":["Hemokinesis","Infernal Blade","Havoc"],"picked":"Warcry","floor":7.0},{"not_picked":["Burning Pact","Metallicize","Heavy Blade"],"picked":"Iron Wave","floor":10.0},{"not_picked":["Headbutt","Perfected Strike","Sword Boomerang"],"picked":"Juggernaut","floor":12.0},{"not_picked":["Reaper","Fiend Fire","Dark Embrace"],"picked":"Impervious","floor":16.0},{"not_picked":["Heavy Blade"],"picked":"Shrug It Off","floor":18.0},{"not_picked":["Twin Strike","Combust"],"picked":"SKIP","floor":20.0},{"not_picked":["Cleave"],"picked":"Whirlwind","floor":21.0},{"not_picked":["Dual Wield"],"picked":"Rage","floor":22.0},{"not_picked":["Twin Strike","Clothesline"],"picked":"SKIP","floor":28},{"not_picked":["Carnage+1"],"picked":"Body Slam","floor":30},{"not_picked":["Barricade+1"],"picked":"Brutality+1","floor":33},{"not_picked":["Corruption+1"],"picked":"Headbutt","floor":35},{"not_picked":["Havoc+1"],"picked":"Battle Trance+1","floor":36},{"not_picked":["Wild Strike+1"],"picked":"Shrug It Off+1","floor":37},{"not_picked":["Sever Soul+1","Thunderclap"],"picked":"SKIP","floor":38},{"not_picked":["Havoc","Corruption+1"],"picked":"SKIP","floor":39},{"not_picked":["Shrug It Off+1"],"picked":"Metallicize+1","floor":42},{"not_picked":["Rampage"],"picked":"Armaments+1","floor":44},{"not_picked":["Pummel","Fiend Fire"],"picked":"SKIP","floor":46}],"player_experience":100869,"relics_obtained":[{"floor":6.0,"key":"Question Card"},{"floor":9.0,"key":"Bottled Lightning"},{"floor":12.0,"key":"Self Forming Clay"},{"floor":26.0,"key":"Frozen Egg 2"},{"floor":28,"key":"Whetstone"},{"floor":37,"key":"Thread and Needle"},{"floor":42,"key":"MawBank"},{"floor":43,"key":"Shuriken"},{"floor":46,"key":"Happy Flower"}],"event_choices":[{"damage_healed":0.0,"max_hp_gain":0.0,"max_hp_loss":0.0,"gold_gain":0.0,"event_name":"Scrap Ooze","player_choice":"Success","floor":4.0,"gold_loss":0.0,"damage_taken":7.0,"relics_obtained":["Letter Opener"]},{"cards_removed":["Strike_R"],"damage_healed":0.0,"max_hp_gain":0.0,"max_hp_loss":0.0,"gold_gain":0.0,"event_name":"Living Wall","player_choice":"Forget","floor":14.0,"gold_loss":0.0,"damage_taken":0.0},{"damage_healed":0.0,"max_hp_gain":0.0,"max_hp_loss":0.0,"gold_gain":75.0,"event_name":"FaceTrader","player_choice":"Touch","floor":19.0,"gold_loss":0.0,"damage_taken":8.0},{"damage_healed":0.0,"max_hp_gain":0.0,"max_hp_loss":0.0,"gold_gain":0.0,"event_name":"Addict","player_choice":"Obtained Relic","floor":24.0,"gold_loss":85.0,"damage_taken":0.0,"relics_obtained":["Omamori"]},{"damage_healed":0,"gold_gain":0,"player_choice":"Ignored","damage_taken":0,"max_hp_gain":0,"max_hp_loss":0,"event_name":"Ghosts","floor":29,"gold_loss":0},{"damage_healed":0,"gold_gain":0,"player_choice":"Fight","damage_taken":0,"max_hp_gain":0,"max_hp_loss":0,"event_name":"MindBloom","floor":37,"gold_loss":0},{"damage_healed":22,"gold_gain":0,"player_choice":"Writhe","damage_taken":0,"max_hp_gain":0,"max_hp_loss":0,"event_name":"Winding Halls","floor":41,"gold_loss":0,"cards_obtained":["Writhe"]},{"cards_removed":["Rampage"],"damage_healed":0,"gold_gain":0,"player_choice":"Removed Attack","damage_taken":0,"max_hp_gain":0,"max_hp_loss":0,"event_name":"Falling","floor":45,"gold_loss":0}],"is_beta":false,"boss_relics":[{"not_picked":["Lizard Tail","Calling Bell"],"picked":"Busted Crown"},{"not_picked":["Runic Pyramid","Coffee Dripper"],"picked":"Velvet Choker"}],"items_purged_floors":[8,31,48],"is_endless":false,"potions_floor_spawned":[2,3,6,7,18,21,33,37,38,44,46],"ascension_level":0}