{"gold_per_floor":[367,367,385,41,57,101,101,124,197,241,265,265],"floor_reached":12,"playtime":709,"items_purged":["Pain"],"score":104,"play_id":"14c430a1-cc78-42f1-a07e-d8c39002841f","local_time":"20181010001811","is_ascension_mode":true,"campfire_choices":[{"data":"Demon Form","floor":7,"key":"SMITH"}],"neow_cost":"CURSE","seed_source_timestamp":294106020997993,"circlet_count":0,"master_deck":["Strike_R","Strike_R","Strike_R","Strike_R","Strike_R","Defend_R","Defend_R","Defend_R","Defend_R","Bash","Thunderclap","Heavy Blade","Inflame","Shockwave","Demon Form+1","Iron Wave","Offering","Armaments"],"relics":["Burning Blood","Golden Idol","TheAbacus","Thread and Needle","Question Card","Centennial Puzzle"],"potions_floor_usage":[10,12],"damage_taken":[{"damage":14,"enemies":"Jaw Worm","floor":1,"turns":4},{"damage":6,"enemies":"2 Louse","floor":3,"turns":2},{"damage":1,"enemies":"Cultist","floor":5,"turns":3},{"damage":26,"enemies":"Gremlin Nob","floor":6,"turns":4},{"damage":0,"enemies":"Large Slime","floor":8,"turns":5},{"damage":13,"enemies":"3 Sentries","floor":10,"turns":5},{"damage":6,"enemies":"Exordium Wildlife","floor":11,"turns":2},{"damage":43,"enemies":"Gremlin Nob","floor":12,"turns":3}],"seed_played":"-3177275358255558399","potions_obtained":[{"floor":3,"key":"Poison Potion"},{"floor":6,"key":"Swift Potion"},{"floor":8,"key":"LiquidBronze"},{"floor":10,"key":"PowerPotion"}],"is_trial":false,"path_per_floor":["M","?","M","$","M","E","R","M","T","E","M"],"character_chosen":"IRONCLAD","items_purchased":["Inflame","TheAbacus"],"campfire_rested":0,"item_purchase_floors":[4,4],"current_hp_per_floor":[72,52,52,52,57,37,37,43,43,36,36,0],"gold":265,"neow_bonus":"TWO_FIFTY_GOLD","is_prod":false,"is_daily":false,"chose_seed":false,"campfire_upgraded":1,"win_rate":0,"timestamp":1539155891,"path_taken":["M","?","M","$","M","E","R","M","T","E","M","E"],"build_version":"2018-10-04v2","purchased_purges":1,"victory":false,"max_hp_per_floor":[80,80,80,80,80,80,80,80,80,80,80,80],"card_choices":[{"not_picked":["Clothesline","Clash"],"picked":"Thunderclap","floor":1},{"not_picked":["Armaments","Clash"],"picked":"Heavy Blade","floor":3},{"not_picked":["Clash","Impervious"],"picked":"Shockwave","floor":5},{"not_picked":["Havoc","Flex"],"picked":"Demon Form","floor":6},{"not_picked":["Burning Pact","Thunderclap"],"picked":"Iron Wave","floor":8},{"not_picked":["Rage","Combust","Double Tap"],"picked":"Offering","floor":10},{"not_picked":["Flex","Rage","True Grit"],"picked":"Armaments","floor":11}],"player_experience":219962,"relics_obtained":[{"floor":6,"key":"Thread and Needle"},{"floor":9,"key":"Question Card"},{"floor":10,"key":"Centennial Puzzle"}],"event_choices":[{"event_name":"Golden Idol","player_choice":"Take Damage","floor":2,"damage_taken":0}],"is_beta":false,"boss_relics":[],"items_purged_floors":[4],"is_endless":false,"potions_floor_spawned":[3,6,8,10],"killed_by":"Gremlin Nob","ascension_level":3}