{"gold_per_floor":[18,29,41,41,6,6,34,34,60,78,22,42,22],"floor_reached":13,"playtime":401,"items_purged":[],"score":170,"play_id":"763a4ad8-f0a9-4f49-a431-9d72650f698a","local_time":"20190224182837","is_ascension_mode":true,"campfire_choices":[{"data":"Zap","floor":6,"key":"SMITH"},{"data":"Darkness","floor":8,"key":"SMITH"}],"neow_cost":"NO_GOLD","seed_source_timestamp":1586086739380000,"circlet_count":0,"master_deck":["AscendersBane","Strike_B","Strike_B","Strike_B","Strike_B","Defend_B","Defend_B","Defend_B","Defend_B","Zap+1","Dualcast","Sweeping Beam","Darkness+1","Conserve Battery","Capacitor","Cold Snap","Gash","White Noise"],"relics":["Cracked Core","Smiling Mask","Du-Vu Doll","Art of War"],"potions_floor_usage":[],"damage_taken":[{"damage":10,"enemies":"Small Slimes","floor":1,"turns":3},{"damage":3,"enemies":"2 Louse","floor":2,"turns":3},{"damage":4,"enemies":"Jaw Worm","floor":3,"turns":5},{"damage":30,"enemies":"Lagavulin","floor":7,"turns":8},{"damage":13,"enemies":"3 Louse","floor":10,"turns":4},{"damage":7,"enemies":"Large Slime","floor":12,"turns":6},{"damage":6,"enemies":"Looter","floor":13,"turns":1}],"seed_played":"3001509481341787653","potions_obtained":[{"floor":2,"key":"Energy Potion"},{"floor":7,"key":"GamblersBrew"}],"is_trial":false,"path_per_floor":["M","M","M","?","?","R","E","R","T","M","$","M","M"],"character_chosen":"DEFECT","items_purchased":["Gash"],"campfire_rested":0,"item_purchase_floors":[11],"current_hp_per_floor":[68,65,61,35,56,56,26,26,26,13,13,6,0],"gold":22,"neow_bonus":"TWENTY_PERCENT_HP_BONUS","is_prod":false,"is_daily":false,"chose_seed":false,"campfire_upgraded":2,"win_rate":0,"timestamp":1551061717,"path_taken":["M","M","M","?","?","R","E","R","T","M","?","M","M"],"build_version":"2019-01-23","purchased_purges":0,"victory":false,"max_hp_per_floor":[85,85,85,85,85,85,85,85,85,85,85,85,85],"card_choices":[{"not_picked":["Scrape","Coolheaded"],"picked":"Sweeping Beam","floor":1},{"not_picked":["Leap","Recycle"],"picked":"Darkness","floor":2},{"not_picked":["Cold Snap","Coolheaded"],"picked":"Conserve Battery","floor":3},{"not_picked":["Static Discharge","Reinforced Body"],"picked":"Capacitor","floor":7},{"not_picked":["Rebound","Fusion"],"picked":"Cold Snap","floor":10},{"not_picked":["Rebound","Hologram"],"picked":"White Noise","floor":12}],"player_experience":766643,"relics_obtained":[{"floor":7,"key":"Du-Vu Doll"},{"floor":9,"key":"Art of War"}],"event_choices":[{"damage_healed":0,"gold_gain":0,"player_choice":"Success","damage_taken":26,"relics_obtained":["Smiling Mask"],"max_hp_gain":0,"max_hp_loss":0,"event_name":"Scrap Ooze","floor":4,"gold_loss":0},{"damage_healed":21,"gold_gain":0,"player_choice":"Healed","damage_taken":0,"max_hp_gain":0,"max_hp_loss":0,"event_name":"The Cleric","floor":5,"gold_loss":35}],"is_beta":false,"boss_relics":[],"items_purged_floors":[],"is_endless":false,"potions_floor_spawned":[2,7],"killed_by":"Looter","ascension_level":20}