{"gold_per_floor":[118,118,118,132,152,178,191,218,218,218,232,24,42,73,73,146,146,157,3,3,13,13],"floor_reached":22,"playtime":1180,"items_purged":[],"score":492,"play_id":"4e85a37e-ee16-4959-b02a-aecbaa974c1e","local_time":"20190114210241","is_ascension_mode":true,"campfire_choices":[{"data":"Electrodynamics","floor":10,"key":"SMITH"},{"data":"White Noise","floor":15,"key":"SMITH"}],"neow_cost":"NONE","seed_source_timestamp":361907217591400,"circlet_count":0,"master_deck":["AscendersBane","Strike_B","Strike_B","Strike_B","Strike_B","Defend_B","Defend_B","Defend_B","Defend_B","Zap+1","Dualcast","White Noise+1","Gash","Coolheaded","Static Discharge","Gash","Electrodynamics+1","Gash","Hologram","Electrodynamics","Reboot","FTL+1"],"relics":["Cracked Core","NeowsBlessing","Meat on the Bone","Strawberry","Strange Spoon","Darkstone Periapt","Sozu","Bag of Preparation","Nloth\u0027s Gift"],"potions_floor_usage":[14,22],"damage_taken":[{"damage":0,"enemies":"Jaw Worm","floor":1,"turns":1},{"damage":0,"enemies":"2 Louse","floor":4,"turns":1},{"damage":0,"enemies":"Small Slimes","floor":5,"turns":1},{"damage":35,"enemies":"3 Sentries","floor":6,"turns":10},{"damage":5,"enemies":"Exordium Thugs","floor":7,"turns":5},{"damage":0,"enemies":"Lagavulin","floor":8,"turns":8},{"damage":10,"enemies":"Exordium Wildlife","floor":11,"turns":3},{"damage":0,"enemies":"Lots of Slimes","floor":13,"turns":1},{"damage":8,"enemies":"3 Sentries","floor":14,"turns":2},{"damage":0,"enemies":"Slime Boss","floor":16,"turns":6},{"damage":7,"enemies":"Chosen","floor":18,"turns":5},{"damage":22,"enemies":"2 Thieves","floor":21,"turns":2},{"damage":48,"enemies":"Snecko","floor":22,"turns":6}],"seed_played":"-9077000730221908785","potions_obtained":[{"floor":1,"key":"Ancient Potion"},{"floor":6,"key":"Fire Potion"},{"floor":8,"key":"PowerPotion"},{"floor":14,"key":"GamblersBrew"}],"is_trial":false,"path_per_floor":["M","?","?","M","M","E","M","E","T","R","M","$","M","E","R","B",null,"M","$","?","M","M"],"character_chosen":"DEFECT","items_purchased":["Strange Spoon","Bag of Preparation"],"campfire_rested":0,"item_purchase_floors":[12,19],"current_hp_per_floor":[64,69,69,69,69,34,41,41,48,48,50,50,50,42,42,42,73,66,66,66,44,0],"gold":13,"neow_bonus":"THREE_ENEMY_KILL","is_prod":false,"is_daily":false,"chose_seed":false,"campfire_upgraded":2,"win_rate":0,"timestamp":1547528561,"path_taken":["M","?","?","M","M","E","M","E","T","R","M","$","M","E","R","BOSS","M","$","?","M","M"],"build_version":"2019-01-10","purchased_purges":0,"victory":false,"max_hp_per_floor":[71,76,76,76,76,76,76,76,83,83,83,83,83,83,83,83,83,83,83,83,83,83],"card_choices":[{"not_picked":["Sweeping Beam","Stack"],"picked":"White Noise","floor":1},{"not_picked":["Rip and Tear","Stack"],"picked":"Gash","floor":4},{"not_picked":["Reinforced Body","Leap"],"picked":"Coolheaded","floor":5},{"not_picked":["Rip and Tear","Rainbow"],"picked":"Static Discharge","floor":6},{"not_picked":["Sweeping Beam","Turbo"],"picked":"Gash","floor":7},{"not_picked":["Leap","Rip and Tear"],"picked":"Electrodynamics","floor":8},{"not_picked":["Sweeping Beam","Scrape"],"picked":"Gash","floor":11},{"not_picked":["Sweeping Beam","Steam"],"picked":"Hologram","floor":13},{"not_picked":["Cold Snap","Heatsinks"],"picked":"Electrodynamics","floor":14},{"not_picked":["Machine Learning","Electrodynamics"],"picked":"Reboot","floor":16},{"not_picked":["Skim","Steam Power"],"picked":"FTL+1","floor":18},{"not_picked":["Rebound","Go for the Eyes","Fusion"],"picked":"SKIP","floor":21}],"player_experience":472357,"relics_obtained":[{"floor":6,"key":"Meat on the Bone"},{"floor":8,"key":"Centennial Puzzle"},{"floor":9,"key":"Strawberry"},{"floor":14,"key":"Darkstone Periapt"}],"event_choices":[{"damage_healed":0,"gold_gain":0,"player_choice":"Donut","damage_taken":0,"max_hp_gain":5,"max_hp_loss":0,"event_name":"Big Fish","floor":2,"gold_loss":0},{"damage_healed":0,"gold_gain":0,"player_choice":"Grow","damage_taken":0,"max_hp_gain":0,"max_hp_loss":0,"event_name":"Living Wall","floor":3,"gold_loss":0,"cards_upgraded":["Zap"]},{"damage_healed":0,"gold_gain":0,"player_choice":"Traded Relic","damage_taken":0,"relics_obtained":["Nloth\u0027s Gift"],"max_hp_gain":0,"max_hp_loss":0,"event_name":"N\u0027loth","floor":20,"relics_lost":["Centennial Puzzle"],"gold_loss":0}],"is_beta":false,"boss_relics":[{"not_picked":["Coffee Dripper","White Beast Statue"],"picked":"Sozu"}],"items_purged_floors":[],"is_endless":false,"potions_floor_spawned":[1,6,8,13,14,21],"killed_by":"Snecko","ascension_level":15}