{"gold_per_floor":[117,127,127,52,62,62,95,95,95,120,131,147,164,191,191,270,270,287,314,325,325,343,370,37,37,64,64,75,104,104,132,132,208,208,220,232,182,192,1,34,46,79,128,31,131,184,198,225,225,225,225,225,0,28,28],"floor_reached":56,"playtime":4809,"items_purged":["Defend_R","Anger","Defend_R","Defend_R"],"score":2299,"play_id":"9d583c1b-3c98-4a5b-8de9-85ed341c7efc","local_time":"20190225223324","is_ascension_mode":true,"campfire_choices":[{"data":"Cleave","floor":6.0,"key":"SMITH"},{"data":"Bash","floor":8.0,"key":"SMITH"},{"data":"Armaments","floor":15.0,"key":"SMITH"},{"floor":25.0,"key":"REST"},{"data":"Offering","floor":27.0,"key":"SMITH"},{"data":"Fiend Fire","floor":30.0,"key":"SMITH"},{"data":"Double Tap","floor":32.0,"key":"SMITH"},{"floor":49,"key":"RECALL"},{"data":"Sentinel","floor":52,"key":"SMITH"}],"neow_cost":"PERCENT_DAMAGE","seed_source_timestamp":168072066656526,"circlet_count":0,"master_deck":["AscendersBane","Strike_R+1","Bash+1","Cleave+1","Carnage+1","Iron Wave+1","Reckless Charge+1","Armaments+1","Fiend Fire+1","Offering+1","Shockwave","Sword Boomerang","Reckless Charge","Sentinel+1","Rampage","Double Tap+1","Inflame+1","Shrug It Off","Shrug It Off","Shockwave","Intimidate","Headbutt+1","Shrug It Off","Dropkick","Flex+1","Seeing Red+1"],"special_seed":0,"relics":["Burning Blood","Singing Bowl","Lantern","Shuriken","Smiling Mask","Busted Crown","Red Mask","Strawberry","Dead Branch","Bird Faced Urn","FossilizedHelix","Runic Pyramid","Whetstone","The Courier","Bag of Preparation","Nunchaku","Oddly Smooth Stone","Toxic Egg 2","Bronze Scales","Ginger"],"potions_floor_usage":[33,55],"damage_taken":[{"damage":4.0,"enemies":"2 Louse","floor":1.0,"turns":5.0},{"damage":11.0,"enemies":"Small Slimes","floor":2.0,"turns":4.0},{"damage":7.0,"enemies":"Jaw Worm","floor":5.0,"turns":2.0},{"damage":10.0,"enemies":"Lagavulin","floor":7.0,"turns":6.0},{"damage":10.0,"enemies":"3 Sentries","floor":10.0,"turns":6.0},{"damage":2.0,"enemies":"Gremlin Gang","floor":11.0,"turns":3.0},{"damage":4.0,"enemies":"Red Slaver","floor":12.0,"turns":2.0},{"damage":1.0,"enemies":"Large Slime","floor":13.0,"turns":5.0},{"damage":15.0,"enemies":"Lagavulin","floor":14.0,"turns":5.0},{"damage":18.0,"enemies":"Slime Boss","floor":16.0,"turns":9.0},{"damage":6.0,"enemies":"Chosen","floor":18.0,"turns":2.0},{"damage":6.0,"enemies":"Masked Bandits","floor":19.0,"turns":3.0},{"damage":6.0,"enemies":"3 Byrds","floor":20.0,"turns":3.0},{"damage":30.0,"enemies":"Snake Plant","floor":22.0,"turns":4.0},{"damage":34.0,"enemies":"Book of Stabbing","floor":23.0,"turns":4.0},{"damage":6.0,"enemies":"Sentry and Sphere","floor":28.0,"turns":2.0},{"damage":30.0,"enemies":"Slavers","floor":29.0,"turns":4.0},{"damage":11.0,"enemies":"Book of Stabbing","floor":31.0,"turns":2.0},{"damage":19,"enemies":"Automaton","floor":33,"turns":6},{"damage":0,"enemies":"3 Shapes","floor":35,"turns":2},{"damage":6,"enemies":"3 Darklings","floor":36,"turns":2},{"damage":12,"enemies":"Jaw Worm Horde","floor":38,"turns":3},{"damage":0,"enemies":"Nemesis","floor":40,"turns":1},{"damage":14,"enemies":"Maw","floor":41,"turns":4},{"damage":35,"enemies":"Reptomancer","floor":42,"turns":3},{"damage":0,"enemies":"Mind Bloom Boss Battle","floor":45,"turns":2},{"damage":4,"enemies":"Writhing Mass","floor":47,"turns":3},{"damage":6,"enemies":"Giant Head","floor":48,"turns":4},{"damage":59,"enemies":"Awakened One","floor":50,"turns":4},{"damage":6,"enemies":"Shield and Spear","floor":54,"turns":2},{"damage":74,"enemies":"The Heart","floor":55,"turns":6}],"seed_played":"5509398780532517712","potions_obtained":[{"floor":1.0,"key":"Weak Potion"},{"floor":10.0,"key":"Weak Potion"},{"floor":12.0,"key":"SkillPotion"},{"floor":14.0,"key":"Weak Potion"},{"floor":18.0,"key":"BloodPotion"},{"floor":22.0,"key":"Energy Potion"},{"floor":23.0,"key":"Explosive Potion"},{"floor":31.0,"key":"SpeedPotion"},{"floor":38,"key":"SmokeBomb"},{"floor":41,"key":"GamblersBrew"}],"is_trial":false,"path_per_floor":["M","M","?","?","M","R","E","R","T","E","M","M","M","E","R","B",null,"M","?","M","?","M","E","$","R","T","R","M","E","R","E","R","B",null,"M","M","$","M","$","E","M","E","T","$","?","T","M","E","R","B",null,"R","$","E","B",null],"character_chosen":"IRONCLAD","items_purchased":["Dead Branch","Shrug It Off","Shockwave","Shrug It Off","Bronze Scales","Flex+1"],"campfire_rested":1,"item_purchase_floors":[24,39,39,44,53,53],"current_hp_per_floor":[52,47,24,24,23,23,21,21,21,17,21,23,30,21,21,9,62,62,71,71,71,47,28,28,55,55,55,57,35,35,32,32,21,77,83,85,85,83,83,97,95,68,68,68,80,80,86,90,90,43,89,89,89,93,33],"gold":28,"neow_bonus":"REMOVE_TWO","is_prod":false,"is_daily":false,"chose_seed":false,"campfire_upgraded":7,"win_rate":0,"timestamp":1551152004,"path_taken":["M","M","?","?","M","R","E","R","T","E","M","M","M","E","R","BOSS","M","?","M","?","?","E","$","R","T","R","M","E","R","E","R","BOSS","M","?","$","M","?","E","M","E","T","$","?","?","?","E","R","BOSS","R","$","E","BOSS"],"build_version":"2019-01-23","purchased_purges":4,"victory":true,"max_hp_per_floor":[75,75,75,75,75,75,77,77,77,77,77,77,79,79,79,79,79,79,81,81,81,81,90,90,90,90,90,92,94,94,94,94,96,96,96,96,96,98,98,100,100,100,100,100,100,100,102,104,104,104,104,104,104,104,104],"card_choices":[{"not_picked":["Spot Weakness","Armaments"],"picked":"Cleave","floor":1.0},{"not_picked":["Clothesline","Clash"],"picked":"Carnage","floor":2.0},{"not_picked":["Perfected Strike","Flex"],"picked":"Iron Wave","floor":5.0},{"not_picked":["Havoc","Sword Boomerang","Dual Wield"],"picked":"Singing Bowl","floor":7.0},{"not_picked":["Juggernaut","Flex"],"picked":"Anger","floor":10.0},{"not_picked":["Perfected Strike","Iron Wave"],"picked":"Reckless Charge","floor":11.0},{"not_picked":["Clash","Shockwave"],"picked":"Armaments","floor":12.0},{"not_picked":["Headbutt","Bloodletting","Thunderclap"],"picked":"Singing Bowl","floor":13.0},{"not_picked":["Body Slam","Clothesline"],"picked":"Fiend Fire","floor":14.0},{"not_picked":["Demon Form","Juggernaut"],"picked":"Offering","floor":16.0},{"not_picked":[],"picked":"Shockwave","floor":18.0},{"not_picked":["Perfected Strike"],"picked":"Singing Bowl","floor":19.0},{"not_picked":[],"picked":"Sword Boomerang","floor":20.0},{"not_picked":[],"picked":"Rampage","floor":22.0},{"not_picked":["Seeing Red"],"picked":"Singing Bowl","floor":23.0},{"not_picked":["Flex"],"picked":"Singing Bowl","floor":28.0},{"not_picked":["Armaments"],"picked":"Singing Bowl","floor":29.0},{"not_picked":[],"picked":"Double Tap","floor":31.0},{"not_picked":["Berserk"],"picked":"Singing Bowl","floor":33},{"not_picked":[],"picked":"Inflame+1","floor":35},{"not_picked":[],"picked":"Shrug It Off","floor":36},{"not_picked":["Warcry"],"picked":"Singing Bowl","floor":38},{"not_picked":["Combust"],"picked":"Singing Bowl","floor":40},{"not_picked":[],"picked":"Intimidate","floor":41},{"not_picked":[],"picked":"Headbutt+1","floor":42},{"not_picked":[],"picked":"Dropkick","floor":45},{"not_picked":["Thunderclap"],"picked":"Singing Bowl","floor":47},{"not_picked":["Rampage"],"picked":"Singing Bowl","floor":48},{"not_picked":[],"picked":"Seeing Red+1","floor":54}],"player_experience":561264,"relics_obtained":[{"floor":7.0,"key":"Singing Bowl"},{"floor":9.0,"key":"Lantern"},{"floor":10.0,"key":"Shuriken"},{"floor":14.0,"key":"Smiling Mask"},{"floor":19.0,"key":"Red Mask"},{"floor":23.0,"key":"Strawberry"},{"floor":29.0,"key":"Bird Faced Urn"},{"floor":31.0,"key":"FossilizedHelix"},{"floor":40,"key":"Whetstone"},{"floor":42,"key":"The Courier"},{"floor":43,"key":"Bag of Preparation"},{"floor":45,"key":"Nunchaku"},{"floor":46,"key":"Oddly Smooth Stone"},{"floor":48,"key":"Toxic Egg 2"},{"floor":54,"key":"Ginger"}],"event_choices":[{"damage_healed":0.0,"max_hp_gain":0.0,"max_hp_loss":0.0,"gold_gain":0.0,"event_name":"Shining Light","player_choice":"Entered Light","floor":3.0,"gold_loss":0.0,"damage_taken":23.0,"cards_upgraded":["Strike_R","Carnage"]},{"cards_removed":["Strike_R"],"damage_healed":0.0,"max_hp_gain":0.0,"max_hp_loss":0.0,"gold_gain":0.0,"event_name":"The Cleric","player_choice":"Card Removal","floor":4.0,"gold_loss":75.0,"damage_taken":0.0},{"damage_healed":0.0,"max_hp_gain":0.0,"max_hp_loss":0.0,"gold_gain":0.0,"event_name":"Masked Bandits","player_choice":"Fought Bandits","floor":19.0,"gold_loss":0.0,"damage_taken":0.0},{"damage_healed":0.0,"max_hp_gain":0.0,"max_hp_loss":0.0,"gold_gain":0.0,"cards_transformed":["Strike_R","Defend_R"],"event_name":"Drug Dealer","player_choice":"Became Test Subject","floor":21.0,"gold_loss":0.0,"damage_taken":0.0,"cards_obtained":["Reckless Charge","Sentinel"]},{"damage_healed":0,"gold_gain":0,"player_choice":"Fight","damage_taken":0,"max_hp_gain":0,"max_hp_loss":0,"event_name":"MindBloom","floor":45,"gold_loss":0}],"is_beta":false,"boss_relics":[{"not_picked":["White Beast Statue","Calling Bell"],"picked":"Busted Crown"},{"not_picked":["Lizard Tail","Orrery"],"picked":"Runic Pyramid"}],"items_purged_floors":[37,39,44,53],"is_endless":false,"potions_floor_spawned":[1,10,12,14,18,22,23,31,38,41,45],"ascension_level":18}