{"gold_per_floor":[110,127,127,127,141,173,173,15,15,25,45,45,45,77,77,149,149,167,67,67,47,65,96,96,112,112,125,138,138,169,181,181,255,255,274,289,70,70,86,86,112,130,207,224,224],"floor_reached":45,"playtime":2339,"items_purged":["Defend_B","Redo"],"score":1044,"play_id":"174ba5cd-d53b-4180-b032-5c565939d1e9","local_time":"20181104002746","is_ascension_mode":true,"campfire_choices":[{"floor":7,"key":"REST"},{"floor":13,"key":"REST"},{"floor":15,"key":"REST"},{"data":"Defragment","floor":24,"key":"SMITH"},{"data":"White Noise","floor":29,"key":"SMITH"},{"data":"Zap","floor":32,"key":"SMITH"},{"floor":40,"key":"REST"}],"neow_cost":"NONE","seed_source_timestamp":185955068819060,"circlet_count":0,"master_deck":["AscendersBane","Zap+1","Capacitor","Self Repair","Conserve Battery","BootSequence","Cold Snap","Go for the Eyes","Defragment+1","White Noise+1","Reboot+1","Go for the Eyes","Melter","Leap","Self Repair","Reinforced Body","Coolheaded+1","Defragment+1","Capacitor+1","Chill+1","Creative AI+1","Conserve Battery","Echo Form+1"],"relics":["Cracked Core","Orichalcum","Du-Vu Doll","Sundial","Anchor","Pandora\u0027s Box","Frozen Egg 2","Cables","Darkstone Periapt","Runic Dome","Medical Kit","War Paint","Question Card"],"potions_floor_usage":[6,16,22,23,25,33,36,45],"damage_taken":[{"damage":6,"enemies":"2 Louse","floor":1,"turns":3},{"damage":7,"enemies":"Jaw Worm","floor":2,"turns":4},{"damage":6,"enemies":"Cultist","floor":5,"turns":4},{"damage":40,"enemies":"Lagavulin","floor":6,"turns":8},{"damage":4,"enemies":"Blue Slaver","floor":10,"turns":3},{"damage":16,"enemies":"Red Slaver","floor":11,"turns":4},{"damage":30,"enemies":"3 Sentries","floor":14,"turns":9},{"damage":35,"enemies":"Slime Boss","floor":16,"turns":12},{"damage":0,"enemies":"Spheric Guardian","floor":18,"turns":2},{"damage":0,"enemies":"Shell Parasite","floor":22,"turns":7},{"damage":41,"enemies":"Book of Stabbing","floor":23,"turns":9},{"damage":15,"enemies":"Chosen and Byrds","floor":25,"turns":5},{"damage":4,"enemies":"Centurion and Healer","floor":27,"turns":11},{"damage":0,"enemies":"Snake Plant","floor":28,"turns":5},{"damage":0,"enemies":"Gremlin Leader","floor":30,"turns":8},{"damage":3,"enemies":"Snecko","floor":31,"turns":6},{"damage":29,"enemies":"Collector","floor":33,"turns":12},{"damage":0,"enemies":"3 Shapes","floor":35,"turns":9},{"damage":49,"enemies":"3 Darklings","floor":36,"turns":6},{"damage":3,"enemies":"Writhing Mass","floor":39,"turns":7},{"damage":31,"enemies":"Nemesis","floor":41,"turns":9},{"damage":28,"enemies":"Spire Growth","floor":42,"turns":6},{"damage":0,"enemies":"Sphere and 2 Shapes","floor":44,"turns":5},{"damage":75,"enemies":"Reptomancer","floor":45,"turns":3}],"seed_played":"-6875959955410223972","potions_obtained":[{"floor":5,"key":"Poison Potion"},{"floor":14,"key":"LiquidBronze"},{"floor":16,"key":"SkillPotion"},{"floor":21,"key":"FairyPotion"},{"floor":22,"key":"Strength Potion"},{"floor":23,"key":"LiquidBronze"},{"floor":28,"key":"Explosive Potion"},{"floor":33,"key":"EssenceOfSteel"},{"floor":36,"key":"Block Potion"}],"is_trial":false,"path_per_floor":["M","M","?","?","M","E","R","$","T","M","M","$","R","E","R","B",null,"M","$","?","?","M","E","R","M","T","M","M","R","E","M","R","B",null,"M","M","$","?","M","R","E","M","T","M","E"],"character_chosen":"DEFECT","items_purchased":["Cold Snap","Go for the Eyes","Medical Kit"],"campfire_rested":4,"item_purchase_floors":[8,8,37],"current_hp_per_floor":[58,51,51,51,52,19,40,40,40,43,34,34,55,32,53,25,60,60,60,60,60,71,44,44,43,43,53,67,67,71,71,71,56,67,71,36,36,36,47,68,51,37,37,51,0],"gold":224,"neow_bonus":"RANDOM_COMMON_RELIC","is_prod":false,"is_daily":false,"chose_seed":false,"campfire_upgraded":3,"win_rate":0,"timestamp":1541316466,"path_taken":["M","M","?","?","M","E","R","?","T","M","M","$","R","E","R","BOSS","M","$","?","?","M","E","R","M","T","?","M","R","E","M","R","BOSS","M","?","$","?","M","R","E","M","T","M","E"],"build_version":"2018-11-01","purchased_purges":2,"victory":false,"max_hp_per_floor":[71,71,71,71,71,71,71,71,71,71,71,71,71,71,71,71,71,71,71,71,71,71,71,71,71,71,71,71,71,71,71,71,71,71,71,71,71,71,71,71,71,71,71,71,71],"card_choices":[{"not_picked":["Conserve Battery","Doom and Gloom"],"picked":"Capacitor","floor":1},{"not_picked":["Sweeping Beam","Turbo"],"picked":"Self Repair","floor":2},{"not_picked":["Stack","Double Energy","Sweeping Beam"],"picked":"SKIP","floor":5},{"not_picked":["Conserve Battery","Rip and Tear"],"picked":"BootSequence","floor":6},{"not_picked":["Barrage","Leap"],"picked":"Defragment","floor":10},{"not_picked":["Beam Cell","Leap","Self Repair"],"picked":"SKIP","floor":11},{"not_picked":["Redo","Beam Cell"],"picked":"White Noise","floor":14},{"not_picked":["Thunder Strike","Multi-Cast"],"picked":"Reboot","floor":16},{"not_picked":["Reinforced Body","Beam Cell"],"picked":"Coolheaded+1","floor":18},{"not_picked":["Reprogram","Barrage","Cold Snap"],"picked":"SKIP","floor":22},{"not_picked":["Steam","Cold Snap","Self Repair"],"picked":"SKIP","floor":23},{"not_picked":["Hyperbeam","Leap","Double Energy"],"picked":"SKIP","floor":25},{"not_picked":["Hologram","Redo"],"picked":"Defragment+1","floor":27},{"not_picked":["Barrage","Rebound","Heatsinks+1"],"picked":"SKIP","floor":28},{"not_picked":["Gash","Aggregate"],"picked":"Capacitor+1","floor":30},{"not_picked":["Chaos","Auto Shields"],"picked":"Chill","floor":31},{"not_picked":["Fission","Meteor Strike"],"picked":"Creative AI+1","floor":33},{"not_picked":["Turbo","Self Repair+1","Compile Driver"],"picked":"SKIP","floor":35},{"not_picked":["Melter","Gash+1"],"picked":"Conserve Battery","floor":36},{"not_picked":["Sweeping Beam","Double Energy","Undo"],"picked":"SKIP","floor":39},{"not_picked":["Steam","Redo","Turbo"],"picked":"SKIP","floor":41},{"not_picked":["Steam Power","Fission","Ball Lightning+1"],"picked":"SKIP","floor":42},{"not_picked":["Tempest+1","Leap","Compile Driver"],"picked":"Echo Form+1","floor":44}],"player_experience":610026,"relics_obtained":[{"floor":6,"key":"Du-Vu Doll"},{"floor":9,"key":"Sundial"},{"floor":14,"key":"Anchor"},{"floor":23,"key":"Frozen Egg 2"},{"floor":26,"key":"Cables"},{"floor":30,"key":"Darkstone Periapt"},{"floor":41,"key":"War Paint"},{"floor":43,"key":"Question Card"}],"event_choices":[{"damage_healed":0,"gold_gain":0,"cards_transformed":["Strike_B"],"player_choice":"Change","damage_taken":0,"max_hp_gain":0,"max_hp_loss":0,"event_name":"Living Wall","floor":3,"gold_loss":0,"cards_obtained":["Conserve Battery"]},{"damage_healed":0,"gold_gain":0,"player_choice":"Ignored","damage_taken":0,"max_hp_gain":0,"max_hp_loss":0,"event_name":"Liars Game","floor":4,"gold_loss":0},{"damage_healed":0,"gold_gain":0,"player_choice":"Ignored","damage_taken":0,"max_hp_gain":0,"max_hp_loss":0,"event_name":"Ghosts","floor":20,"gold_loss":0},{"damage_healed":0,"gold_gain":0,"player_choice":"Bought 1 Potion","damage_taken":0,"max_hp_gain":0,"max_hp_loss":0,"event_name":"The Woman in Blue","floor":21,"gold_loss":0},{"cards_removed":["Dualcast"],"damage_healed":0,"gold_gain":0,"player_choice":"Removed Skill","damage_taken":0,"max_hp_gain":0,"max_hp_loss":0,"event_name":"Falling","floor":38,"gold_loss":0}],"is_beta":false,"boss_relics":[{"not_picked":["Coffee Dripper","Sozu"],"picked":"Pandora\u0027s Box"},{"not_picked":["Busted Crown","White Beast Statue"],"picked":"Runic Dome"}],"items_purged_floors":[8,19],"is_endless":false,"potions_floor_spawned":[5,14,16,22,23,28,33,36,44],"killed_by":"Reptomancer","ascension_level":20}