{"gold_per_floor":[112,112,123,123,137,157,191,191,191,191,202,214,243,254,254,357,357,370,13,33,50,60,92,109,109,179,196,230,230,329,343,343,343],"floor_reached":33,"playtime":1780,"items_purged":[],"score":455,"play_id":"e5814903-be79-4971-b393-a6b188edd2fa","local_time":"20190225092129","is_ascension_mode":true,"campfire_choices":[{"data":"Whirlwind","floor":8.0,"key":"SMITH"},{"data":"Twin Strike","floor":15.0,"key":"SMITH"},{"floor":25,"key":"REST"},{"floor":32,"key":"REST"}],"neow_cost":"NONE","seed_source_timestamp":0,"circlet_count":0,"master_deck":["AscendersBane","Strike_R+1","Strike_R+1","Strike_R+1","Strike_R+1","Strike_R+1","Defend_R+1","Defend_R+1","Defend_R+1","Defend_R+1","Bash+1","Clash","Whirlwind+1","Iron Wave","Impervious+1","Pommel Strike","Shrug It Off+1","Twin Strike+1","Demon Form","Body Slam+1","Iron Wave+1","Seeing Red+1","Cleave","Seeing Red+1","Battle Trance+1","Flame Barrier+1","Clash"],"special_seed":0,"relics":["Black Blood","Toxic Egg 2","Shuriken","Orichalcum","Potion Belt","Membership Card","Ice Cream","Paper Frog","Singing Bowl","Oddly Smooth Stone"],"potions_floor_usage":[22,23,23],"damage_taken":[{"damage":2.0,"enemies":"2 Louse","floor":1.0,"turns":3.0},{"damage":0.0,"enemies":"Cultist","floor":3.0,"turns":3.0},{"damage":12.0,"enemies":"Small Slimes","floor":5.0,"turns":3.0},{"damage":11.0,"enemies":"Blue Slaver","floor":6.0,"turns":4.0},{"damage":13.0,"enemies":"Gremlin Nob","floor":7.0,"turns":4.0},{"damage":0.0,"enemies":"3 Louse","floor":11.0,"turns":2.0},{"damage":7.0,"enemies":"2 Fungi Beasts","floor":12.0,"turns":5.0},{"damage":26.0,"enemies":"Lagavulin","floor":13.0,"turns":6.0},{"damage":18.0,"enemies":"Lots of Slimes","floor":14.0,"turns":6.0},{"damage":30.0,"enemies":"The Guardian","floor":16.0,"turns":10.0},{"damage":2.0,"enemies":"3 Byrds","floor":18.0,"turns":4.0},{"damage":29.0,"enemies":"2 Thieves","floor":20.0,"turns":4.0},{"damage":35.0,"enemies":"Sentry and Sphere","floor":21.0,"turns":7.0},{"damage":0,"enemies":"Centurion and Healer","floor":22,"turns":6},{"damage":16,"enemies":"Gremlin Leader","floor":23,"turns":6},{"damage":26,"enemies":"Shelled Parasite and Fungi","floor":24,"turns":3},{"damage":44,"enemies":"Cultist and Chosen","floor":27,"turns":7},{"damage":25,"enemies":"Book of Stabbing","floor":28,"turns":5},{"damage":8,"enemies":"Centurion and Healer","floor":31,"turns":5},{"damage":48,"enemies":"Automaton","floor":33,"turns":6}],"seed_played":"5248720604465361660","potions_obtained":[{"floor":0.0,"key":"Explosive Potion"},{"floor":0.0,"key":"GamblersBrew"},{"floor":0.0,"key":"SneckoOil"},{"floor":3.0,"key":"SteroidPotion"},{"floor":7.0,"key":"Fruit Juice"},{"floor":12.0,"key":"FairyPotion"},{"floor":13.0,"key":"Strength Potion"},{"floor":14.0,"key":"Weak Potion"},{"floor":18.0,"key":"AttackPotion"},{"floor":24,"key":"FairyPotion"},{"floor":28,"key":"SpeedPotion"},{"floor":31,"key":"Explosive Potion"}],"is_trial":false,"path_per_floor":["M","?","M","T","M","M","E","R","T","?","M","M","E","M","R","B",null,"M","$","M","M","M","E","M","R","T","M","E","?","?","M","R","B"],"character_chosen":"IRONCLAD","items_purchased":["Membership Card","Ice Cream"],"campfire_rested":2,"item_purchase_floors":[19,19],"current_hp_per_floor":[76,76,80,80,74,69,62,62,62,62,68,67,52,40,40,16,68,76,76,57,32,42,36,20,45,45,11,18,18,18,20,45,0],"gold":343,"neow_bonus":"THREE_SMALL_POTIONS","is_prod":false,"is_daily":false,"chose_seed":false,"campfire_upgraded":2,"win_rate":0,"timestamp":1551075689,"path_taken":["M","?","?","?","?","M","E","R","T","?","?","M","E","M","R","BOSS","M","$","M","?","M","E","M","R","T","?","E","?","?","M","R","BOSS"],"build_version":"2019-01-23","purchased_purges":0,"victory":false,"max_hp_per_floor":[80,80,80,80,80,80,80,80,80,80,80,80,85,85,85,85,85,85,85,85,85,85,85,85,85,85,85,85,85,85,85,85,85],"card_choices":[{"not_picked":["Power Through","Sword Boomerang"],"picked":"Clash","floor":1.0},{"not_picked":["Second Wind","Wild Strike"],"picked":"Whirlwind","floor":3.0},{"not_picked":["Sword Boomerang","Clothesline"],"picked":"Iron Wave","floor":5.0},{"not_picked":["Evolve","Infernal Blade+1"],"picked":"Impervious+1","floor":6.0},{"not_picked":["Burning Pact+1","Feel No Pain"],"picked":"Pommel Strike","floor":7.0},{"not_picked":["Clothesline","Sever Soul","Carnage"],"picked":"SKIP","floor":11.0},{"not_picked":["Entrench+1","Rampage"],"picked":"Shrug It Off+1","floor":12.0},{"not_picked":["Headbutt","Clothesline","Wild Strike"],"picked":"SKIP","floor":13.0},{"not_picked":["Sentinel+1","Carnage"],"picked":"Twin Strike","floor":14.0},{"not_picked":["Offering+1","Impervious+1"],"picked":"Demon Form","floor":16.0},{"not_picked":["Combust","Iron Wave","Entrench+1"],"picked":"SKIP","floor":18.0},{"not_picked":["Anger+1","Pommel Strike+1"],"picked":"Body Slam+1","floor":20.0},{"not_picked":["Corruption","Thunderclap+1"],"picked":"Iron Wave+1","floor":21.0},{"not_picked":["Wild Strike","Shrug It Off+1"],"picked":"Seeing Red+1","floor":22},{"not_picked":["Inflame","Fire Breathing"],"picked":"Cleave","floor":23},{"not_picked":["Havoc+1","Rampage"],"picked":"Seeing Red+1","floor":24},{"not_picked":["Clothesline","Infernal Blade+1"],"picked":"Battle Trance+1","floor":27},{"not_picked":["Battle Trance+1","Shrug It Off+1"],"picked":"Flame Barrier+1","floor":28},{"not_picked":["Havoc+1","Uppercut"],"picked":"Clash","floor":31}],"player_experience":339545,"relics_obtained":[{"floor":4.0,"key":"Toxic Egg 2"},{"floor":7.0,"key":"Shuriken"},{"floor":13.0,"key":"Potion Belt"},{"floor":23,"key":"Paper Frog"},{"floor":26,"key":"Singing Bowl"},{"floor":28,"key":"Oddly Smooth Stone"}],"event_choices":[{"damage_healed":0.0,"max_hp_gain":0.0,"max_hp_loss":0.0,"gold_gain":0.0,"event_name":"Upgrade Shrine","player_choice":"Upgraded","floor":2.0,"gold_loss":0.0,"damage_taken":0.0,"cards_upgraded":["Bash"]},{"damage_healed":0.0,"max_hp_gain":0.0,"max_hp_loss":0.0,"gold_gain":0.0,"event_name":"WeMeetAgain","player_choice":"Gave Potion","floor":10.0,"gold_loss":0.0,"damage_taken":0.0,"relics_obtained":["Orichalcum"]},{"damage_healed":0,"gold_gain":0,"player_choice":"Simplicity","damage_taken":0,"max_hp_gain":0,"max_hp_loss":0,"event_name":"Back to Basics","floor":29,"gold_loss":0,"cards_upgraded":["Strike_R","Strike_R","Strike_R","Strike_R","Strike_R","Defend_R","Defend_R","Defend_R","Defend_R"]},{"damage_healed":0,"gold_gain":99,"player_choice":"Stole From Cult","damage_taken":0,"max_hp_gain":0,"max_hp_loss":0,"event_name":"Nest","floor":30,"gold_loss":0}],"is_beta":false,"boss_relics":[{"not_picked":["Eternal Feather","Runic Cube"],"picked":"Black Blood"}],"items_purged_floors":[],"is_endless":false,"potions_floor_spawned":[3,7,12,13,14,18,24,28,31],"killed_by":"Automaton","ascension_level":10}