{"gold_per_floor":[118,136,151,164,2,32,48,48,48,48,72,105,105,118,118,118],"floor_reached":16,"playtime":692,"items_purged":["Strike_R"],"score":120,"play_id":"e6306fd8-3200-4926-b32c-4a829087b27c","local_time":"20190125175018","is_ascension_mode":true,"campfire_choices":[{"data":"Strike_R","floor":10,"key":"PURGE"},{"data":"Strike_R","floor":13,"key":"PURGE"},{"data":"Defend_R","floor":15,"key":"PURGE"}],"neow_cost":"NONE","seed_source_timestamp":1434535427317859,"circlet_count":0,"master_deck":["Strike_R","Strike_R","Defend_R","Defend_R","Defend_R","Bash","Dropkick","Flash of Steel"],"relics":["Burning Blood","Ancient Tea Set","Peace Pipe","Golden Idol","Magic Flower","Letter Opener"],"potions_floor_usage":[12,16,16],"damage_taken":[{"damage":6,"enemies":"Cultist","floor":1,"turns":3},{"damage":7,"enemies":"Small Slimes","floor":2,"turns":4},{"damage":11,"enemies":"Jaw Worm","floor":3,"turns":2},{"damage":17,"enemies":"Lots of Slimes","floor":4,"turns":9},{"damage":28,"enemies":"Gremlin Nob","floor":6,"turns":4},{"damage":5,"enemies":"3 Louse","floor":7,"turns":4},{"damage":1,"enemies":"Exordium Wildlife","floor":11,"turns":3},{"damage":26,"enemies":"3 Sentries","floor":12,"turns":8},{"damage":3,"enemies":"Gremlin Gang","floor":14,"turns":6},{"damage":42,"enemies":"Slime Boss","floor":16,"turns":6}],"seed_played":"-1340806560769276215","potions_obtained":[{"floor":2,"key":"SkillPotion"},{"floor":6,"key":"SpeedPotion"},{"floor":12,"key":"Fire Potion"}],"is_trial":false,"path_per_floor":["M","M","M","M","$","E","M","?","T","R","M","E","R","M","R","B"],"character_chosen":"IRONCLAD","items_purchased":["Flash of Steel"],"campfire_rested":0,"item_purchase_floors":[5],"current_hp_per_floor":[80,79,74,63,63,41,42,42,42,42,50,33,33,39,39,0],"gold":118,"neow_bonus":"RANDOM_COMMON_RELIC","is_prod":false,"is_daily":false,"chose_seed":false,"campfire_upgraded":0,"win_rate":0,"timestamp":1548456618,"path_taken":["M","?","M","M","$","E","M","?","T","R","M","E","R","M","R","BOSS"],"build_version":"2019-01-23","purchased_purges":1,"victory":false,"max_hp_per_floor":[80,80,80,80,80,80,80,74,74,74,74,74,74,74,74,74],"card_choices":[{"not_picked":["Twin Strike","Evolve","Perfected Strike"],"picked":"SKIP","floor":1},{"not_picked":["True Grit","Pommel Strike","Clothesline"],"picked":"SKIP","floor":2},{"not_picked":["Iron Wave","Second Wind","Headbutt"],"picked":"SKIP","floor":3},{"not_picked":["Blood for Blood","Twin Strike"],"picked":"Dropkick","floor":4},{"not_picked":["Rampage","Feed","Pommel Strike"],"picked":"SKIP","floor":6},{"not_picked":["Pommel Strike","Battle Trance","Burning Pact"],"picked":"SKIP","floor":7},{"not_picked":["Evolve","Headbutt","Clothesline"],"picked":"SKIP","floor":11},{"not_picked":["Perfected Strike","Pommel Strike","Wild Strike"],"picked":"SKIP","floor":12},{"not_picked":["Havoc","Sever Soul","Limit Break"],"picked":"SKIP","floor":14}],"player_experience":509890,"relics_obtained":[{"floor":6,"key":"Peace Pipe"},{"floor":9,"key":"Magic Flower"},{"floor":12,"key":"Letter Opener"}],"event_choices":[{"damage_healed":0,"gold_gain":0,"player_choice":"Lose Max HP","damage_taken":0,"relics_obtained":["Golden Idol"],"max_hp_gain":0,"max_hp_loss":6,"event_name":"Golden Idol","floor":8,"gold_loss":0}],"is_beta":true,"boss_relics":[],"items_purged_floors":[5],"is_endless":false,"potions_floor_spawned":[2,6,12],"killed_by":"Slime Boss","ascension_level":1}