{"gold_per_floor":[13,27,127,42,57,57,84,96,186,198,239,261,232,264,276,387,399,427,459,471,154,169,169,198,198,250,250,285,285,46,63,63,63],"floor_reached":33,"playtime":1104,"items_purged":["Writhe"],"score":318,"play_id":"2deb0c30-ab97-497f-894a-d0a6684475f9","local_time":"20181031124730","is_ascension_mode":false,"campfire_choices":[{"data":"Skewer","floor":6,"key":"SMITH"},{"data":"Neutralize","floor":10,"key":"SMITH"},{"floor":15,"key":"REST"},{"data":"Phantasmal Killer","floor":23,"key":"SMITH"},{"floor":25,"key":"RECALL"},{"data":"Outmaneuver","floor":27,"key":"SMITH"},{"data":"Adrenaline","floor":29,"key":"SMITH"},{"floor":32,"key":"REST"}],"neow_cost":"NO_GOLD","seed_source_timestamp":799673450252344,"circlet_count":0,"master_deck":["Defend_G","Defend_G","Defend_G","Defend_G","Defend_G","Strike_G","Strike_G","Strike_G","Strike_G","Strike_G","Survivor","Neutralize+1","Flying Knee","Skewer+1","Dagger Spray","Dash","Phantasmal Killer+1","Outmaneuver+1","Dagger Spray+1","Adrenaline+1","Noxious Fumes+1"],"relics":["Ring of the Snake","Unceasing Top","MawBank","Strawberry","White Beast Statue","Boot","Frozen Egg 2","Pear","Lantern","Bottled Flame","Paper Crane"],"potions_floor_usage":[16,19,24,24,24,24,24,28,33,33],"damage_taken":[{"damage":1,"enemies":"2 Louse","floor":1,"turns":3},{"damage":0,"enemies":"Cultist","floor":2,"turns":3},{"damage":2,"enemies":"Small Slimes","floor":5,"turns":3},{"damage":27,"enemies":"Gremlin Nob","floor":7,"turns":5},{"damage":32,"enemies":"Lagavulin","floor":11,"turns":8},{"damage":9,"enemies":"Exordium Thugs","floor":12,"turns":6},{"damage":0,"enemies":"3 Louse","floor":14,"turns":3},{"damage":15,"enemies":"The Guardian","floor":16,"turns":14},{"damage":5,"enemies":"3 Byrds","floor":18,"turns":7},{"damage":11,"enemies":"Shell Parasite","floor":19,"turns":4},{"damage":16,"enemies":"Centurion and Healer","floor":22,"turns":9},{"damage":18,"enemies":"Gremlin Leader","floor":24,"turns":7},{"damage":38,"enemies":"Slavers","floor":28,"turns":8},{"damage":4,"enemies":"3 Cultists","floor":31,"turns":4},{"damage":57,"enemies":"Champ","floor":33,"turns":12}],"seed_played":"-8447778809750832097","potions_obtained":[{"floor":1,"key":"Ancient Potion"},{"floor":12,"key":"Strength Potion"},{"floor":14,"key":"Block Potion"},{"floor":16,"key":"EntropicBrew"},{"floor":18,"key":"EssenceOfSteel"},{"floor":19,"key":"Explosive Potion"},{"floor":24,"key":"Fruit Juice"},{"floor":28,"key":"GhostInAJar"},{"floor":31,"key":"Weak Potion"}],"is_trial":false,"path_per_floor":["M","M","?","$","M","R","E","$","T","R","E","M","?","M","R","B",null,"M","M","?","$","M","R","E","R","T","R","E","R","$","M","R"],"character_chosen":"THE_SILENT","items_purchased":["Skewer","Dagger Spray","Frozen Egg 2","Paper Crane"],"campfire_rested":2,"item_purchase_floors":[4,4,21,30],"current_hp_per_floor":[69,69,69,69,67,67,40,40,40,40,15,6,6,6,29,14,77,72,61,61,61,45,45,42,42,42,42,19,19,19,15,42,0],"gold":63,"neow_bonus":"ONE_RARE_RELIC","is_prod":false,"is_daily":false,"chose_seed":false,"campfire_upgraded":5,"win_rate":0,"timestamp":1540957650,"path_taken":["M","M","?","?","M","R","E","$","T","R","E","M","?","M","R","BOSS","M","M","?","$","M","R","E","R","T","R","E","R","?","?","R","BOSS"],"build_version":"2018-10-29v2","purchased_purges":1,"victory":false,"max_hp_per_floor":[70,70,70,70,70,70,70,70,70,70,77,77,77,77,77,77,77,77,77,77,77,77,77,92,92,92,92,92,92,92,92,92,92],"card_choices":[{"not_picked":["Flechettes","Underhanded Strike"],"picked":"Flying Knee","floor":1},{"not_picked":["Outmaneuver","Underhanded Strike","PiercingWail"],"picked":"SKIP","floor":2},{"not_picked":["Blade Dance","Cloak And Dagger","Deadly Poison"],"picked":"SKIP","floor":5},{"not_picked":["Flying Knee","Setup","Calculated Gamble"],"picked":"SKIP","floor":7},{"not_picked":["Cloak And Dagger","Backflip","Deadly Poison"],"picked":"SKIP","floor":11},{"not_picked":["Infinite Blades","PiercingWail","Accuracy"],"picked":"SKIP","floor":12},{"not_picked":["Cloak And Dagger","Outmaneuver"],"picked":"Dash","floor":14},{"not_picked":["Unload","Doppelganger"],"picked":"Phantasmal Killer","floor":16},{"not_picked":["Sucker Punch","Flying Knee"],"picked":"Outmaneuver","floor":18},{"not_picked":["Deflect","Dagger Throw"],"picked":"Dagger Spray+1","floor":19},{"not_picked":["Dodge and Roll","Dash","Bane"],"picked":"SKIP","floor":22},{"not_picked":["Bullet Time","Cloak And Dagger","Dagger Spray"],"picked":"SKIP","floor":24},{"not_picked":["Skewer","Dagger Throw"],"picked":"Adrenaline","floor":28},{"not_picked":["Bane+1","Deflect"],"picked":"Noxious Fumes+1","floor":31}],"player_experience":544382,"relics_obtained":[{"floor":7,"key":"MawBank"},{"floor":11,"key":"Strawberry"},{"floor":24,"key":"Pear"},{"floor":26,"key":"Lantern"},{"floor":28,"key":"Bottled Flame"}],"event_choices":[{"damage_healed":0,"gold_gain":100,"player_choice":"Pray","damage_taken":0,"max_hp_gain":0,"max_hp_loss":0,"event_name":"Golden Shrine","floor":3,"gold_loss":0},{"damage_healed":0,"gold_gain":0,"player_choice":"Left Gold","damage_taken":0,"max_hp_gain":0,"max_hp_loss":0,"event_name":"World of Goop","floor":13,"gold_loss":41},{"damage_healed":0,"gold_gain":0,"player_choice":"Opened","damage_taken":0,"relics_obtained":["Boot"],"max_hp_gain":0,"max_hp_loss":0,"event_name":"The Mausoleum","floor":20,"gold_loss":0,"cards_obtained":["Writhe"]}],"is_beta":true,"boss_relics":[{"not_picked":["Black Star","Lizard Tail"],"picked":"White Beast Statue"}],"items_purged_floors":[21],"is_endless":false,"potions_floor_spawned":[1,12,14,16,18,19,22,24,28,31],"killed_by":"Champ","ascension_level":0}