{"gold_per_floor":[359,359,26,26,26,57,72,90,90,133,133,154,175,100,100,223,223,236,236,236,136,152,152,177,188,215,241,340,350,366,366,366,467,467,480,495,136,136,136,167,42,42,88,103,134,134,148,163,163,163],"floor_reached":51,"playtime":2607,"items_purged":["Pain","Regret","Clumsy"],"score":981,"play_id":"09fc676a-a47e-4073-adbc-5e64558b6f55","local_time":"20190206221016","is_ascension_mode":true,"campfire_choices":[{"floor":11,"key":"REST"},{"floor":15,"key":"REST"},{"floor":23,"key":"REST"},{"data":"Uppercut","floor":32,"key":"SMITH"},{"floor":42,"key":"REST"},{"floor":46,"key":"REST"},{"floor":49,"key":"REST"}],"neow_cost":"TEN_PERCENT_HP_LOSS","seed_source_timestamp":174037632395,"circlet_count":0,"master_deck":["Strike_R+1","Strike_R","Strike_R","Strike_R+1","Strike_R","Defend_R","Defend_R","Defend_R","Defend_R","Bash","Uppercut","Carnage","Juggernaut+1","Uppercut+1","Uppercut","Pommel Strike","Clothesline","Flame Barrier","Clothesline","Shrug It Off","Juggernaut+1","Madness","Madness","Uppercut","Clothesline+1"],"relics":["Burning Blood","Bloody Idol","Frozen Egg 2","Blue Candle","WarpedTongs","Vajra","Omamori","Bag of Preparation","Snecko Eye","Nilry\u0027s Codex","Blood Vial","Happy Flower","Darkstone Periapt","Calling Bell","Unceasing Top","Shuriken","Bag of Marbles","Sling","Whetstone","Sundial","Oddly Smooth Stone","Regal Pillow"],"potions_floor_usage":[16,16,16,27,44,45,50],"damage_taken":[{"damage":3,"enemies":"Jaw Worm","floor":1,"turns":5},{"damage":21,"enemies":"Gremlin Nob","floor":6,"turns":4},{"damage":2,"enemies":"2 Louse","floor":7,"turns":2},{"damage":6,"enemies":"Small Slimes","floor":8,"turns":2},{"damage":29,"enemies":"3 Sentries","floor":10,"turns":8},{"damage":17,"enemies":"Gremlin Gang","floor":12,"turns":5},{"damage":12,"enemies":"Large Slime","floor":13,"turns":4},{"damage":32,"enemies":"The Guardian","floor":16,"turns":10},{"damage":15,"enemies":"Shell Parasite","floor":18,"turns":3},{"damage":2,"enemies":"3 Byrds","floor":22,"turns":3},{"damage":26,"enemies":"Slavers","floor":24,"turns":4},{"damage":1,"enemies":"Snake Plant","floor":25,"turns":3},{"damage":10,"enemies":"Gremlin Leader","floor":27,"turns":4},{"damage":5,"enemies":"Shelled Parasite and Fungi","floor":29,"turns":3},{"damage":5,"enemies":"Snecko","floor":30,"turns":3},{"damage":4,"enemies":"Colosseum Slavers","floor":31,"turns":3},{"damage":55,"enemies":"Champ","floor":33,"turns":7},{"damage":0,"enemies":"3 Shapes","floor":35,"turns":2},{"damage":24,"enemies":"3 Darklings","floor":36,"turns":6},{"damage":26,"enemies":"Nemesis","floor":40,"turns":5},{"damage":0,"enemies":"Spire Growth","floor":44,"turns":2},{"damage":66,"enemies":"Giant Head","floor":45,"turns":7},{"damage":47,"enemies":"Writhing Mass","floor":47,"turns":4},{"damage":27,"enemies":"Sphere and 2 Shapes","floor":48,"turns":4},{"damage":66,"enemies":"Time Eater","floor":50,"turns":7}],"seed_played":"-1349682286326744973","potions_obtained":[{"floor":1,"key":"Dexterity Potion"},{"floor":6,"key":"AttackPotion"},{"floor":7,"key":"Block Potion"},{"floor":22,"key":"FairyPotion"},{"floor":24,"key":"Explosive Potion"},{"floor":29,"key":"Fire Potion"},{"floor":35,"key":"Strength Potion"},{"floor":45,"key":"FairyPotion"},{"floor":47,"key":"Dexterity Potion"},{"floor":48,"key":"PowerPotion"}],"is_trial":false,"path_per_floor":["M","?","$","?","?","E","M","M","T","E","R","M","M","$","R","B",null,"M","?","?","$","M","R","E","M","T","E","?","M","M","?","R","B",null,"M","M","$","?","?","E","$","R","T","M","E","R","M","M","R","B",null],"character_chosen":"IRONCLAD","items_purchased":["Frozen Egg 2","Carnage","Sling","Whetstone"],"campfire_rested":6,"item_purchase_floors":[3,3,37,37],"current_hp_per_floor":[72,54,54,54,54,39,43,43,43,20,41,30,24,24,45,19,59,50,34,34,34,43,64,49,61,66,69,72,72,72,72,72,28,67,78,65,65,55,55,42,42,65,70,78,23,61,27,13,51,13],"gold":163,"neow_bonus":"TWO_FIFTY_GOLD","is_prod":false,"is_daily":false,"chose_seed":false,"campfire_upgraded":1,"win_rate":0,"timestamp":1549509016,"path_taken":["M","?","$","?","?","E","M","?","T","E","R","M","M","$","R","BOSS","M","?","?","$","M","R","E","M","T","E","?","M","?","?","R","BOSS","M","M","$","?","?","E","$","R","T","M","E","R","M","M","R","BOSS"],"build_version":"2019-01-23","purchased_purges":3,"victory":true,"max_hp_per_floor":[72,72,72,72,72,72,72,72,72,72,72,72,72,72,72,72,72,72,72,72,72,72,72,72,72,72,72,72,72,72,72,72,72,78,78,78,78,78,78,78,78,78,78,78,78,78,78,78,78,78],"card_choices":[{"not_picked":["Clash","Searing Blow"],"picked":"Uppercut","floor":1},{"not_picked":["Perfected Strike","Second Wind","Havoc"],"picked":"SKIP","floor":6},{"not_picked":["Anger","Ghostly Armor"],"picked":"Juggernaut+1","floor":7},{"not_picked":["Wild Strike","Headbutt"],"picked":"Uppercut","floor":8},{"not_picked":["Clash","Anger"],"picked":"Uppercut","floor":10},{"not_picked":["Armaments","Havoc"],"picked":"Pommel Strike","floor":12},{"not_picked":["Offering","Anger"],"picked":"Clothesline","floor":13},{"not_picked":["Sword Boomerang","Body Slam"],"picked":"Flame Barrier","floor":18},{"not_picked":["Anger","Searing Blow+1"],"picked":"Clothesline","floor":22},{"not_picked":["Burning Pact+1","Sentinel"],"picked":"Shrug It Off","floor":24},{"not_picked":["Cleave","Infernal Blade","Perfected Strike"],"picked":"SKIP","floor":25},{"not_picked":["Bloodletting","Warcry","Fire Breathing+1"],"picked":"SKIP","floor":27},{"not_picked":["Pommel Strike","Iron Wave"],"picked":"Juggernaut+1","floor":29},{"not_picked":["Flex","Anger","Twin Strike"],"picked":"SKIP","floor":30},{"not_picked":["Body Slam","Pummel+1","Wild Strike"],"picked":"SKIP","floor":35},{"not_picked":["Shockwave+1","Body Slam","Sword Boomerang+1"],"picked":"SKIP","floor":36},{"not_picked":["Barricade+1","Thunderclap+1"],"picked":"Uppercut","floor":40},{"not_picked":["Clash+1","Entrench+1","Inflame+1"],"picked":"SKIP","floor":44},{"not_picked":["Burning Pact+1","Feel No Pain+1"],"picked":"Clothesline+1","floor":45},{"not_picked":["Headbutt","Metallicize+1","Twin Strike+1"],"picked":"SKIP","floor":47},{"not_picked":["Pummel+1","Limit Break","Twin Strike"],"picked":"SKIP","floor":48}],"player_experience":153420,"relics_obtained":[{"floor":6,"key":"Vajra"},{"floor":9,"key":"Omamori"},{"floor":10,"key":"Bag of Preparation"},{"floor":19,"key":"Nilry\u0027s Codex"},{"floor":24,"key":"Blood Vial"},{"floor":26,"key":"Happy Flower"},{"floor":27,"key":"Darkstone Periapt"},{"floor":34,"key":"Unceasing Top"},{"floor":34,"key":"Shuriken"},{"floor":34,"key":"Bag of Marbles"},{"floor":40,"key":"Sundial"},{"floor":43,"key":"Oddly Smooth Stone"},{"floor":45,"key":"Regal Pillow"}],"event_choices":[{"damage_healed":0,"gold_gain":0,"player_choice":"Take Damage","damage_taken":18,"relics_obtained":["Golden Idol"],"max_hp_gain":0,"max_hp_loss":0,"event_name":"Golden Idol","floor":2,"gold_loss":0},{"damage_healed":0,"gold_gain":0,"player_choice":"Box","damage_taken":0,"relics_obtained":["Blue Candle"],"max_hp_gain":0,"max_hp_loss":0,"event_name":"Big Fish","floor":4,"gold_loss":0,"cards_obtained":["Regret"]},{"damage_healed":0,"gold_gain":0,"player_choice":"Rummage","damage_taken":0,"relics_obtained":["WarpedTongs"],"max_hp_gain":0,"max_hp_loss":0,"event_name":"Accursed Blacksmith","floor":5,"gold_loss":0,"cards_obtained":["Pain"]},{"damage_healed":0,"gold_gain":0,"player_choice":"Obtained Book","damage_taken":16,"max_hp_gain":0,"max_hp_loss":0,"event_name":"Cursed Tome","floor":19,"gold_loss":0},{"damage_healed":0,"gold_gain":0,"player_choice":"Gave Idol","damage_taken":0,"relics_obtained":["Bloody Idol"],"max_hp_gain":0,"max_hp_loss":0,"event_name":"Forgotten Altar","floor":20,"relics_lost":["Golden Idol"],"gold_loss":0},{"damage_healed":0,"gold_gain":99,"player_choice":"Stole From Cult","damage_taken":0,"max_hp_gain":0,"max_hp_loss":0,"event_name":"Nest","floor":28,"gold_loss":0},{"damage_healed":0,"gold_gain":0,"player_choice":"Fight","damage_taken":0,"max_hp_gain":0,"max_hp_loss":0,"event_name":"Colosseum","floor":31,"gold_loss":0},{"damage_healed":0,"gold_gain":0,"player_choice":"Fled From Nobs","damage_taken":0,"max_hp_gain":0,"max_hp_loss":0,"event_name":"Colosseum","floor":31,"gold_loss":0},{"damage_healed":0,"gold_gain":0,"player_choice":"Embrace Madness","damage_taken":10,"max_hp_gain":0,"max_hp_loss":0,"event_name":"Winding Halls","floor":38,"gold_loss":0,"cards_obtained":["Madness","Madness"]},{"damage_healed":0,"gold_gain":0,"player_choice":"Memory 1","damage_taken":0,"max_hp_gain":0,"max_hp_loss":0,"event_name":"SensoryStone","floor":39,"gold_loss":0}],"is_beta":false,"boss_relics":[{"not_picked":["Orrery","Ectoplasm"],"picked":"Snecko Eye"},{"not_picked":["Pandora\u0027s Box","Runic Dome"],"picked":"Calling Bell"}],"items_purged_floors":[14,21,41],"is_endless":false,"potions_floor_spawned":[1,6,7,13,22,24,29,31,35,45,47,48],"ascension_level":5}