{"gold_per_floor":[115,115,40,40,40,72,72,85,110,23,45,45],"floor_reached":12,"playtime":300,"items_purged":["Strike_B"],"score":148,"play_id":"6f37c2e8-852e-4a9d-8a9b-8bd5f028b848","local_time":"20180821151144","is_ascension_mode":true,"campfire_choices":[{"floor":7,"key":"REST"}],"neow_cost":"","seed_source_timestamp":0,"circlet_count":0,"master_deck":["Strike_B","Strike_B","Strike_B","Defend_B","Defend_B","Defend_B","Defend_B","Zap","Dualcast","AscendersBane","Capacitor","Zap","Consume","White Noise","Heatsinks","Defragment","Auto Shields"],"relics":["Cracked Core","DataDisk","Ancient Tea Set","Odd Mushroom"],"potions_floor_usage":[6],"damage_taken":[{"damage":1,"enemies":"Cultist","floor":1,"turns":3},{"damage":30,"enemies":"Lagavulin","floor":6,"turns":6},{"damage":9,"enemies":"2 Louse","floor":8,"turns":2},{"damage":42,"floor":11,"turns":5},{"damage":12,"enemies":"Jaw Worm","floor":12,"turns":1}],"seed_played":"-3726654607921554474","potions_obtained":[{"floor":1,"key":"AttackPotion"},{"floor":4,"key":"Weak Potion"},{"floor":11,"key":"EssenceOfSteel"}],"is_trial":true,"path_per_floor":["M","?","$","?","$","E","R","M","T","$","?"],"character_chosen":"DEFECT","items_purchased":["Defragment"],"campfire_rested":1,"item_purchase_floors":[10],"current_hp_per_floor":[63,63,63,63,63,33,54,45,45,45,3,0],"gold":45,"neow_bonus":"","is_prod":false,"is_daily":false,"chose_seed":false,"campfire_upgraded":0,"win_rate":0,"timestamp":1534878704,"path_taken":["M","?","$","?","$","E","R","?","T","$","?","M"],"build_version":"2018-08-16","purchased_purges":1,"victory":false,"max_hp_per_floor":[71,71,71,71,71,71,71,71,71,71,71,71],"card_choices":[{"not_picked":["Static Discharge","Go for the Eyes"],"picked":"Capacitor","floor":1},{"not_picked":["Streamline","Steam"],"picked":"White Noise","floor":6},{"not_picked":["FTL","Steam"],"picked":"Heatsinks","floor":8},{"not_picked":["Streamline","Stack"],"picked":"Auto Shields","floor":11}],"player_experience":120177,"relics_obtained":[{"floor":6,"key":"DataDisk"},{"floor":9,"key":"Ancient Tea Set"},{"floor":11,"key":"Odd Mushroom"}],"event_choices":[{"event_name":"Match and Keep!","player_choice":"2 cards matched","floor":2,"damage_taken":0},{"event_name":"The Lab","player_choice":"Got Potions","floor":4,"damage_taken":0},{"event_name":"Mushrooms","player_choice":"Fought Mushrooms","floor":11,"damage_taken":0}],"is_beta":false,"boss_relics":[],"items_purged_floors":[3],"is_endless":false,"potions_floor_spawned":[1,11],"killed_by":"Jaw Worm","ascension_level":20}