{"gold_per_floor":[112,112,13,26,26,26,46,46,101,176,206,216,244,264,264,362,362,380,413,144,144],"floor_reached":21,"playtime":749,"items_purged":[],"score":281,"play_id":"2e55c886-4b76-449b-b310-fb834cea5c25","local_time":"20181030203048","is_ascension_mode":true,"campfire_choices":[{"floor":6,"key":"REST"},{"data":"Sunder","floor":8,"key":"SMITH"},{"floor":15,"key":"REST"}],"neow_cost":"PERCENT_DAMAGE","seed_source_timestamp":263793422167986,"circlet_count":0,"master_deck":["Strike_B","Strike_B","Strike_B","Strike_B","Defend_B","Defend_B","Defend_B","Defend_B","Zap","Dualcast","AscendersBane","Ball Lightning","Steam","Barrage","Ball Lightning","Sunder+1","Gash","Leap","Ball Lightning","Capacitor","Echo Form","Rebound","Loop","Bandage Up","Capacitor"],"relics":["FrozenCore","Nunchaku","Regal Pillow","Bronze Scales","Emotion Chip","Ancient Tea Set","Red Mask","Omamori"],"potions_floor_usage":[11,13,13,14,19],"damage_taken":[{"damage":11,"enemies":"Small Slimes","floor":1,"turns":3},{"damage":7,"enemies":"Jaw Worm","floor":4,"turns":3},{"damage":0,"enemies":"Cultist","floor":7,"turns":2},{"damage":21,"enemies":"Lagavulin","floor":11,"turns":5},{"damage":4,"enemies":"3 Louse","floor":12,"turns":2},{"damage":4,"enemies":"Gremlin Nob","floor":13,"turns":3},{"damage":0,"enemies":"2 Fungi Beasts","floor":14,"turns":2},{"damage":27,"enemies":"The Guardian","floor":16,"turns":8},{"damage":1,"enemies":"Chosen","floor":18,"turns":6},{"damage":58,"enemies":"Masked Bandits","floor":19,"turns":5},{"damage":7,"enemies":"Shell Parasite","floor":21,"turns":1}],"seed_played":"-7350385036567433666","potions_obtained":[{"floor":1,"key":"SkillPotion"},{"floor":11,"key":"Block Potion"},{"floor":12,"key":"Explosive Potion"},{"floor":13,"key":"Energy Potion"},{"floor":18,"key":"Weak Potion"}],"is_trial":false,"path_per_floor":["M","?","$","M","$","R","M","R","T","?","E","M","E","M","R","B",null,"M","?","$"],"character_chosen":"DEFECT","items_purchased":["Steam","Barrage","Bandage Up","Capacitor","Omamori"],"campfire_rested":2,"item_purchase_floors":[3,3,20,20,20],"current_hp_per_floor":[39,14,14,7,7,44,44,44,44,33,12,8,4,4,41,14,60,59,1,1,0],"gold":144,"neow_bonus":"ONE_RARE_RELIC","is_prod":false,"is_daily":false,"chose_seed":false,"campfire_upgraded":1,"win_rate":0,"timestamp":1540956648,"path_taken":["M","?","$","M","?","R","M","R","T","?","E","M","E","M","R","BOSS","M","?","$","?"],"build_version":"2018-10-25v2","purchased_purges":0,"victory":false,"max_hp_per_floor":[75,75,75,75,75,75,75,75,75,75,75,75,75,75,75,75,75,75,75,75,75],"card_choices":[{"not_picked":["Reprogram","White Noise"],"picked":"Ball Lightning","floor":1},{"not_picked":["Skim","Redo"],"picked":"Ball Lightning","floor":4},{"not_picked":["Leap","Conserve Battery"],"picked":"Sunder","floor":7},{"not_picked":["Redo","Cold Snap"],"picked":"Gash","floor":11},{"not_picked":["Streamline","Redo"],"picked":"Leap","floor":12},{"not_picked":["Aggregate","Beam Cell"],"picked":"Ball Lightning","floor":13},{"not_picked":["Biased Cognition","Hello World"],"picked":"Capacitor","floor":14},{"not_picked":["Machine Learning","Biased Cognition"],"picked":"Echo Form","floor":16},{"not_picked":["Conserve Battery","BootSequence"],"picked":"Rebound","floor":18},{"not_picked":["Skim","Conserve Battery"],"picked":"Loop","floor":19}],"player_experience":330188,"relics_obtained":[{"floor":9,"key":"Bronze Scales"},{"floor":11,"key":"Emotion Chip"},{"floor":13,"key":"Ancient Tea Set"},{"floor":19,"key":"Red Mask"}],"event_choices":[{"damage_healed":0,"gold_gain":0,"player_choice":"Success","damage_taken":25,"relics_obtained":["Regal Pillow"],"max_hp_gain":0,"max_hp_loss":0,"event_name":"Scrap Ooze","floor":2,"gold_loss":0},{"damage_healed":0,"gold_gain":75,"player_choice":"Gather Gold","damage_taken":11,"max_hp_gain":0,"max_hp_loss":0,"event_name":"World of Goop","floor":10,"gold_loss":0},{"damage_healed":0,"gold_gain":0,"player_choice":"Fought Bandits","damage_taken":0,"max_hp_gain":0,"max_hp_loss":0,"event_name":"Masked Bandits","floor":19,"gold_loss":0}],"is_beta":false,"boss_relics":[{"not_picked":["Sozu","Cursed Key"],"picked":"FrozenCore"}],"items_purged_floors":[],"is_endless":false,"potions_floor_spawned":[1,11,12,13,18],"killed_by":"Shell Parasite","ascension_level":10}