{"gold_per_floor":[15,34,45,56,68,68,101,101,124,74,106,168,185,214,214,288,288,304,504,520,530,541,541,574,574,597,609,609,622,371,371],"floor_reached":31,"playtime":1126,"items_purged":["Strike_R"],"score":474,"play_id":"1c0e93d7-60e5-44b8-9bf1-8e29a1cefbd5","local_time":"20190305085400","is_ascension_mode":true,"campfire_choices":[{"floor":6.0,"key":"DIG"},{"floor":8.0,"key":"DIG"},{"floor":15.0,"key":"DIG"},{"data":"Limit Break","floor":23.0,"key":"SMITH"},{"floor":25,"key":"REST"}],"neow_cost":"NO_GOLD","seed_source_timestamp":0,"circlet_count":0,"master_deck":["AscendersBane","Strike_R","Strike_R","Defend_R","Defend_R","Defend_R","Defend_R","Bash","Cleave","Twin Strike","Headbutt+1","Flex","Hemokinesis+1","Demon Form","Heavy Blade","Twin Strike","Limit Break+1","Metallicize","Heavy Blade+1","Ghostly Armor","Double Tap","Sword Boomerang"],"special_seed":0,"relics":["Burning Blood","Shovel","Bag of Preparation","Ancient Tea Set","Anchor","Happy Flower","Whetstone","Torii","Pantograph","Omamori","Sozu","Regal Pillow","Lantern"],"potions_floor_usage":[],"damage_taken":[{"damage":0.0,"enemies":"Small Slimes","floor":1.0,"turns":3.0},{"damage":8.0,"enemies":"Jaw Worm","floor":2.0,"turns":4.0},{"damage":3.0,"enemies":"2 Louse","floor":3.0,"turns":2.0},{"damage":16.0,"enemies":"Red Slaver","floor":4.0,"turns":4.0},{"damage":7.0,"enemies":"Looter","floor":5.0,"turns":3.0},{"damage":33.0,"enemies":"Gremlin Nob","floor":7.0,"turns":4.0},{"damage":13.0,"enemies":"3 Sentries","floor":11.0,"turns":6.0},{"damage":0.0,"enemies":"Gremlin Nob","floor":12.0,"turns":2.0},{"damage":1.0,"enemies":"Exordium Thugs","floor":13.0,"turns":3.0},{"damage":25.0,"enemies":"Lagavulin","floor":14.0,"turns":6.0},{"damage":32.0,"enemies":"Slime Boss","floor":16.0,"turns":7.0},{"damage":8.0,"enemies":"Chosen","floor":18.0,"turns":4.0},{"damage":19.0,"enemies":"2 Thieves","floor":20.0,"turns":4.0},{"damage":13.0,"enemies":"Centurion and Healer","floor":21.0,"turns":5.0},{"damage":2.0,"enemies":"Cultist and Chosen","floor":22.0,"turns":4.0},{"damage":30.0,"enemies":"Slavers","floor":24.0,"turns":4.0},{"damage":23,"enemies":"Shelled Parasite and Fungi","floor":27,"turns":4},{"damage":32,"enemies":"Snake Plant","floor":29,"turns":5},{"damage":20,"enemies":"Gremlin Leader","floor":31,"turns":2}],"seed_played":"80420422720141286","potions_obtained":[{"floor":2.0,"key":"BloodPotion"},{"floor":4.0,"key":"Explosive Potion"},{"floor":7.0,"key":"Energy Potion"},{"floor":11.0,"key":"Regen Potion"},{"floor":13.0,"key":"Strength Potion"},{"floor":14.0,"key":"Dexterity Potion"}],"is_trial":false,"path_per_floor":["M","M","M","M","M","R","E","R","T","?","E","?","M","E","R","B",null,"M","?","M","M","M","R","E","R","T","M","?","M","$","E"],"character_chosen":"IRONCLAD","items_purchased":["Lantern","Sword Boomerang"],"campfire_rested":1,"item_purchase_floors":[30,30],"current_hp_per_floor":[74,72,75,65,64,64,37,37,37,37,37,43,57,38,38,37,66,64,64,51,44,48,48,24,61,61,44,44,18,18,0],"gold":371,"neow_bonus":"ONE_RARE_RELIC","is_prod":false,"is_daily":false,"chose_seed":false,"campfire_upgraded":1,"win_rate":0,"timestamp":1551765240,"path_taken":["M","M","M","M","M","R","E","R","T","?","E","?","M","E","R","BOSS","M","?","M","M","?","R","E","R","T","M","?","M","$","E"],"build_version":"2019-01-23","purchased_purges":1,"victory":false,"max_hp_per_floor":[75,75,75,75,75,75,75,75,75,75,75,75,75,75,75,75,75,75,75,75,75,75,75,75,75,75,75,75,75,75,75],"card_choices":[{"not_picked":["Flex","Iron Wave"],"picked":"Cleave","floor":1.0},{"not_picked":["Burning Pact","Evolve"],"picked":"Twin Strike","floor":2.0},{"not_picked":["Burning Pact","Second Wind","Havoc"],"picked":"SKIP","floor":3.0},{"not_picked":["Corruption","Twin Strike"],"picked":"Headbutt","floor":4.0},{"not_picked":["Heavy Blade","Feel No Pain"],"picked":"Flex","floor":5.0},{"not_picked":["Anger","Fiend Fire"],"picked":"Hemokinesis","floor":7.0},{"not_picked":["Havoc","Bloodletting"],"picked":"Demon Form","floor":11.0},{"not_picked":["Pommel Strike","Headbutt"],"picked":"Heavy Blade","floor":12.0},{"not_picked":["Intimidate","Burning Pact"],"picked":"Twin Strike","floor":13.0},{"not_picked":["Hemokinesis","Blood for Blood","Fire Breathing"],"picked":"SKIP","floor":14.0},{"not_picked":["Dark Embrace","Exhume"],"picked":"Limit Break","floor":16.0},{"not_picked":["Hemokinesis","Anger+1"],"picked":"Metallicize","floor":18.0},{"not_picked":["Rupture+1","Rampage"],"picked":"Heavy Blade+1","floor":20.0},{"not_picked":["Searing Blow","Anger+1","Bloodletting"],"picked":"SKIP","floor":21.0},{"not_picked":["Flex","Havoc","Wild Strike"],"picked":"SKIP","floor":22.0},{"not_picked":["Clothesline","Rampage","Entrench"],"picked":"SKIP","floor":24.0},{"not_picked":["Shockwave","Body Slam"],"picked":"Ghostly Armor","floor":27},{"not_picked":["Havoc","Iron Wave"],"picked":"Double Tap","floor":29}],"player_experience":374412,"relics_obtained":[{"floor":6.0,"key":"Bag of Preparation"},{"floor":7.0,"key":"Ancient Tea Set"},{"floor":8.0,"key":"Anchor"},{"floor":9.0,"key":"Happy Flower"},{"floor":11.0,"key":"Whetstone"},{"floor":12.0,"key":"Torii"},{"floor":14.0,"key":"Pantograph"},{"floor":15.0,"key":"Omamori"},{"floor":24.0,"key":"Regal Pillow"}],"event_choices":[{"cards_removed":["Strike_R"],"damage_healed":0.0,"max_hp_gain":0.0,"max_hp_loss":0.0,"gold_gain":0.0,"event_name":"The Cleric","player_choice":"Card Removal","floor":10.0,"gold_loss":50.0,"damage_taken":0.0},{"damage_healed":0.0,"max_hp_gain":0.0,"max_hp_loss":0.0,"gold_gain":0.0,"event_name":"Dead Adventurer","player_choice":"Searched \u00272\u0027 times","floor":12.0,"gold_loss":0.0,"damage_taken":0.0},{"damage_healed":0.0,"max_hp_gain":0.0,"max_hp_loss":0.0,"gold_gain":250.0,"event_name":"The Joust","player_choice":"Bet on Owner","floor":19.0,"gold_loss":50.0,"damage_taken":0.0},{"cards_removed":["Strike_R"],"damage_healed":0,"gold_gain":0,"player_choice":"Purged","damage_taken":0,"max_hp_gain":0,"max_hp_loss":0,"event_name":"Purifier","floor":28,"gold_loss":0}],"is_beta":false,"boss_relics":[{"not_picked":["Fusion Hammer","Calling Bell"],"picked":"Sozu"}],"items_purged_floors":[30],"is_endless":false,"potions_floor_spawned":[2,4,7,11,13,14,21,27,29],"killed_by":"Gremlin Leader","ascension_level":14}