{"gold_per_floor":[111,111,129,144,154,180,180,206,206,206,237,249,261,211,211,283,283,300,300,312,148,159,491,491,519,588,588],"floor_reached":27,"playtime":2073,"items_purged":[],"score":475,"play_id":"769dd116-d09f-4856-9fd0-12cf4efa1a83","local_time":"20190214174601","is_ascension_mode":true,"campfire_choices":[{"data":"Zap","floor":7.0,"key":"SMITH"},{"data":"Conserve Battery","floor":10.0,"key":"SMITH"},{"floor":15.0,"key":"REST"},{"data":"Coolheaded","floor":24.0,"key":"SMITH"}],"neow_cost":"NONE","seed_source_timestamp":150355963779591,"circlet_count":0,"master_deck":["AscendersBane","Zap+1","Dualcast","Chaos+1","Cold Snap","FTL","Cold Snap","Double Energy","Melter","Conserve Battery+1","Heatsinks+1","Turbo","Seek","Biased Cognition+1","Auto Shields","Compile Driver","Sweeping Beam","Undo","Cold Snap","Auto Shields","Defragment+1","Bite","Bite","Bite","Bite","Bite","Coolheaded+1","Machine Learning+1","Skim"],"special_seed":0,"relics":["Cracked Core","Lantern","Frozen Egg 2","Question Card","Mummified Hand","Pandora\u0027s Box","Old Coin","Nunchaku","Matryoshka"],"potions_floor_usage":[25,25],"damage_taken":[{"damage":0.0,"enemies":"Small Slimes","floor":1.0,"turns":3.0},{"damage":0.0,"enemies":"Cultist","floor":3.0,"turns":3.0},{"damage":4.0,"enemies":"Jaw Worm","floor":4.0,"turns":3.0},{"damage":3.0,"enemies":"2 Fungi Beasts","floor":5.0,"turns":3.0},{"damage":18.0,"enemies":"Lagavulin","floor":6.0,"turns":4.0},{"damage":12.0,"enemies":"3 Sentries","floor":8.0,"turns":8.0},{"damage":2.0,"enemies":"Lagavulin","floor":11.0,"turns":5.0},{"damage":15.0,"enemies":"Exordium Wildlife","floor":12.0,"turns":4.0},{"damage":2.0,"enemies":"Exordium Thugs","floor":13.0,"turns":5.0},{"damage":10.0,"enemies":"Hexaghost","floor":16.0,"turns":9.0},{"damage":0.0,"enemies":"2 Thieves","floor":18.0,"turns":3.0},{"damage":10.0,"enemies":"Shell Parasite","floor":20.0,"turns":5.0},{"damage":9.0,"enemies":"Snake Plant","floor":22.0,"turns":4.0},{"damage":34.0,"enemies":"Slavers","floor":23.0,"turns":8.0},{"damage":28,"enemies":"Gremlin Leader","floor":25,"turns":6},{"damage":34,"enemies":"Slavers","floor":27,"turns":1}],"seed_played":"4393368157368426522","potions_obtained":[{"floor":3.0,"key":"GamblersBrew"},{"floor":5.0,"key":"AttackPotion"},{"floor":11.0,"key":"LiquidBronze"},{"floor":12.0,"key":"Ancient Potion"},{"floor":16.0,"key":"Poison Potion"},{"floor":20.0,"key":"Strength Potion"}],"is_trial":false,"path_per_floor":["M","?","M","M","M","E","R","E","T","R","E","M","M","?","R","B",null,"M","?","M","$","M","E","R","E","T","E"],"character_chosen":"DEFECT","items_purchased":["Machine Learning+1"],"campfire_rested":1,"item_purchase_floors":[21],"current_hp_per_floor":[68,68,68,64,61,43,43,31,31,31,29,14,12,12,34,24,62,62,52,48,48,49,33,33,21,21,0],"gold":588,"neow_bonus":"TRANSFORM_CARD","is_prod":false,"is_daily":false,"chose_seed":false,"campfire_upgraded":3,"win_rate":0,"timestamp":1550184361,"path_taken":["M","?","M","M","M","E","R","E","T","R","E","M","?","?","R","BOSS","M","?","M","$","M","E","R","E","T","E"],"build_version":"2019-01-23","purchased_purges":0,"victory":false,"max_hp_per_floor":[75,75,75,75,75,75,75,75,75,75,75,75,75,75,75,75,75,75,52,52,52,52,52,52,52,52,52],"card_choices":[{"not_picked":["Steam","Stack"],"picked":"Cold Snap","floor":1.0},{"not_picked":["Barrage","Compile Driver"],"picked":"FTL","floor":3.0},{"not_picked":["Barrage","Hologram"],"picked":"Cold Snap","floor":4.0},{"not_picked":["Doom and Gloom","Streamline"],"picked":"Double Energy","floor":5.0},{"not_picked":["Storm","Darkness"],"picked":"Melter","floor":6.0},{"not_picked":["Leap","Rebound"],"picked":"Conserve Battery","floor":8.0},{"not_picked":["Static Discharge+1","Rip and Tear","Compile Driver"],"picked":"Heatsinks+1","floor":11.0},{"not_picked":["Stack","Gash","Darkness"],"picked":"Turbo","floor":12.0},{"not_picked":["Coolheaded","Cold Snap","Leap"],"picked":"Seek","floor":13.0},{"not_picked":["All For One","Electrodynamics+1","Thunder Strike"],"picked":"Biased Cognition+1","floor":16.0},{"not_picked":["Hello World+1","Ball Lightning","Stack"],"picked":"Defragment+1","floor":18.0},{"not_picked":["Steam","Streamline","Compile Driver"],"picked":"Coolheaded","floor":20.0},{"not_picked":["Stack","Ball Lightning","Coolheaded","Sunder"],"picked":"SKIP","floor":22.0},{"not_picked":["Stack","Ball Lightning","Coolheaded","Sunder"],"picked":"SKIP","floor":22.0},{"not_picked":["Darkness","Sweeping Beam","Stack","Melter"],"picked":"SKIP","floor":23.0},{"not_picked":["Rebound","Hologram","Chill"],"picked":"Skim","floor":25}],"player_experience":431016,"relics_obtained":[{"floor":6.0,"key":"Lantern"},{"floor":8.0,"key":"Frozen Egg 2"},{"floor":9.0,"key":"Question Card"},{"floor":11.0,"key":"Mummified Hand"},{"floor":23.0,"key":"Old Coin"},{"floor":25,"key":"Nunchaku"},{"floor":26,"key":"Matryoshka"}],"event_choices":[{"damage_healed":0.0,"max_hp_gain":0.0,"max_hp_loss":0.0,"gold_gain":0.0,"event_name":"Accursed Blacksmith","player_choice":"Forge","floor":2.0,"gold_loss":0.0,"damage_taken":0.0,"cards_upgraded":["Chaos"]},{"cards_removed":["Defend_B"],"damage_healed":0.0,"max_hp_gain":0.0,"max_hp_loss":0.0,"gold_gain":0.0,"event_name":"The Cleric","player_choice":"Card Removal","floor":14.0,"gold_loss":50.0,"damage_taken":0.0},{"damage_healed":0.0,"max_hp_gain":0.0,"max_hp_loss":23.0,"gold_gain":0.0,"event_name":"Vampires","player_choice":"Became a vampire","floor":19.0,"gold_loss":0.0,"damage_taken":0.0,"cards_obtained":["Bite","Bite","Bite","Bite","Bite"]}],"is_beta":false,"boss_relics":[{"not_picked":["Black Star","Nuclear Battery"],"picked":"Pandora\u0027s Box"}],"items_purged_floors":[],"is_endless":false,"potions_floor_spawned":[3,5,11,12,16,20],"killed_by":"Slavers","ascension_level":13}