{"path_per_floor":["M","M","$","M","?","R","M","M","T","?","M","R","?","?","R"],"character_chosen":"DEFECT","items_purchased":[],"gold_per_floor":[118,138,63,83,83,83,100,118,118,118,137,137,137,137,137,137],"floor_reached":16,"campfire_rested":0,"playtime":567,"item_purchase_floors":[],"current_hp_per_floor":[67,64,64,63,56,56,54,52,52,52,46,46,46,32,32,0],"items_purged":["Dualcast"],"gold":137,"score":92,"play_id":"b79df5cf-4b74-444e-bf83-e6b7b4751806","local_time":"20180607183449","is_prod":false,"is_daily":false,"chose_seed":false,"is_ascension_mode":false,"campfire_upgraded":0,"win_rate":0,"timestamp":1528389289,"campfire_choices":[{"floor":6,"key":"DIG"},{"floor":12,"key":"DIG"},{"floor":15,"key":"DIG"}],"path_taken":["M","?","$","M","?","R","M","M","T","?","M","R","?","?","R","BOSS"],"build_version":"2018-05-31","seed_source_timestamp":381387847579124,"purchased_purges":1,"victory":false,"master_deck":["Strike_B","Strike_B+1","Strike_B","Defend_B+1","Defend_B","Defend_B","Zap","Coolheaded+1"],"max_hp_per_floor":[68,68,68,68,68,68,68,68,68,68,68,68,68,68,68,68],"relics":["Cracked Core","Shovel","Toxic Egg 2","Bottled Flame","Boot","Question Card"],"card_choices":[{"not_picked":["Stack","Redo","Cold Snap"],"picked":"SKIP","floor":1},{"not_picked":["Barrage","Beam Cell","Hello World"],"picked":"SKIP","floor":2},{"not_picked":["Steam","Doom and Gloom","Melter"],"picked":"SKIP","floor":4},{"not_picked":["Double Energy+1","Ball Lightning"],"picked":"Coolheaded+1","floor":7},{"not_picked":["Compile Driver","Consume+1","Barrage"],"picked":"SKIP","floor":8},{"not_picked":["Rebound","Fusion+1","Stack+1"],"picked":"SKIP","floor":11}],"player_experience":608088,"potions_floor_usage":[],"damage_taken":[{"damage":1,"enemies":"Cultist","floor":1,"turns":4},{"damage":3,"enemies":"Jaw Worm","floor":2,"turns":4},{"damage":1,"enemies":"2 Louse","floor":4,"turns":2},{"damage":2,"enemies":"Looter","floor":7,"turns":5},{"damage":2,"enemies":"Red Slaver","floor":8,"turns":6},{"damage":6,"enemies":"Large Slime","floor":11,"turns":7},{"damage":33,"enemies":"Hexaghost","floor":16,"turns":10}],"relics_obtained":[{"floor":6,"key":"Toxic Egg 2"},{"floor":9,"key":"Bottled Flame"},{"floor":12,"key":"Boot"},{"floor":15,"key":"Question Card"}],"event_choices":[{"event_name":"Golden Wing","player_choice":"Card Removal","floor":5,"damage_taken":0},{"event_name":"Living Wall","player_choice":"Forget","floor":10,"damage_taken":0},{"event_name":"Liars Game","player_choice":"disagreed","floor":13,"damage_taken":0},{"event_name":"Shining Light","player_choice":"Entered Light","floor":14,"damage_taken":0}],"boss_relics":[],"items_purged_floors":[3],"potions_floor_spawned":[2,8],"seed_played":"9122281486009410641","killed_by":"Hexaghost","ascension_level":0,"potions_obtained":[{"floor":2,"key":"Ancient Potion"},{"floor":8,"key":"Energy Potion"}],"is_trial":false}