{"gold_per_floor":[111,131,206,206,206,206,246,246,246,89,108,108,141,154,154,283,283,296,310,330,350,78,78,78],"floor_reached":24,"playtime":1115,"items_purged":["Strike_B","Regret"],"score":323,"play_id":"c0ee19d1-1215-47ec-a10e-5b3b28d7b8b3","local_time":"20190202163034","is_ascension_mode":true,"campfire_choices":[{"data":"Zap","floor":6,"key":"SMITH"},{"data":"Redo","floor":8,"key":"SMITH"},{"data":"Dualcast","floor":12,"key":"SMITH"},{"data":"Conserve Battery","floor":15,"key":"SMITH"},{"floor":23,"key":"REST"}],"neow_cost":"NONE","seed_source_timestamp":821193756621366,"circlet_count":0,"master_deck":["Strike_B","Strike_B","Strike_B","Defend_B","Defend_B","Defend_B","Defend_B","Zap+1","Dualcast+1","Cold Snap","Redo+1","Reboot","Self Repair","Conserve Battery+1","Chill","Doom and Gloom","Coolheaded","All For One","Redo","Undo+1","Consume","Melter","Consume","Seek"],"relics":["Cracked Core","NeowsBlessing","Golden Idol","Darkstone Periapt","Sundial","Bird Faced Urn","Inserter"],"potions_floor_usage":[21,24,24],"damage_taken":[{"damage":0,"enemies":"Jaw Worm","floor":1,"turns":1},{"damage":0,"enemies":"Small Slimes","floor":2,"turns":1},{"damage":0,"enemies":"Gremlin Nob","floor":7,"turns":1},{"damage":13,"enemies":"2 Louse","floor":11,"turns":4},{"damage":19,"enemies":"Lagavulin","floor":13,"turns":8},{"damage":8,"enemies":"Exordium Wildlife","floor":14,"turns":6},{"damage":28,"enemies":"Slime Boss","floor":16,"turns":11},{"damage":20,"enemies":"Chosen","floor":18,"turns":6},{"damage":16,"enemies":"3 Byrds","floor":19,"turns":5},{"damage":24,"enemies":"Shelled Parasite and Fungi","floor":20,"turns":8},{"damage":15,"enemies":"Snecko","floor":21,"turns":7},{"damage":53,"enemies":"Book of Stabbing","floor":24,"turns":8}],"seed_played":"-3491257835565179158","potions_obtained":[{"floor":2,"key":"Block Potion"},{"floor":16,"key":"Swift Potion"},{"floor":18,"key":"GamblersBrew"},{"floor":21,"key":"SkillPotion"}],"is_trial":false,"path_per_floor":["M","M","?","?","?","R","E","R","T","$","M","R","E","M","R","B",null,"M","M","M","M","$","R","E"],"character_chosen":"DEFECT","items_purchased":["Self Repair","Conserve Battery","Consume","Seek"],"campfire_rested":1,"item_purchase_floors":[10,10,22,22],"current_hp_per_floor":[68,68,57,57,63,63,63,63,63,63,57,57,45,46,46,27,63,52,45,30,24,24,46,0],"gold":78,"neow_bonus":"THREE_ENEMY_KILL","is_prod":false,"is_daily":false,"chose_seed":false,"campfire_upgraded":4,"win_rate":0,"timestamp":1549143034,"path_taken":["M","M","?","?","?","R","E","R","T","$","?","R","E","M","R","BOSS","M","?","M","M","$","R","E"],"build_version":"2019-01-23","purchased_purges":2,"victory":false,"max_hp_per_floor":[75,75,75,69,75,75,75,75,75,75,75,75,75,75,75,75,75,75,75,75,75,75,75,75],"card_choices":[{"not_picked":["Turbo","Hologram"],"picked":"Cold Snap","floor":1},{"not_picked":["Loop","Darkness"],"picked":"Redo","floor":2},{"not_picked":["Darkness","Go for the Eyes"],"picked":"Reboot","floor":7},{"not_picked":["Streamline","Turbo"],"picked":"Chill","floor":11},{"not_picked":["Lockon","Reprogram"],"picked":"Doom and Gloom","floor":13},{"not_picked":["Redo","Capacitor"],"picked":"Coolheaded","floor":14},{"not_picked":["Core Surge","Echo Form"],"picked":"All For One","floor":16},{"not_picked":["Ball Lightning","Barrage"],"picked":"Redo","floor":18},{"not_picked":["Streamline","Leap"],"picked":"Undo+1","floor":19},{"not_picked":["Ball Lightning","Coolheaded"],"picked":"Consume","floor":20},{"not_picked":["Beam Cell","Cold Snap"],"picked":"Melter","floor":21}],"player_experience":306202,"relics_obtained":[{"floor":7,"key":"Sundial"},{"floor":13,"key":"Bird Faced Urn"}],"event_choices":[{"damage_healed":0,"gold_gain":75,"player_choice":"Gather Gold","damage_taken":11,"max_hp_gain":0,"max_hp_loss":0,"event_name":"World of Goop","floor":3,"gold_loss":0},{"damage_healed":0,"gold_gain":0,"player_choice":"Lose Max HP","damage_taken":0,"relics_obtained":["Golden Idol"],"max_hp_gain":0,"max_hp_loss":6,"event_name":"Golden Idol","floor":4,"gold_loss":0},{"damage_healed":0,"gold_gain":0,"player_choice":"Box","damage_taken":0,"relics_obtained":["Darkstone Periapt"],"max_hp_gain":0,"max_hp_loss":0,"event_name":"Big Fish","floor":5,"gold_loss":0,"cards_obtained":["Regret"]}],"is_beta":false,"boss_relics":[{"not_picked":["Runic Dome","Velvet Choker"],"picked":"Inserter"}],"items_purged_floors":[10,22],"is_endless":false,"potions_floor_spawned":[2,16,18,21],"killed_by":"Book of Stabbing","ascension_level":8}