{"gold_per_floor":[110,110,125,125,144,179,179],"floor_reached":7,"playtime":253,"items_purged":[],"score":97,"play_id":"7ce39aec-28dc-42ba-a060-543be8faff06","local_time":"20190120130300","is_ascension_mode":true,"campfire_choices":[],"neow_cost":"TEN_PERCENT_HP_LOSS","seed_source_timestamp":852453191974300,"circlet_count":0,"master_deck":["AscendersBane","Strike_B","Strike_B","Strike_B","Defend_B","Defend_B","Defend_B","Defend_B","Zap","Dualcast","Machine Learning","Streamline+1","Beam Cell","Meteor Strike","Storm","Machine Learning"],"relics":["Cracked Core","Pocketwatch"],"potions_floor_usage":[],"damage_taken":[{"damage":2,"enemies":"Cultist","floor":1,"turns":4},{"damage":1,"enemies":"2 Louse","floor":3,"turns":2},{"damage":7,"enemies":"Jaw Worm","floor":5,"turns":3},{"damage":39,"enemies":"Lagavulin","floor":6,"turns":8},{"damage":17,"enemies":"Lots of Slimes","floor":7,"turns":2}],"seed_played":"2971158959197043276","potions_obtained":[{"floor":1,"key":"LiquidBronze"},{"floor":6,"key":"Ancient Potion"}],"is_trial":false,"path_per_floor":["M","?","M","?","M","E","M"],"character_chosen":"DEFECT","items_purchased":[],"campfire_rested":0,"item_purchase_floors":[],"current_hp_per_floor":[62,62,61,61,54,15,0],"gold":179,"neow_bonus":"THREE_RARE_CARDS","is_prod":false,"is_daily":false,"chose_seed":false,"campfire_upgraded":0,"win_rate":0,"timestamp":1548018180,"path_taken":["M","?","M","?","?","E","M"],"build_version":"2019-01-17v2","purchased_purges":0,"victory":false,"max_hp_per_floor":[64,64,64,64,64,64,64],"card_choices":[{"not_picked":["Amplify","Multi-Cast"],"picked":"Machine Learning","floor":0},{"not_picked":["Steam Power","Hologram"],"picked":"Streamline","floor":1},{"not_picked":["Storm","Barrage"],"picked":"Beam Cell","floor":3},{"not_picked":["Cold Snap","Skim"],"picked":"Storm","floor":5},{"not_picked":["Coolheaded","Reprogram"],"picked":"Machine Learning","floor":6}],"player_experience":567353,"relics_obtained":[{"floor":6,"key":"Pocketwatch"}],"event_choices":[{"damage_healed":0,"gold_gain":0,"player_choice":"Grow","damage_taken":0,"max_hp_gain":0,"max_hp_loss":0,"event_name":"Living Wall","floor":2,"gold_loss":0,"cards_upgraded":["Streamline"]},{"damage_healed":0,"gold_gain":0,"cards_transformed":["Strike_B"],"player_choice":"Transformed","damage_taken":0,"max_hp_gain":0,"max_hp_loss":0,"event_name":"Transmorgrifier","floor":4,"gold_loss":0,"cards_obtained":["Meteor Strike"]}],"is_beta":false,"boss_relics":[],"items_purged_floors":[],"is_endless":false,"potions_floor_spawned":[1,6],"killed_by":"Lots of Slimes","ascension_level":18}