{"path_per_floor":["M","?","M","M","?","E","R","M","T","?","R","E","$","M","R","B",null,"M","M","?","T","M"],"character_chosen":"THE_SILENT","items_purchased":["Backflip"],"gold_per_floor":[117,117,136,148,73,100,100,110,190,190,190,217,120,135,135,206,206,192,206,206,230,248,248],"floor_reached":23,"campfire_rested":1,"playtime":1065,"current_hp_per_floor":[59,59,59,59,59,43,43,36,36,36,55,42,42,42,42,44,62,57,44,44,44,41,0],"items_purged":["Strike_G"],"gold":248,"score":439,"play_id":"f3cf5ded-c551-4750-aff2-98da9509ad07","local_time":"20180408042434","is_prod":false,"is_daily":false,"is_ascension_mode":true,"campfire_upgraded":2,"timestamp":1523129074,"path_taken":["M","?","?","M","?","E","R","M","T","?","R","E","$","M","R","BOSS","M","M","?","?","?","E"],"build_version":"2018-04-05v2","purchased_purges":2,"victory":false,"master_deck":["Defend_G","Defend_G","Defend_G","Defend_G","Defend_G","Strike_G","Strike_G","Strike_G","Survivor","Neutralize+1","AscendersBane","Deflect","Slice","Poisoned Stab+1","Deadly Poison+1","Escape Plan","Well Laid Plans","Backflip","Acrobatics","Escape Plan","Poisoned Stab+1","Writhe"],"max_hp_per_floor":[66,66,66,66,66,66,66,66,66,66,66,66,66,66,66,68,68,68,68,68,68,70,70],"relics":["Ring of the Snake","NeowsBlessing","Singing Bowl","Meat on the Bone","Thread and Needle","Black Star","Kunai","Happy Flower"],"card_choices":[{"not_picked":["Sucker Punch","Bane"],"picked":"Deflect","floor":1},{"not_picked":["Outmaneuver","Endless Agony"],"picked":"Slice","floor":3},{"not_picked":["Endless Agony","Outmaneuver"],"picked":"Poisoned Stab","floor":4},{"not_picked":["Reflex","Riddle With Holes"],"picked":"Deadly Poison","floor":6},{"not_picked":["Underhanded Strike","Cloak And Dagger"],"picked":"Escape Plan","floor":8},{"not_picked":["Tools of the Trade","Underhanded Strike"],"picked":"Well Laid Plans","floor":12},{"not_picked":["Bane","Prepared"],"picked":"Acrobatics","floor":14},{"not_picked":["Deadly Poison","Underhanded Strike"],"picked":"Escape Plan","floor":18},{"not_picked":["Cloak And Dagger","Skewer"],"picked":"Poisoned Stab","floor":19}],"player_experience":417843,"potions_floor_usage":[6,22,22,23,23],"damage_taken":[{"damage":0,"enemies":"Small Slimes","floor":1,"turns":1},{"damage":0,"enemies":"Cultist","floor":3,"turns":1},{"damage":0,"enemies":"Jaw Worm","floor":4,"turns":1},{"damage":28,"enemies":"3 Sentries","floor":6,"turns":14},{"damage":7,"enemies":"3 Louse","floor":8,"turns":3},{"damage":25,"enemies":"Gremlin Nob","floor":12,"turns":5},{"damage":0,"enemies":"Looter","floor":14,"turns":4},{"damage":0,"enemies":"The Guardian","floor":16,"turns":10},{"damage":5,"enemies":"2 Thieves","floor":18,"turns":4},{"damage":13,"enemies":"Chosen","floor":19,"turns":7},{"damage":5,"enemies":"Snake Plant","floor":22,"turns":5},{"damage":58,"enemies":"Gremlin Leader","floor":23,"turns":6}],"event_choices":[{"event_name":"The Lab","player_choice":"Got Potions","floor":2,"damage_taken":0},{"event_name":"The Cleric","player_choice":"Card Removal","floor":5,"damage_taken":0},{"event_name":"Living Wall","player_choice":"Grow","floor":10,"damage_taken":0},{"event_name":"The Mausoleum","player_choice":"Yes","floor":20,"damage_taken":0}],"boss_relics":[{"not_picked":["Calling Bell","Eternal Feather"],"picked":"Black Star"}],"potions_floor_spawned":[3,4,14,22],"seed_played":"-8473224391942725815","killed_by":"Gremlin Leader","ascension_level":15,"is_trial":false}