{"gold_per_floor":[112,3,22,297,297,323,323,335,406,406,406,84,97,112,112,112],"floor_reached":16,"playtime":358,"items_purged":["Regret"],"score":231,"play_id":"075352f5-c4c0-4f7c-bebc-34d19c272607","local_time":"20180926002100","is_ascension_mode":true,"campfire_choices":[{"data":"Darkness","floor":7,"key":"SMITH"},{"data":"Zap","floor":10,"key":"SMITH"},{"floor":15,"key":"REST"}],"neow_cost":"NONE","seed_source_timestamp":972752446236307,"circlet_count":0,"master_deck":["Strike_B","Strike_B","Strike_B","Strike_B","Defend_B","Defend_B","Defend_B","Defend_B","Zap+1","Dualcast","AscendersBane","Capacitor","Panacea","Darkness+1","Steam","Capacitor","Darkness","Go for the Eyes"],"relics":["Cracked Core","NeowsBlessing","Bag of Preparation","Gremlin Horn","Regal Pillow"],"potions_floor_usage":[14],"damage_taken":[{"damage":0,"enemies":"Small Slimes","floor":1,"turns":1},{"damage":0,"enemies":"Cultist","floor":3,"turns":1},{"damage":0,"enemies":"Lagavulin","floor":6,"turns":1},{"damage":20,"enemies":"Jaw Worm","floor":8,"turns":4},{"damage":11,"enemies":"Blue Slaver","floor":13,"turns":4},{"damage":16,"enemies":"2 Fungi Beasts","floor":14,"turns":4},{"damage":57,"enemies":"Slime Boss","floor":16,"turns":9}],"seed_played":"-7443042765974204530","potions_obtained":[{"floor":8,"key":"SkillPotion"},{"floor":13,"key":"Ancient Potion"},{"floor":14,"key":"Dexterity Potion"}],"is_trial":false,"path_per_floor":["M","$","M","?","?","E","R","M","T","R","?","$","M","M","R"],"character_chosen":"DEFECT","items_purchased":["Panacea","Regal Pillow","Capacitor"],"campfire_rested":1,"item_purchase_floors":[2,12,12],"current_hp_per_floor":[64,64,64,64,64,64,64,44,44,44,44,44,33,17,53,0],"gold":112,"neow_bonus":"THREE_ENEMY_KILL","is_prod":false,"is_daily":false,"chose_seed":false,"campfire_upgraded":2,"win_rate":0,"timestamp":1537935660,"path_taken":["M","$","M","?","?","E","R","?","T","R","?","$","M","M","R","BOSS"],"build_version":"2018-09-20","purchased_purges":1,"victory":false,"max_hp_per_floor":[71,71,71,71,71,71,71,71,71,71,71,71,71,71,71,71],"card_choices":[{"not_picked":["Sweeping Beam","Streamline"],"picked":"Capacitor","floor":1},{"not_picked":["Rebound","Beam Cell","Turbo"],"picked":"SKIP","floor":3},{"not_picked":["Sweeping Beam","Reinforced Body"],"picked":"Darkness","floor":6},{"not_picked":["Turbo","Barrage"],"picked":"Steam","floor":8},{"not_picked":["Skim","Glacier"],"picked":"Darkness","floor":13},{"not_picked":["Aggregate","Compile Driver"],"picked":"Go for the Eyes","floor":14}],"player_experience":265795,"relics_obtained":[{"floor":6,"key":"Bag of Preparation"},{"floor":9,"key":"Gremlin Horn"}],"event_choices":[{"event_name":"Golden Shrine","player_choice":"Desecrate","floor":4,"damage_taken":0},{"event_name":"Golden Idol","player_choice":"Ignored","floor":5,"damage_taken":0},{"event_name":"Liars Game","player_choice":"disagreed","floor":11,"damage_taken":0}],"is_beta":false,"boss_relics":[],"items_purged_floors":[12],"is_endless":false,"potions_floor_spawned":[8,13,14],"killed_by":"Slime Boss","ascension_level":17}