{"path_per_floor":["M","M","M","?","M","R","$","M","T","R","M","E","?","?","R","B",null,"M","$","?","M","?","R","M","M","T","$","E","R","M","$","R"],"character_chosen":"THE_SILENT","items_purchased":["Boot","Dramatic Entrance","Dagger Spray","Backstab+1"],"gold_per_floor":[118,129,148,148,164,164,164,174,174,174,188,218,243,243,243,347,347,364,113,38,58,58,58,73,91,114,61,92,92,102,21,21,21],"floor_reached":33,"campfire_rested":3,"playtime":2319,"item_purchase_floors":[19,19,27,31],"current_hp_per_floor":[68,68,66,52,44,50,50,45,45,51,51,50,47,47,70,28,70,55,55,55,57,57,63,54,50,50,50,27,56,49,49,70,0],"items_purged":[],"gold":21,"score":305,"play_id":"98f262be-d182-41dc-a82e-ecd74ade3cbc","local_time":"20180613194633","is_prod":false,"is_daily":false,"chose_seed":false,"is_ascension_mode":true,"campfire_upgraded":3,"win_rate":0,"timestamp":1528883193,"campfire_choices":[{"data":"Backstab","floor":6,"key":"SMITH"},{"data":"Flying Knee","floor":10,"key":"SMITH"},{"floor":15,"key":"REST"},{"data":"Die Die Die","floor":23,"key":"SMITH"},{"floor":29,"key":"REST"},{"floor":32,"key":"REST"}],"path_taken":["M","M","?","?","?","R","$","M","T","R","M","E","?","?","R","BOSS","M","$","?","?","?","R","M","M","T","?","E","R","M","$","R","BOSS"],"build_version":"2018-06-12","seed_source_timestamp":199843647847157,"purchased_purges":0,"victory":false,"master_deck":["Defend_G","Defend_G","Defend_G","Defend_G+1","Survivor","Neutralize","Flying Knee+1","Slice+1","Backstab+1","Slice","Cloak And Dagger","Quick Slash+1","Die Die Die+1","Dramatic Entrance","Bite","Bite","Bite","Bite","Bite","Backflip+1","Predator+1","Dagger Spray","Adrenaline","Dagger Spray+1","Backstab+1"],"max_hp_per_floor":[70,70,70,70,70,70,70,70,70,70,70,70,70,70,70,70,70,70,70,70,70,70,70,70,70,70,70,70,70,70,70,70,70],"special_seed":0,"relics":["Eternal Feather","Centennial Puzzle","Odd Mushroom","Lizard Tail","Boot","Snake Skull","Molten Egg 2"],"card_choices":[{"not_picked":["Calculated Gamble","Malaise","Acrobatics"],"picked":"SKIP","floor":1},{"not_picked":["PiercingWail","Deadly Poison"],"picked":"Flying Knee","floor":2},{"not_picked":["Choke","Deadly Poison"],"picked":"Slice","floor":3},{"not_picked":["Cloak And Dagger","Deadly Poison"],"picked":"Backstab","floor":5},{"not_picked":["Quick Slash","Bouncing Flask"],"picked":"Slice","floor":8},{"not_picked":["Leg Sweep","Prepared","Escape Plan"],"picked":"SKIP","floor":11},{"not_picked":["Outmaneuver","Caltrops"],"picked":"Cloak And Dagger","floor":12},{"not_picked":["Footwork","Storm of Steel"],"picked":"Quick Slash","floor":13},{"not_picked":["Envenom","Grand Finale"],"picked":"Die Die Die","floor":16},{"not_picked":["Dodge and Roll","Bane","Deadly Poison+1"],"picked":"SKIP","floor":18},{"not_picked":["Flechettes","Dodge and Roll","PiercingWail"],"picked":"SKIP","floor":21},{"not_picked":["Deadly Poison","Flying Knee"],"picked":"Backflip+1","floor":24},{"not_picked":["Bouncing Flask","PiercingWail"],"picked":"Predator+1","floor":25},{"not_picked":["Wraith Form v2","Blur"],"picked":"Adrenaline","floor":28},{"not_picked":["Outmaneuver","Predator+1"],"picked":"Dagger Spray+1","floor":30}],"player_experience":401652,"potions_floor_usage":[12,12,16,24,25,33],"damage_taken":[{"damage":2,"enemies":"Cultist","floor":1,"turns":5},{"damage":0,"enemies":"2 Louse","floor":2,"turns":2},{"damage":2,"enemies":"Small Slimes","floor":3,"turns":4},{"damage":8,"enemies":"Exordium Wildlife","floor":5,"turns":5},{"damage":5,"enemies":"Looter","floor":8,"turns":3},{"damage":0,"enemies":"3 Louse","floor":11,"turns":3},{"damage":1,"enemies":"Lagavulin","floor":12,"turns":6},{"damage":5,"floor":13,"turns":4},{"damage":42,"enemies":"The Guardian","floor":16,"turns":13},{"damage":15,"enemies":"2 Thieves","floor":18,"turns":4},{"damage":0,"enemies":"Chosen","floor":21,"turns":4},{"damage":17,"enemies":"Sentry and Sphere","floor":24,"turns":5},{"damage":12,"enemies":"Centurion and Healer","floor":25,"turns":4},{"damage":63,"enemies":"Book of Stabbing","floor":28,"turns":8},{"damage":13,"enemies":"3 Cultists","floor":30,"turns":4},{"damage":86,"enemies":"Automaton","floor":33,"turns":10}],"relics_obtained":[{"floor":9,"key":"Centennial Puzzle"},{"floor":12,"key":"Blood Vial"},{"floor":13,"key":"Odd Mushroom"},{"floor":26,"key":"Snake Skull"},{"floor":28,"key":"Molten Egg 2"}],"event_choices":[{"event_name":"Shining Light","player_choice":"Entered Light","floor":4,"damage_taken":0},{"event_name":"Mushrooms","player_choice":"Fought Mushrooms","floor":13,"damage_taken":0},{"event_name":"Living Wall","player_choice":"Grow","floor":14,"damage_taken":0},{"event_name":"Beggar","player_choice":"Gave Gold","floor":20,"damage_taken":0},{"event_name":"Vampires","player_choice":"Became a vampire (Vial)","floor":22,"damage_taken":0}],"boss_relics":[{"not_picked":["Pandora\u0027s Box","Runic Dome"],"picked":"Lizard Tail"}],"items_purged_floors":[],"potions_floor_spawned":[1,5,13,16,24,28],"seed_played":"8427388566202082526","killed_by":"Automaton","ascension_level":1,"potions_obtained":[{"floor":1,"key":"GhostInAJar"},{"floor":5,"key":"Dexterity Potion"},{"floor":13,"key":"LiquidBronze"},{"floor":16,"key":"SpeedPotion"},{"floor":24,"key":"Fire Potion"},{"floor":28,"key":"Dexterity Potion"}],"is_trial":false}