{"path_per_floor":["M","?","M","M","?","R","?","R","T","R","M","R","M","M","R","B",null],"character_chosen":"THE_SILENT","items_purchased":[],"gold_per_floor":[117,117,130,140,140,140,140,140,164,164,177,177,193,212,212,313,313,313],"floor_reached":18,"campfire_rested":0,"playtime":352,"current_hp_per_floor":[60,57,54,54,54,54,59,59,59,59,56,56,56,56,56,27,75,75],"items_purged":[],"gold":313,"score":152,"play_id":"0a7d39d7-eb8c-406d-8fea-f07baa971d8b","local_time":"20180507173400","is_prod":false,"is_daily":false,"chose_seed":false,"is_ascension_mode":false,"campfire_upgraded":5,"timestamp":1525682040,"path_taken":["M","?","M","M","?","R","?","R","T","R","M","R","M","M","R","BOSS","M"],"build_version":"2018-05-03","seed_source_timestamp":452138797773847,"purchased_purges":0,"victory":false,"master_deck":["Survivor","Neutralize+1","Noxious Fumes+1","Slice+1","Dagger Spray+1","Deadly Poison+1","Backstab+1","Sucker Punch","Dagger Throw","Slice","Catalyst","Poisoned Stab","Flying Knee","Setup","Escape Plan","Dagger Throw","Outmaneuver"],"max_hp_per_floor":[70,70,70,70,70,70,75,75,75,75,75,75,75,75,75,75,75,75],"relics":["Ring of the Snake","Prayer Wheel","Dream Catcher","Vajra","Pandora\u0027s Box"],"card_choices":[{"not_picked":["Well Laid Plans","Catalyst"],"picked":"Noxious Fumes","floor":1},{"not_picked":["Concentrate","Eviscerate"],"picked":"Slice","floor":3},{"not_picked":["Calculated Gamble","Quick Slash"],"picked":"Dagger Spray","floor":4},{"not_picked":["Poisoned Stab","Underhanded Strike"],"picked":"Deadly Poison","floor":9},{"not_picked":["Acrobatics","Deadly Poison"],"picked":"Backstab","floor":13}],"player_experience":474822,"potions_floor_usage":[],"damage_taken":[{"damage":10,"enemies":"Small Slimes","floor":1,"turns":5},{"damage":3,"enemies":"Jaw Worm","floor":3,"turns":6},{"damage":0,"enemies":"2 Louse","floor":4,"turns":3},{"damage":3,"enemies":"Exordium Wildlife","floor":11,"turns":3},{"damage":0,"enemies":"Exordium Thugs","floor":13,"turns":3},{"damage":0,"enemies":"2 Fungi Beasts","floor":14,"turns":1},{"damage":29,"enemies":"Hexaghost","floor":16,"turns":11},{"damage":0,"enemies":"3 Byrds","floor":18,"turns":1}],"event_choices":[{"event_name":"Scrap Ooze","player_choice":"success","floor":2,"damage_taken":3},{"event_name":"Living Wall","player_choice":"Grow","floor":5,"damage_taken":0},{"event_name":"Big Fish","player_choice":"Donut","floor":7,"damage_taken":0}],"boss_relics":[{"not_picked":["Runic Pyramid","Astrolabe"],"picked":"Pandora\u0027s Box"}],"potions_floor_spawned":[1,3,14,16],"seed_played":"1704796373605631438","killed_by":"3 Byrds","ascension_level":0,"is_trial":false}