{"gold_per_floor":[113,38,58,58,77,104,204,204,204,214,214,231,251,5,5,102,102,122,135,152,152],"floor_reached":21,"playtime":1850,"items_purged":["Defend_G"],"score":201,"play_id":"bf7a9bd8-7aa7-4365-be25-fd6fc3ea85c3","local_time":"20190303093016","is_ascension_mode":true,"campfire_choices":[{"data":"Noxious Fumes","floor":8,"key":"SMITH"},{"data":"Setup","floor":11,"key":"SMITH"},{"floor":15,"key":"REST"}],"neow_cost":"TEN_PERCENT_HP_LOSS","seed_source_timestamp":1524104964400740,"circlet_count":0,"master_deck":["Defend_G","Defend_G","Defend_G","Strike_G","Strike_G","Strike_G","Strike_G","Survivor","Neutralize","Bane","Setup+1","Catalyst","Deadly Poison","Noxious Fumes+1","Bane","Footwork","Sadistic Nature","Noxious Fumes","Doppelganger","Backstab","Noxious Fumes"],"relics":["Ring of the Snake","Mummified Hand","Gremlin Horn","Fusion Hammer"],"potions_floor_usage":[3,6,18,20],"damage_taken":[{"damage":3,"enemies":"2 Louse","floor":1,"turns":4},{"damage":0,"enemies":"Small Slimes","floor":3,"turns":3},{"damage":0,"enemies":"Cultist","floor":5,"turns":2},{"damage":27,"enemies":"3 Sentries","floor":6,"turns":6},{"damage":7,"enemies":"Red Slaver","floor":10,"turns":5},{"damage":18,"enemies":"Gremlin Gang","floor":12,"turns":3},{"damage":1,"enemies":"Large Slime","floor":13,"turns":5},{"damage":25,"enemies":"Hexaghost","floor":16,"turns":7},{"damage":0,"enemies":"Chosen","floor":18,"turns":4},{"damage":28,"enemies":"Spheric Guardian","floor":19,"turns":6},{"damage":8,"enemies":"Chosen and Byrds","floor":20,"turns":4},{"damage":37,"enemies":"Cultist and Chosen","floor":21,"turns":4}],"seed_played":"-8347200224083808400","potions_obtained":[{"floor":1,"key":"Poison Potion"},{"floor":5,"key":"Fire Potion"},{"floor":13,"key":"GamblersBrew"},{"floor":18,"key":"FearPotion"},{"floor":19,"key":"Fruit Juice"}],"is_trial":false,"path_per_floor":["M","$","M","?","M","E","?","R","T","M","R","M","M","$","R","B",null,"M","M","M","M"],"character_chosen":"THE_SILENT","items_purchased":["Sadistic Nature","Noxious Fumes"],"campfire_rested":1,"item_purchase_floors":[14,14],"current_hp_per_floor":[60,60,60,65,65,38,38,38,38,31,31,13,12,12,32,7,68,68,40,37,0],"gold":152,"neow_bonus":"TRANSFORM_TWO_CARDS","is_prod":false,"is_daily":false,"chose_seed":false,"campfire_upgraded":2,"win_rate":0,"timestamp":1551634216,"path_taken":["M","$","M","?","M","E","?","R","T","M","R","?","M","?","R","BOSS","M","?","M","?"],"build_version":"2019-01-23","purchased_purges":1,"victory":false,"max_hp_per_floor":[63,63,63,68,68,68,68,68,68,68,68,68,68,68,68,68,68,68,68,73,73],"card_choices":[{"not_picked":["Dagger Throw","Dodge and Roll"],"picked":"Catalyst","floor":1},{"not_picked":["Flechettes","Dodge and Roll"],"picked":"Deadly Poison","floor":3},{"not_picked":["Acrobatics","Deflect"],"picked":"Noxious Fumes","floor":5},{"not_picked":["Finisher","Deflect","Quick Slash"],"picked":"SKIP","floor":6},{"not_picked":["Leg Sweep","Prepared"],"picked":"Bane","floor":10},{"not_picked":["Blur","Poisoned Stab","Blade Dance"],"picked":"SKIP","floor":12},{"not_picked":["Underhanded Strike","Masterful Stab"],"picked":"Footwork","floor":13},{"not_picked":["Unload","Grand Finale"],"picked":"Doppelganger","floor":16},{"not_picked":["Noxious Fumes","Deadly Poison"],"picked":"Backstab","floor":18},{"not_picked":["Flechettes","Deflect+1"],"picked":"Noxious Fumes","floor":19},{"not_picked":["Dagger Throw","Bane","Deflect+1"],"picked":"SKIP","floor":20}],"player_experience":190087,"relics_obtained":[{"floor":6,"key":"Mummified Hand"},{"floor":9,"key":"Gremlin Horn"}],"event_choices":[{"damage_healed":0,"gold_gain":0,"player_choice":"Donut","damage_taken":0,"max_hp_gain":5,"max_hp_loss":0,"event_name":"Big Fish","floor":4,"gold_loss":0},{"damage_healed":0,"gold_gain":100,"player_choice":"Gold","damage_taken":0,"max_hp_gain":0,"max_hp_loss":0,"event_name":"Wheel of Change","floor":7,"gold_loss":0}],"is_beta":false,"boss_relics":[{"not_picked":["Snecko Eye","Pandora\u0027s Box"],"picked":"Fusion Hammer"}],"items_purged_floors":[2],"is_endless":false,"potions_floor_spawned":[1,5,13,18,19],"killed_by":"Cultist and Chosen","ascension_level":2}