{"gold_per_floor":[112,62,62,26,26,26,56,66,66,99,114,143,143,169,169,265,265,265],"floor_reached":18,"playtime":747,"items_purged":[],"score":274,"play_id":"5cc15f94-50c1-4e53-8b6e-775221e53e53","local_time":"20190212170807","is_ascension_mode":true,"campfire_choices":[{"data":"Masterful Stab","floor":6.0,"key":"SMITH"},{"data":"Leg Sweep","floor":13.0,"key":"SMITH"},{"data":"Survivor","floor":15.0,"key":"SMITH"}],"neow_cost":"NONE","seed_source_timestamp":0,"circlet_count":0,"master_deck":["Defend_G","Defend_G","Defend_G","Defend_G","Defend_G","Strike_G+1","Strike_G","Strike_G","Survivor+1","Neutralize+1","Masterful Stab","Masterful Stab+1","Malaise","Leg Sweep+1","Tools of the Trade"],"special_seed":0,"relics":["Busted Crown","Orichalcum","Meat on the Bone","Ancient Tea Set","Whetstone","Smiling Mask","HoveringKite"],"potions_floor_usage":[16],"damage_taken":[{"damage":0.0,"enemies":"Cultist","floor":1.0,"turns":5.0},{"damage":17.0,"enemies":"Lagavulin","floor":7.0,"turns":7.0},{"damage":0.0,"enemies":"Jaw Worm","floor":8.0,"turns":2.0},{"damage":5.0,"enemies":"3 Sentries","floor":10.0,"turns":9.0},{"damage":6.0,"enemies":"Small Slimes","floor":11.0,"turns":3.0},{"damage":0.0,"enemies":"Lagavulin","floor":12.0,"turns":8.0},{"damage":3.0,"enemies":"Gremlin Nob","floor":14.0,"turns":5.0},{"damage":44,"enemies":"Slime Boss","floor":16,"turns":18},{"damage":0,"enemies":"Shell Parasite","floor":18,"turns":1}],"seed_played":"-354517678395127374","potions_obtained":[{"floor":1.0,"key":"Energy Potion"},{"floor":8.0,"key":"Poison Potion"},{"floor":10.0,"key":"Fruit Juice"},{"floor":11.0,"key":"GhostInAJar"},{"floor":14.0,"key":"Weak Potion"},{"floor":16,"key":"Dexterity Potion"}],"is_trial":false,"path_per_floor":["M","?","?","$","?","R","E","M","T","E","M","E","R","E","R","B",null,"M"],"character_chosen":"THE_SILENT","items_purchased":["Masterful Stab"],"campfire_rested":0,"item_purchase_floors":[4],"current_hp_per_floor":[63,63,63,63,63,63,46,46,46,41,52,52,52,49,49,17,61,61],"gold":265,"neow_bonus":"BOSS_RELIC","is_prod":false,"is_daily":false,"chose_seed":false,"campfire_upgraded":3,"win_rate":0,"timestamp":1549980487,"path_taken":["M","?","?","$","?","R","E","M","T","E","M","E","R","E","R","BOSS","M"],"build_version":"2019-01-23","purchased_purges":0,"victory":false,"max_hp_per_floor":[70,70,70,70,70,70,70,70,70,70,75,75,75,75,75,75,75,75],"card_choices":[{"not_picked":[],"picked":"Masterful Stab","floor":1.0},{"not_picked":["Tactician"],"picked":"SKIP","floor":7.0},{"not_picked":["Choke"],"picked":"SKIP","floor":8.0},{"not_picked":[],"picked":"Malaise","floor":10.0},{"not_picked":["Acrobatics"],"picked":"SKIP","floor":11.0},{"not_picked":[],"picked":"Leg Sweep","floor":12.0},{"not_picked":["Blade Dance"],"picked":"SKIP","floor":14.0},{"not_picked":[],"picked":"Tools of the Trade","floor":16}],"player_experience":276336,"relics_obtained":[{"floor":7.0,"key":"Orichalcum"},{"floor":9.0,"key":"Meat on the Bone"},{"floor":10.0,"key":"Ancient Tea Set"},{"floor":12.0,"key":"Whetstone"},{"floor":14.0,"key":"Smiling Mask"}],"event_choices":[{"cards_removed":["Strike_G"],"damage_healed":0.0,"max_hp_gain":0.0,"max_hp_loss":0.0,"gold_gain":0.0,"event_name":"The Cleric","player_choice":"Card Removal","floor":2.0,"gold_loss":50.0,"damage_taken":0.0},{"cards_removed":["Strike_G"],"damage_healed":0.0,"max_hp_gain":0.0,"max_hp_loss":0.0,"gold_gain":0.0,"event_name":"Living Wall","player_choice":"Forget","floor":3.0,"gold_loss":0.0,"damage_taken":0.0},{"damage_healed":0.0,"max_hp_gain":0.0,"max_hp_loss":0.0,"gold_gain":0.0,"event_name":"Liars Game","player_choice":"Ignored","floor":5.0,"gold_loss":0.0,"damage_taken":0.0}],"is_beta":false,"boss_relics":[{"not_picked":["Snecko Eye","Runic Dome"],"picked":"HoveringKite"}],"items_purged_floors":[],"is_endless":false,"potions_floor_spawned":[1,8,10,11,14,16],"killed_by":"Shell Parasite","ascension_level":6}