{"gold_per_floor":[109,34,34,50,3,3,36,36,86,261,261,261,211,77,77,201,201,221,221,46,46,46,77,92,126,203,242,260,30,30,129,129,252,252,266,13,31,51,1,1,1,14,14,29,47,47,47,47,47,47],"floor_reached":51,"playtime":3023,"items_purged":["Injury","Clumsy","Strike_G","Survivor","Strike_G+1","Strike_G+1"],"score":747,"play_id":"b7cf30ee-eb4c-458b-a290-a37a5073a421","local_time":"20180816222006","is_ascension_mode":false,"campfire_choices":[{"data":"Dagger Throw","floor":6,"key":"SMITH"},{"data":"Infinite Blades","floor":8,"key":"SMITH"},{"data":"Infinite Blades","floor":15,"key":"SMITH"},{"data":"Terror","floor":32,"key":"SMITH"},{"floor":40,"key":"REST"},{"floor":47,"key":"REST"},{"floor":49,"key":"REST"}],"neow_cost":"NONE","seed_source_timestamp":65972979050282,"circlet_count":0,"master_deck":["Defend_G+1","Defend_G+1","Defend_G+1","Defend_G+1","Strike_G+1","Strike_G+1","Neutralize","Terror+1","Endless Agony","Dagger Throw+1","Infinite Blades+1","Infinite Blades+1","Corpse Explosion","Flying Knee+1","Infinite Blades","Dagger Throw","Blur","Tools of the Trade","Blur","Infinite Blades+1","Envenom+1","Infinite Blades+1","Panache+1","Backflip+1","Blade Dance+1"],"relics":["Calling Bell","Anchor","Kunai","Incense Burner","Ninja Scroll","Juzu Bracelet","Golden Idol","Runic Dome","StoneCalendar","Bottled Lightning","Frozen Egg 2","Oddly Smooth Stone","Smiling Mask","Fusion Hammer","Gremlin Horn","Thread and Needle","Pantograph"],"potions_floor_usage":[27,50,50],"damage_taken":[{"damage":0,"enemies":"2 Louse","floor":1,"turns":3},{"damage":0,"enemies":"Jaw Worm","floor":4,"turns":4},{"damage":6,"enemies":"Lagavulin","floor":7,"turns":5},{"damage":14,"enemies":"Hexaghost","floor":16,"turns":8},{"damage":0,"enemies":"Chosen","floor":18,"turns":4},{"damage":0,"enemies":"Gremlin Leader","floor":23,"turns":5},{"damage":0,"enemies":"Spheric Guardian","floor":24,"turns":3},{"damage":29,"enemies":"Slavers","floor":25,"turns":5},{"damage":17,"enemies":"Gremlin Leader","floor":27,"turns":5},{"damage":0,"enemies":"Cultist and Chosen","floor":28,"turns":3},{"damage":5,"enemies":"Collector","floor":33,"turns":9},{"damage":0,"enemies":"3 Shapes","floor":35,"turns":4},{"damage":0,"enemies":"Flame Bruiser 1 Orb","floor":37,"turns":4},{"damage":15,"enemies":"4 Shapes","floor":38,"turns":4},{"damage":16,"enemies":"3 Darklings","floor":42,"turns":4},{"damage":0,"enemies":"Maw","floor":44,"turns":6},{"damage":2,"enemies":"Transient","floor":45,"turns":5},{"damage":8,"floor":46,"turns":5},{"damage":6,"enemies":"Donu and Deca","floor":50,"turns":5}],"seed_played":"8724347777953330894","potions_obtained":[{"floor":4,"key":"Regen Potion"},{"floor":16,"key":"Dexterity Potion"},{"floor":18,"key":"SpeedPotion"},{"floor":24,"key":"SteroidPotion"},{"floor":28,"key":"FearPotion"}],"is_trial":false,"path_per_floor":["M","$","?","M","$","R","E","R","T","?","?","?","?","$","R","B",null,"M","?","$","?","?","E","M","E","T","E","M","$","T","?","R","B",null,"M","$","M","M","$","R","?","M","T","M","M","?","R","?","R","B"],"character_chosen":"THE_SILENT","items_purchased":["Underhanded Strike","Infinite Blades","Dagger Throw","Infinite Blades+1","Panache+1"],"campfire_rested":3,"item_purchase_floors":[5,14,20,29,36],"current_hp_per_floor":[70,70,70,70,70,70,64,64,64,64,64,47,47,47,47,33,70,70,70,70,70,70,70,70,41,41,38,38,38,38,38,38,33,70,70,70,70,55,55,70,70,54,54,54,52,44,65,65,70,64],"gold":47,"neow_bonus":"BOSS_RELIC","is_prod":false,"is_daily":false,"chose_seed":false,"campfire_upgraded":4,"win_rate":0,"timestamp":1534472406,"path_taken":["M","$","?","M","?","R","E","R","T","?","?","?","?","$","R","BOSS","M","?","$","?","?","E","M","E","T","E","M","$","?","?","R","BOSS","M","$","M","M","$","R","?","M","T","M","M","?","R","?","R","BOSS"],"build_version":"2018-08-09","purchased_purges":6,"victory":true,"max_hp_per_floor":[70,70,70,70,70,70,70,70,70,70,70,70,70,70,70,70,70,70,70,70,70,70,70,70,70,70,70,70,70,70,70,70,70,70,70,70,70,70,70,70,70,70,70,70,70,70,70,70,70,70],"card_choices":[{"not_picked":["Bane","Deadly Poison"],"picked":"Terror","floor":1},{"not_picked":["Slice","Dagger Spray"],"picked":"Dagger Throw","floor":4},{"not_picked":["Deflect","Dash"],"picked":"Infinite Blades","floor":7},{"not_picked":["Night Terror","Glass Knife"],"picked":"Corpse Explosion","floor":16},{"not_picked":["Blade Dance","Prepared"],"picked":"Flying Knee+1","floor":18},{"not_picked":["Tactician+1","Blade Dance","Outmaneuver"],"picked":"SKIP","floor":23},{"not_picked":["All Out Attack+1","Dagger Spray"],"picked":"Blur","floor":24},{"not_picked":["Outmaneuver+1","Bane"],"picked":"Tools of the Trade","floor":25},{"not_picked":["Backflip+1","Underhanded Strike"],"picked":"Blur","floor":27},{"not_picked":["Eviscerate","Deadly Poison","Dodge and Roll"],"picked":"SKIP","floor":28},{"not_picked":["Die Die Die","Venomology"],"picked":"Envenom+1","floor":33},{"not_picked":["Dodge and Roll","Underhanded Strike+1"],"picked":"Infinite Blades+1","floor":35},{"not_picked":["Underhanded Strike+1","Endless Agony"],"picked":"Backflip+1","floor":37},{"not_picked":["Bane+1","Bouncing Flask+1"],"picked":"Blade Dance+1","floor":38},{"not_picked":["Quick Slash","Phantasmal Killer","Underhanded Strike+1"],"picked":"SKIP","floor":42},{"not_picked":["Acrobatics+1","Backflip"],"picked":"Expertise+1","floor":44},{"not_picked":["Underhanded Strike+1","Noxious Fumes+1","Endless Agony"],"picked":"SKIP","floor":45}],"player_experience":58594,"relics_obtained":[{"floor":0,"key":"Anchor"},{"floor":0,"key":"Kunai"},{"floor":0,"key":"Incense Burner"},{"floor":7,"key":"Ninja Scroll"},{"floor":9,"key":"Juzu Bracelet"},{"floor":23,"key":"StoneCalendar"},{"floor":25,"key":"Bottled Lightning"},{"floor":26,"key":"Frozen Egg 2"},{"floor":27,"key":"Oddly Smooth Stone"},{"floor":30,"key":"Smiling Mask"},{"floor":43,"key":"Gremlin Horn"},{"floor":46,"key":"Thread and Needle"}],"event_choices":[{"event_name":"Living Wall","player_choice":"Change","floor":3,"damage_taken":0},{"event_name":"Liars Game","player_choice":"agreed","floor":10,"damage_taken":0},{"event_name":"Purifier","player_choice":"One Purge","floor":11,"damage_taken":0},{"event_name":"Golden Idol","player_choice":"Take Damage","floor":12,"damage_taken":0},{"event_name":"The Cleric","player_choice":"Card Removal","floor":13,"damage_taken":0},{"event_name":"The Library","player_choice":"Read","floor":19,"damage_taken":0},{"event_name":"Addict","player_choice":"Ignored","floor":21,"damage_taken":0},{"event_name":"Back to Basics","player_choice":"Simplicity","floor":22,"damage_taken":0},{"event_name":"Nest","player_choice":"Stole From Cult","floor":31,"damage_taken":0},{"event_name":"Purifier","player_choice":"One Purge","floor":41,"damage_taken":0},{"event_name":"MindBloom","player_choice":"Fight","floor":46,"damage_taken":0},{"event_name":"WeMeetAgain","player_choice":"Card","floor":48,"damage_taken":0}],"is_beta":false,"boss_relics":[{"not_picked":["Ectoplasm","Snecko Eye"],"picked":"Runic Dome"},{"not_picked":["Orrery","Velvet Choker"],"picked":"Fusion Hammer"}],"items_purged_floors":[2,14,20,29,36,39],"is_endless":false,"potions_floor_spawned":[4,16,18,24,28,33,35,45,46],"ascension_level":0}