{"gold_per_floor":[113,113,113,19,42,42,83,96,120,120,120,141,141,164,164,283,283,298,317,317,317,416,455,455,468,494,518,518],"floor_reached":28,"playtime":1330,"items_purged":[],"score":309,"play_id":"7ad9da7a-7b60-4203-b4ca-0a4a43fa3992","local_time":"20181015125910","is_ascension_mode":true,"campfire_choices":[{"data":"Chaos","floor":6,"key":"SMITH"},{"data":"Zap","floor":10,"key":"SMITH"},{"floor":15,"key":"REST"},{"data":"Creative AI","floor":24,"key":"SMITH"}],"neow_cost":"","seed_source_timestamp":8385394084493552,"circlet_count":0,"master_deck":["Strike_B","Strike_B","Strike_B","Strike_B","Defend_B","Defend_B","Defend_B","Defend_B","Zap+1","Dualcast","Chaos+1","Cold Snap","Storm","Force Field","Self Repair+1","Creative AI+1","Conserve Battery","Consume+1","Blizzard+1","Coolheaded+1","Conserve Battery+1"],"relics":["Cracked Core","Golden Idol","Potion Belt","Mummified Hand","Smiling Mask","Inserter","MutagenicStrength","Darkstone Periapt","Bag of Marbles"],"potions_floor_usage":[7,16,16,25,27],"damage_taken":[{"damage":1,"enemies":"Cultist","floor":1,"turns":3},{"damage":16,"enemies":"Small Slimes","floor":5,"turns":4},{"damage":14,"enemies":"Lagavulin","floor":7,"turns":6},{"damage":2,"enemies":"2 Louse","floor":8,"turns":3},{"damage":5,"enemies":"Blue Slaver","floor":12,"turns":4},{"damage":0,"enemies":"2 Fungi Beasts","floor":14,"turns":4},{"damage":26,"enemies":"The Guardian","floor":16,"turns":15},{"damage":11,"enemies":"Spheric Guardian","floor":18,"turns":4},{"damage":5,"enemies":"Chosen","floor":19,"turns":4},{"damage":40,"enemies":"Book of Stabbing","floor":23,"turns":6},{"damage":43,"enemies":"Shelled Parasite and Fungi","floor":25,"turns":5},{"damage":4,"enemies":"Centurion and Healer","floor":27,"turns":6},{"damage":24,"enemies":"Slavers","floor":28,"turns":1}],"seed_played":"-8130487930293763366","potions_obtained":[{"floor":5,"key":"Fire Potion"},{"floor":12,"key":"Fire Potion"},{"floor":14,"key":"SkillPotion"},{"floor":16,"key":"SneckoOil"},{"floor":19,"key":"Energy Potion"},{"floor":25,"key":"Poison Potion"}],"is_trial":false,"path_per_floor":["M","?","?","$","M","R","E","M","T","R","?","M","?","M","R","B",null,"M","M","?","?","?","E","R","M","T","M"],"character_chosen":"DEFECT","items_purchased":["Cold Snap","Storm"],"campfire_rested":1,"item_purchase_floors":[4,4],"current_hp_per_floor":[67,49,42,42,26,26,12,10,10,10,10,5,5,15,37,31,64,53,58,58,85,85,45,45,12,12,18,0],"gold":518,"neow_bonus":"","is_prod":false,"is_daily":false,"chose_seed":false,"campfire_upgraded":3,"win_rate":0,"timestamp":1539633550,"path_taken":["M","?","?","$","?","R","E","M","T","R","?","M","?","?","R","BOSS","M","M","?","?","?","E","R","M","T","M","E"],"build_version":"2018-10-11","purchased_purges":0,"victory":false,"max_hp_per_floor":[75,75,75,75,75,75,75,75,75,75,75,75,75,75,75,75,75,75,75,75,85,85,85,85,85,85,85,85],"card_choices":[{"not_picked":["Leap","Hello World"],"picked":"Chaos","floor":1},{"not_picked":["Aggregate","Steam","Sunder"],"picked":"SKIP","floor":5},{"not_picked":["Redo","Stack"],"picked":"Amplify","floor":7},{"not_picked":["Stack","Genetic Algorithm"],"picked":"Force Field","floor":8},{"not_picked":["Loop","Stack"],"picked":"Self Repair","floor":12},{"not_picked":["Fusion","Stack","Redo"],"picked":"SKIP","floor":14},{"not_picked":["Hyperbeam","Meteor Strike"],"picked":"Creative AI","floor":16},{"not_picked":["Beam Cell","Cold Snap"],"picked":"Conserve Battery","floor":18},{"not_picked":["Auto Shields","Skim"],"picked":"Consume+1","floor":19},{"not_picked":["Undo+1","Genetic Algorithm"],"picked":"Blizzard+1","floor":23},{"not_picked":["Gash","Go for the Eyes"],"picked":"Coolheaded+1","floor":25},{"not_picked":["Storm","Beam Cell"],"picked":"Conserve Battery+1","floor":27}],"player_experience":269187,"relics_obtained":[{"floor":7,"key":"Mummified Hand"},{"floor":9,"key":"Smiling Mask"},{"floor":23,"key":"Darkstone Periapt"},{"floor":26,"key":"Bag of Marbles"}],"event_choices":[{"event_name":"Golden Idol","player_choice":"Take Damage","floor":2,"damage_taken":0},{"event_name":"Scrap Ooze","player_choice":"success","floor":3,"damage_taken":7},{"event_name":"Golden Wing","player_choice":"Ignored","floor":11,"damage_taken":0},{"event_name":"Living Wall","player_choice":"Grow","floor":13,"damage_taken":0},{"event_name":"Drug Dealer","player_choice":"Inject Mutagens","floor":20,"damage_taken":0},{"event_name":"Bonfire Elementals","player_choice":"RARE","floor":21,"damage_taken":0},{"event_name":"Nest","player_choice":"Stole From Cult","floor":22,"damage_taken":0}],"is_beta":false,"boss_relics":[{"not_picked":["Ectoplasm","Coffee Dripper"],"picked":"Inserter"}],"items_purged_floors":[],"is_endless":false,"potions_floor_spawned":[5,12,14,16,19,25],"killed_by":"Slavers","ascension_level":6}