{"path_per_floor":["M","M","$","M","?","R","?","M","T","E","?","E","$","?","R","B",null,"M","?","$","?","M","R","M","R","T","E","?","R","T","M","R"],"character_chosen":"IRONCLAD","items_purchased":["Bandage Up","Flex","Inflame","Anger","Flex"],"gold_per_floor":[109,125,125,141,141,141,241,260,306,333,333,367,40,40,40,145,145,156,156,10,10,25,25,45,45,69,94,94,94,94,111,111],"floor_reached":33,"campfire_rested":4,"playtime":1504,"current_hp_per_floor":[75,80,80,72,65,65,65,52,52,44,44,14,14,14,38,28,80,70,56,56,56,38,38,14,30,30,48,33,51,51,54,61],"items_purged":["Defend_R","True Grit"],"gold":111,"play_id":"be537636-2d46-4d39-8703-27f0e6a210a8","is_prod":false,"is_daily":false,"campfire_rituals":0,"campfire_upgraded":2,"is_hardmode":false,"path_taken":["M","M","$","M","?","R","?","M","T","E","?","E","$","?","R","BOSS","M","?","$","?","M","R","?","R","T","E","?","R","?","?","R","BOSS"],"build_version":"2018-01-04-PROD1","purchased_purges":2,"victory":false,"master_deck":["Defend_R","Bash","Inflame","Pommel Strike","Twin Strike","Sever Soul","Twin Strike","Dropkick","Bandage Up","Flex","Inflame","Anger","Demon Form","Second Wind","Bite_R","Bite_R","Bite_R","Bite_R","Bite_R","Flex","Clash","Thunderclap","Rampage","Twin Strike"],"max_hp_per_floor":[80,80,80,80,80,80,80,80,80,80,80,80,80,80,80,80,80,80,56,56,56,56,56,56,56,56,56,61,61,61,61,61],"relics":["Burning Blood","Whetstone","Torii","Bag of Marbles","Black Star","Paper Frog","Art of War","Dodecahedron","Mercury Hourglass","Dead Branch"],"campfire_meditates":0,"card_choices":[{"not_picked":["Body Slam","Intimidate"],"picked":"Inflame"},{"not_picked":["Evolve","Warcry"],"picked":"Pommel Strike"},{"not_picked":["Rage","Fiend Fire"],"picked":"Twin Strike"},{"not_picked":["Intimidate","Clash"],"picked":"Sever Soul"},{"not_picked":["Warcry","Armaments"],"picked":"Twin Strike"},{"not_picked":["Barricade","Feel No Pain"],"picked":"Dropkick"},{"not_picked":["Brutality","Immolate"],"picked":"Demon Form"},{"not_picked":["Havoc","Feel No Pain"],"picked":"Second Wind"},{"not_picked":["Corruption","Armaments"],"picked":"Clash"},{"not_picked":["Warcry","Clothesline"],"picked":"Thunderclap"},{"not_picked":["Rupture","Shockwave"],"picked":"Rampage"},{"not_picked":["Armaments","Barricade"],"picked":"Twin Strike"}],"player_experience":104522,"potions_floor_usage":[12,16,22,24,27,31],"damage_taken":[{"damage":11,"enemies":"Jaw Worm","floor":1,"turns":3},{"damage":1,"enemies":"Cultist","floor":2,"turns":4},{"damage":14,"enemies":"Blue Slaver","floor":4,"turns":3},{"damage":19,"enemies":"2 Fungi Beasts","floor":8,"turns":3},{"damage":14,"enemies":"Gremlin Nob","floor":10,"turns":3},{"damage":36,"enemies":"Lagavulin","floor":12,"turns":4},{"damage":20,"enemies":"The Guardian","floor":16,"turns":7},{"damage":20,"enemies":"2 Thieves","floor":18,"turns":3},{"damage":32,"enemies":"Shell Parasite","floor":22,"turns":4},{"damage":42,"enemies":"Centurion and Healer","floor":24,"turns":4},{"damage":0,"enemies":"Gremlin Leader","floor":27,"turns":5},{"damage":13,"enemies":"Snecko","floor":31,"turns":4},{"damage":66,"enemies":"Collector","floor":33,"turns":3}],"event_choices":[{"event_name":"Golden Wing","player_choice":"Card Removal","floor":5,"damage_taken":0},{"event_name":"Golden Shrine","player_choice":"Pray","floor":7,"damage_taken":0},{"event_name":"Upgrade Shrine","player_choice":"Upgraded","floor":11,"damage_taken":0},{"event_name":"Transmorgrifier","player_choice":"Transform","floor":14,"damage_taken":0},{"event_name":"Vampires","player_choice":"Became a vampire","floor":19,"damage_taken":0},{"event_name":"The Mausoleum","player_choice":"Yes","floor":21,"damage_taken":0},{"event_name":"Forgotten Altar","player_choice":"Shed Blood","floor":28,"damage_taken":0}],"boss_relics":[{"not_picked":["Runic Pyramid","Runic Dome"],"picked":"Black Star"}],"potions_floor_spawned":[2,4,10,16,24,27,31],"seed_played":"-6394111283135971141","killed_by":"Collector","is_trial":false}