{"gold_per_floor":[116,116,191,16,16,47,47,77,126,76,76,76,93,93,93,195,195,195,195,195,119,119,119,119,119,119,119,119,119,69,69,69,69,69,69,69,69,69,69,69,69,69,69,69,69,69,69,69,69,69],"floor_reached":50,"playtime":3847,"items_purged":["Regret"],"score":605,"play_id":"af4ef996-abaf-416e-80dc-afed494befd8","local_time":"20181111035235","is_ascension_mode":true,"campfire_choices":[{"floor":7,"key":"REST"},{"floor":12,"key":"REST"},{"data":"Zap","floor":15,"key":"SMITH"},{"floor":23,"key":"RECALL"},{"data":"Multi-Cast","floor":32,"key":"SMITH"},{"data":"Defragment","floor":41,"key":"SMITH"},{"floor":47,"key":"REST"},{"floor":49,"key":"REST"}],"neow_cost":"NONE","seed_source_timestamp":2658610365444722,"circlet_count":0,"master_deck":["Strike_B","Strike_B","Defend_B","Defend_B","Zap+1","Dualcast","Coolheaded","Streamline","Ball Lightning","Self Repair","Coolheaded","Streamline","BootSequence","Multi-Cast+1","Hologram","Loop+1","Defragment+1","Bandage Up","Hologram","Redo+1","Seek","Cold Snap+1","Echo Form","Redo+1","Chrysalis","Lockon+1","Blizzard+1","Hologram+1","Defragment","Redo+1","Fusion","Blizzard+1","Cold Snap"],"relics":["Cracked Core","Juzu Bracelet","Dream Catcher","Art of War","Pen Nib","DataDisk","Pocketwatch","Ectoplasm","Singing Bowl","Letter Opener","Bottled Flame","Red Mask","Inserter","Nunchaku"],"potions_floor_usage":[8,33,45,50,50,50],"damage_taken":[{"damage":5,"enemies":"2 Louse","floor":1,"turns":2},{"damage":37,"enemies":"Lagavulin","floor":6,"turns":6},{"damage":20,"enemies":"Gremlin Nob","floor":8,"turns":4},{"damage":0,"enemies":"Jaw Worm","floor":13,"turns":3},{"damage":4,"enemies":"The Guardian","floor":16,"turns":9},{"damage":0,"enemies":"Spheric Guardian","floor":18,"turns":3},{"damage":8,"enemies":"Shell Parasite","floor":20,"turns":4},{"damage":18,"enemies":"Centurion and Healer","floor":24,"turns":6},{"damage":6,"enemies":"Snake Plant","floor":28,"turns":3},{"damage":46,"enemies":"Gremlin Leader","floor":29,"turns":8},{"damage":2,"enemies":"Masked Bandits","floor":31,"turns":3},{"damage":6,"enemies":"Champ","floor":33,"turns":10},{"damage":2,"enemies":"3 Shapes","floor":35,"turns":3},{"damage":34,"enemies":"3 Darklings","floor":37,"turns":5},{"damage":16,"enemies":"Spire Growth","floor":39,"turns":5},{"damage":0,"enemies":"Mind Bloom Boss Battle","floor":40,"turns":4},{"damage":0,"enemies":"Maw","floor":44,"turns":6},{"damage":47,"enemies":"Transient","floor":45,"turns":5},{"damage":10,"enemies":"Jaw Worm Horde","floor":48,"turns":4},{"damage":69,"enemies":"Time Eater","floor":50,"turns":6}],"seed_played":"-103039424138082971","potions_obtained":[{"floor":1,"key":"PowerPotion"},{"floor":20,"key":"PowerPotion"},{"floor":24,"key":"SneckoOil"},{"floor":28,"key":"EssenceOfSteel"},{"floor":35,"key":"SteroidPotion"},{"floor":45,"key":"Weak Potion"}],"is_trial":false,"path_per_floor":["M","?","?","$","?","E","R","E","T","?","$","R","M","?","R","B",null,"M","T","M","$","?","R","M","?","T","$","M","E","?","?","R","B",null,"M","?","M","?","M","?","R","?","T","M","M","?","R","M","R","B"],"character_chosen":"DEFECT","items_purchased":["Streamline","Ball Lightning","Defragment"],"campfire_rested":4,"item_purchase_floors":[4,4,21],"current_hp_per_floor":[70,70,59,59,52,15,37,24,24,24,24,46,53,53,53,56,70,75,75,74,74,74,74,67,67,67,67,70,35,35,44,44,49,70,72,72,49,49,44,44,44,44,44,55,19,19,42,36,61,0],"gold":69,"neow_bonus":"REMOVE_CARD","is_prod":false,"is_daily":false,"chose_seed":false,"campfire_upgraded":3,"win_rate":0,"timestamp":1541904755,"path_taken":["M","?","?","$","?","E","R","E","T","?","?","R","M","?","R","BOSS","M","?","M","$","?","R","M","?","T","$","M","E","?","?","R","BOSS","M","?","M","?","M","?","R","?","T","M","M","?","R","M","R","BOSS"],"build_version":"2018-11-08","purchased_purges":1,"victory":false,"max_hp_per_floor":[75,75,75,75,75,75,75,75,75,75,75,75,75,75,75,75,75,75,75,75,75,75,75,75,75,75,75,77,77,77,77,77,77,77,77,77,77,77,77,77,77,77,77,77,77,77,77,77,79,79],"card_choices":[{"not_picked":["Genetic Algorithm","Force Field"],"picked":"Coolheaded","floor":1},{"not_picked":["Beam Cell","Steam Power"],"picked":"Self Repair","floor":6},{"not_picked":["Tempest","Heatsinks"],"picked":"Coolheaded","floor":7},{"not_picked":["Double Energy","Cold Snap"],"picked":"Hologram","floor":8},{"not_picked":["Compile Driver","Redo"],"picked":"Streamline","floor":12},{"not_picked":["Rip and Tear","Streamline"],"picked":"BootSequence","floor":13},{"not_picked":["All For One","Hyperbeam"],"picked":"Multi-Cast","floor":16},{"not_picked":["Heatsinks","Streamline"],"picked":"Hologram","floor":18},{"not_picked":["Coolheaded","BootSequence"],"picked":"Loop+1","floor":20},{"not_picked":["Gash","Beam Cell"],"picked":"Redo+1","floor":24},{"not_picked":["Compile Driver+1","Scrape","Turbo"],"picked":"Singing Bowl","floor":28},{"not_picked":["Beam Cell","Aggregate"],"picked":"Seek","floor":29},{"not_picked":["Rebound","Leap"],"picked":"Cold Snap+1","floor":31},{"not_picked":["Amplify","Core Surge"],"picked":"Echo Form","floor":33},{"not_picked":["Go for the Eyes+1","Capacitor+1"],"picked":"Redo+1","floor":35},{"not_picked":["The Bomb","Bandage Up"],"picked":"Chrysalis","floor":36},{"not_picked":["Steam+1","Reprogram"],"picked":"Lockon+1","floor":37},{"not_picked":["BootSequence","Coolheaded+1"],"picked":"Blizzard+1","floor":39},{"not_picked":["Turbo","Redo"],"picked":"Hologram+1","floor":40},{"not_picked":["Steam+1","Fusion"],"picked":"Defragment","floor":44},{"not_picked":["Gash+1","Stack+1"],"picked":"Redo+1","floor":45},{"not_picked":["Sweeping Beam+1","BootSequence"],"picked":"Blizzard+1","floor":47},{"not_picked":["Meteor Strike","Turbo+1"],"picked":"Cold Snap","floor":48},{"not_picked":["Sweeping Beam","Force Field","Redo"],"picked":"Singing Bowl","floor":49}],"player_experience":307051,"relics_obtained":[{"floor":6,"key":"Art of War"},{"floor":8,"key":"Pen Nib"},{"floor":9,"key":"DataDisk"},{"floor":19,"key":"Singing Bowl"},{"floor":26,"key":"Letter Opener"},{"floor":29,"key":"Bottled Flame"},{"floor":31,"key":"Red Mask"},{"floor":40,"key":"Nunchaku"}],"event_choices":[{"damage_healed":0,"gold_gain":0,"player_choice":"Box","damage_taken":0,"relics_obtained":["Juzu Bracelet"],"max_hp_gain":0,"max_hp_loss":0,"event_name":"Big Fish","floor":2,"gold_loss":0,"cards_obtained":["Regret"]},{"damage_healed":0,"gold_gain":75,"player_choice":"Gather Gold","damage_taken":11,"max_hp_gain":0,"max_hp_loss":0,"event_name":"World of Goop","floor":3,"gold_loss":0},{"damage_healed":0,"gold_gain":0,"player_choice":"Success","damage_taken":7,"relics_obtained":["Dream Catcher"],"max_hp_gain":0,"max_hp_loss":0,"event_name":"Scrap Ooze","floor":5,"gold_loss":0},{"cards_removed":["Strike_B"],"damage_healed":0,"gold_gain":0,"player_choice":"Card Removal","damage_taken":0,"max_hp_gain":0,"max_hp_loss":0,"event_name":"The Cleric","floor":10,"gold_loss":50},{"cards_removed":["Hologram"],"damage_healed":0,"gold_gain":0,"player_choice":"Gave Card","damage_taken":0,"relics_obtained":["Pocketwatch"],"max_hp_gain":0,"max_hp_loss":0,"event_name":"WeMeetAgain","floor":14,"gold_loss":0},{"damage_healed":0,"gold_gain":0,"player_choice":"2 cards matched","damage_taken":0,"max_hp_gain":0,"max_hp_loss":0,"event_name":"Match and Keep!","floor":22,"gold_loss":0,"cards_obtained":["Bandage Up","Hologram"]},{"damage_healed":0,"gold_gain":0,"player_choice":"Ignored","damage_taken":0,"max_hp_gain":0,"max_hp_loss":0,"event_name":"Vampires","floor":25,"gold_loss":0},{"damage_healed":0,"gold_gain":100,"player_choice":"Bet on Murderer","damage_taken":0,"max_hp_gain":0,"max_hp_loss":0,"event_name":"The Joust","floor":30,"gold_loss":50},{"damage_healed":0,"gold_gain":0,"player_choice":"Fought Bandits","damage_taken":0,"max_hp_gain":0,"max_hp_loss":0,"event_name":"Masked Bandits","floor":31,"gold_loss":0},{"damage_healed":0,"gold_gain":0,"player_choice":"Memory 1","damage_taken":0,"max_hp_gain":0,"max_hp_loss":0,"event_name":"SensoryStone","floor":36,"gold_loss":0},{"damage_healed":0,"gold_gain":0,"player_choice":"Ignored","damage_taken":0,"max_hp_gain":0,"max_hp_loss":0,"event_name":"Tomb of Lord Red Mask","floor":38,"gold_loss":0},{"damage_healed":0,"gold_gain":0,"player_choice":"Fight","damage_taken":0,"max_hp_gain":0,"max_hp_loss":0,"event_name":"MindBloom","floor":40,"gold_loss":0},{"cards_removed":["Defend_B"],"damage_healed":0,"gold_gain":0,"player_choice":"Removed Skill","damage_taken":0,"max_hp_gain":0,"max_hp_loss":0,"event_name":"Falling","floor":42,"gold_loss":0},{"damage_healed":0,"gold_gain":0,"cards_transformed":["Defend_B"],"player_choice":"Transformed","damage_taken":0,"max_hp_gain":0,"max_hp_loss":0,"event_name":"Transmorgrifier","floor":46,"gold_loss":0,"cards_obtained":["Fusion"]}],"is_beta":true,"boss_relics":[{"not_picked":["Tiny House","Runic Dome"],"picked":"Ectoplasm"},{"not_picked":["FrozenCore","Eternal Feather"],"picked":"Inserter"}],"items_purged_floors":[4],"is_endless":false,"potions_floor_spawned":[1,20,24,28,35,37,40,45],"killed_by":"Time Eater","ascension_level":5}