{"gold_per_floor":[118,137,137,137,137,172,28,28,52,81,32,46,59,59,59,155,155,166,66,66,66,84,114,130,130,153,153,28,28,28,3,3,3],"floor_reached":33,"playtime":1649,"items_purged":["Defend_G","Strike_G","Shame"],"score":303,"play_id":"05deb1d1-3270-4f17-a3a9-422720fe178a","local_time":"20190308193537","is_ascension_mode":true,"campfire_choices":[{"floor":8,"key":"REST"},{"floor":15,"key":"REST"},{"floor":29,"key":"REST"},{"floor":32,"key":"REST"}],"neow_cost":"NONE","seed_source_timestamp":2391517135020,"circlet_count":0,"master_deck":["Defend_G","Defend_G","Defend_G","Defend_G+1","Strike_G","Strike_G+1","Survivor","Neutralize","Dagger Throw","Backflip","Footwork","Flying Knee+1","Dagger Throw+1","Backflip+1","Flying Knee+1","Phantasmal Killer","Finisher+1","Necronomicurse","Dodge and Roll+1","Deflect"],"relics":["Ring of the Snake","Bronze Scales","Question Card","Molten Egg 2","Vajra","Juzu Bracelet","Cursed Key","MutagenicStrength","Necronomicon","Blood Vial","Bag of Preparation"],"potions_floor_usage":[16,16,30],"damage_taken":[{"damage":1,"enemies":"2 Louse","floor":1,"turns":3},{"damage":0,"enemies":"Jaw Worm","floor":2,"turns":4},{"damage":16,"enemies":"3 Sentries","floor":6,"turns":10},{"damage":10,"enemies":"Lagavulin","floor":10,"turns":8},{"damage":0,"enemies":"Small Slimes","floor":12,"turns":2},{"damage":0,"enemies":"Blue Slaver","floor":13,"turns":3},{"damage":23,"enemies":"Hexaghost","floor":16,"turns":8},{"damage":5,"enemies":"Shell Parasite","floor":18,"turns":3},{"damage":1,"enemies":"Chosen","floor":22,"turns":2},{"damage":13,"enemies":"Book of Stabbing","floor":23,"turns":4},{"damage":5,"enemies":"Centurion and Healer","floor":24,"turns":10},{"damage":10,"enemies":"Slavers","floor":30,"turns":2},{"damage":71,"enemies":"Collector","floor":33,"turns":8}],"seed_played":"-6980715226765488504","potions_obtained":[{"floor":10,"key":"FearPotion"},{"floor":12,"key":"PowerPotion"},{"floor":18,"key":"GamblersBrew"},{"floor":24,"key":"SmokeBomb"}],"is_trial":false,"path_per_floor":["M","M","?","?","?","E","$","R","T","E","$","M","M","?","R","B",null,"M","$","?","?","M","E","M","?","T","?","$","R","E","$","R","B"],"character_chosen":"THE_SILENT","items_purchased":["Footwork","Dagger Throw+1","Deflect"],"campfire_rested":4,"item_purchase_floors":[7,11,31],"current_hp_per_floor":[69,69,69,55,48,32,32,53,53,43,43,43,43,43,64,41,70,65,65,65,49,48,35,32,32,32,32,32,53,45,45,66,0],"gold":3,"neow_bonus":"RANDOM_COMMON_RELIC","is_prod":false,"is_daily":false,"chose_seed":false,"campfire_upgraded":0,"win_rate":0,"timestamp":1552034137,"path_taken":["M","M","?","?","?","E","$","R","T","E","?","M","M","?","R","BOSS","M","$","?","?","M","E","M","?","T","?","?","R","E","$","R","BOSS"],"build_version":"2019-02-06","purchased_purges":3,"victory":false,"max_hp_per_floor":[70,70,70,70,70,70,70,70,70,70,70,70,70,70,70,70,70,70,70,70,70,70,70,70,70,70,70,70,70,70,70,70,70],"card_choices":[{"not_picked":["Deflect","Bane","Terror"],"picked":"SKIP","floor":1},{"not_picked":["Deflect","Well Laid Plans"],"picked":"Dagger Throw","floor":2},{"not_picked":["Acrobatics","Prepared","Predator"],"picked":"Backflip","floor":6},{"not_picked":["Choke+1","Noxious Fumes","Heel Hook+1"],"picked":"Flying Knee+1","floor":10},{"not_picked":["Blur","Choke+1","Bouncing Flask"],"picked":"Backflip","floor":12},{"not_picked":["Concentrate","Deadly Poison","Acrobatics"],"picked":"Flying Knee+1","floor":13},{"not_picked":["Wraith Form v2","Adrenaline","Doppelganger"],"picked":"Phantasmal Killer","floor":16},{"not_picked":["PiercingWail","Deflect","Deadly Poison"],"picked":"Finisher+1","floor":18},{"not_picked":["Tactician","PiercingWail","Masterful Stab+1"],"picked":"Dodge and Roll+1","floor":22},{"not_picked":["Acrobatics","Deadly Poison+1","Flying Knee+1","Bane+1"],"picked":"SKIP","floor":23},{"not_picked":["Acrobatics","Poisoned Stab+1","Bouncing Flask","Concentrate"],"picked":"SKIP","floor":24}],"player_experience":506494,"relics_obtained":[{"floor":6,"key":"Molten Egg 2"},{"floor":9,"key":"Vajra"},{"floor":10,"key":"Juzu Bracelet"},{"floor":21,"key":"Necronomicon"},{"floor":23,"key":"Blood Vial"},{"floor":26,"key":"Bag of Preparation"}],"event_choices":[{"damage_healed":0,"gold_gain":0,"player_choice":"Ignored","damage_taken":0,"max_hp_gain":0,"max_hp_loss":0,"event_name":"Liars Game","floor":3,"gold_loss":0},{"damage_healed":0,"gold_gain":0,"player_choice":"Entered Light","damage_taken":14,"max_hp_gain":0,"max_hp_loss":0,"event_name":"Shining Light","floor":4,"gold_loss":0,"cards_upgraded":["Defend_G","Strike_G"]},{"damage_healed":0,"gold_gain":0,"player_choice":"Success","damage_taken":7,"relics_obtained":["Question Card"],"max_hp_gain":0,"max_hp_loss":0,"event_name":"Scrap Ooze","floor":5,"gold_loss":0},{"cards_removed":["Strike_G"],"damage_healed":0,"gold_gain":0,"player_choice":"Forget","damage_taken":0,"max_hp_gain":0,"max_hp_loss":0,"event_name":"Living Wall","floor":14,"gold_loss":0},{"damage_healed":0,"gold_gain":0,"player_choice":"Inject Mutagens","damage_taken":0,"relics_obtained":["MutagenicStrength"],"max_hp_gain":0,"max_hp_loss":0,"event_name":"Drug Dealer","floor":20,"gold_loss":0},{"damage_healed":0,"gold_gain":0,"player_choice":"Obtained Book","damage_taken":16,"max_hp_gain":0,"max_hp_loss":0,"event_name":"Cursed Tome","floor":21,"gold_loss":0},{"cards_removed":["Strike_G"],"damage_healed":0,"gold_gain":0,"player_choice":"Elegance","damage_taken":0,"max_hp_gain":0,"max_hp_loss":0,"event_name":"Back to Basics","floor":25,"gold_loss":0},{"damage_healed":0,"gold_gain":0,"player_choice":"Forge","damage_taken":0,"max_hp_gain":0,"max_hp_loss":0,"event_name":"Accursed Blacksmith","floor":27,"gold_loss":0,"cards_upgraded":["Backflip"]}],"is_beta":true,"boss_relics":[{"not_picked":["Eternal Feather","Lizard Tail"],"picked":"Cursed Key"}],"items_purged_floors":[7,19,28],"is_endless":false,"potions_floor_spawned":[10,12,18,24],"killed_by":"Collector","ascension_level":1}