{"gold_per_floor":[116,116,131,131,155,155,175,175,175,175,175,175,71,81,81,183,183,193,203,203,203,203],"floor_reached":22,"playtime":2079,"items_purged":[],"score":172,"play_id":"37c995d3-9391-4310-8ea6-342535a9f782","local_time":"20180909052951","is_ascension_mode":false,"campfire_choices":[{"data":"Rage","floor":6,"key":"SMITH"},{"data":"Pommel Strike","floor":8,"key":"SMITH"},{"data":"Headbutt","floor":15,"key":"SMITH"}],"neow_cost":"NONE","seed_source_timestamp":199984281122961,"circlet_count":0,"master_deck":["Strike_R+1","Strike_R+1","Strike_R+1","Strike_R+1","Strike_R+1","Defend_R+1","Defend_R+1","Defend_R+1","Defend_R+1","Bash","Rage+1","Pommel Strike+1","Flex","Headbutt+1","Clash","Juggernaut","Dual Wield+1","Thunderclap"],"relics":["Burning Blood","PreservedInsect","Juzu Bracelet","Meat on the Bone","Runic Pyramid"],"potions_floor_usage":[16,16,16,16,16,22],"damage_taken":[{"damage":5,"enemies":"Small Slimes","floor":1,"turns":4},{"damage":3,"enemies":"2 Louse","floor":3,"turns":3},{"damage":4,"enemies":"Jaw Worm","floor":7,"turns":4},{"damage":0,"enemies":"Large Slime","floor":14,"turns":6},{"damage":70,"enemies":"The Guardian","floor":16,"turns":14},{"damage":29,"enemies":"3 Byrds","floor":18,"turns":6},{"damage":0,"enemies":"Spheric Guardian","floor":19,"turns":2},{"damage":14,"enemies":"Colosseum Slavers","floor":22,"turns":4},{"damage":62,"enemies":"Colosseum Nobs","floor":22,"turns":4}],"seed_played":"-5803717567239530153","potions_obtained":[{"floor":0,"key":"Block Potion"},{"floor":0,"key":"EntropicBrew"},{"floor":3,"key":"Fire Potion"},{"floor":18,"key":"Block Potion"}],"is_trial":false,"path_per_floor":["M","?","M","?","T","R","M","R","T","?","?","?","$","M","R","B",null,"M","M","?","?"],"character_chosen":"IRONCLAD","items_purchased":["Flex","Headbutt"],"campfire_rested":0,"item_purchase_floors":[13,13],"current_hp_per_floor":[80,80,80,80,80,80,80,80,80,80,73,78,78,80,80,28,80,57,63,48,48,0],"gold":203,"neow_bonus":"THREE_SMALL_POTIONS","is_prod":false,"is_daily":false,"chose_seed":false,"campfire_upgraded":3,"win_rate":0.0,"timestamp":1536485391,"path_taken":["M","?","M","?","?","R","M","R","T","?","?","?","?","M","R","BOSS","M","M","?","?","?"],"build_version":"2018-09-06","purchased_purges":0,"victory":false,"max_hp_per_floor":[80,80,80,80,80,80,80,80,80,80,80,80,80,80,80,80,80,80,80,85,85,85],"card_choices":[{"not_picked":["Inflame","True Grit"],"picked":"Rage","floor":1},{"not_picked":["Hemokinesis","Perfected Strike"],"picked":"Pommel Strike","floor":3},{"not_picked":["Body Slam","Metallicize"],"picked":"Clash","floor":7},{"not_picked":["True Grit","Body Slam"],"picked":"Clash","floor":14},{"not_picked":["Fiend Fire","Reaper"],"picked":"Juggernaut","floor":16},{"not_picked":["Warcry","Headbutt"],"picked":"Dual Wield+1","floor":18},{"not_picked":["Iron Wave+1","Perfected Strike"],"picked":"Thunderclap","floor":19}],"player_experience":15200,"relics_obtained":[{"floor":5,"key":"PreservedInsect"},{"floor":9,"key":"Juzu Bracelet"}],"event_choices":[{"event_name":"Golden Idol","player_choice":"Ignored","floor":2,"damage_taken":0},{"event_name":"The Cleric","player_choice":"Leave","floor":4,"damage_taken":0},{"event_name":"Liars Game","player_choice":"disagreed","floor":10,"damage_taken":0},{"event_name":"Scrap Ooze","player_choice":"success","floor":11,"damage_taken":7},{"event_name":"Bonfire Elementals","player_choice":"COMMON","floor":12,"damage_taken":0},{"event_name":"Forgotten Altar","player_choice":"Shed Blood","floor":20,"damage_taken":0},{"event_name":"Back to Basics","player_choice":"Simplicity","floor":21,"damage_taken":0},{"event_name":"Colosseum","player_choice":"Fight","floor":22,"damage_taken":0},{"event_name":"Colosseum","player_choice":"Fought Nobs","floor":22,"damage_taken":0}],"is_beta":false,"boss_relics":[{"not_picked":["Lizard Tail","Eternal Feather"],"picked":"Runic Pyramid"}],"items_purged_floors":[],"is_endless":false,"potions_floor_spawned":[3,14,18],"killed_by":"Colosseum Nobs","ascension_level":0}