{"gold_per_floor":[12,12,23,23,42,42,68,68,68,97,111,124,153,172,172,267,267,278,278,278,157,157,183,165,165,191,116,36,64,64,96,96,96],"floor_reached":33,"playtime":1609,"items_purged":["Strike_G","Strike_G"],"score":465,"play_id":"97917e4d-65bf-4012-88e8-3971a32101ae","local_time":"20190226151345","is_ascension_mode":true,"campfire_choices":[{"data":"Poisoned Stab","floor":6.0,"key":"SMITH"},{"floor":15.0,"key":"REST"},{"floor":25,"key":"REST"},{"floor":30,"key":"REST"},{"floor":32,"key":"REST"}],"neow_cost":"NO_GOLD","seed_source_timestamp":0,"circlet_count":0,"master_deck":["Defend_G","Defend_G","Defend_G","Defend_G","Strike_G","Survivor","Neutralize","PiercingWail","Heel Hook","Poisoned Stab+1","Deadly Poison","Prepared","Noxious Fumes","Poisoned Stab","Leg Sweep","Prepared","Envenom","Poisoned Stab","Deadly Poison","Sucker Punch+1","Leg Sweep+1","PiercingWail","Well Laid Plans"],"special_seed":0,"relics":["Ring of the Serpent","Torii","Potion Belt","Anchor","Ninja Scroll","Matryoshka","The Courier","Vajra","Shuriken","Bottled Flame"],"potions_floor_usage":[23,29,33],"damage_taken":[{"damage":0.0,"enemies":"Jaw Worm","floor":1.0,"turns":4.0},{"damage":0.0,"enemies":"Cultist","floor":3.0,"turns":4.0},{"damage":0.0,"enemies":"Small Slimes","floor":5.0,"turns":3.0},{"damage":22.0,"enemies":"Gremlin Nob","floor":7.0,"turns":4.0},{"damage":13.0,"enemies":"3 Sentries","floor":10.0,"turns":12.0},{"damage":0.0,"enemies":"2 Fungi Beasts","floor":11.0,"turns":4.0},{"damage":3.0,"enemies":"Large Slime","floor":12.0,"turns":8.0},{"damage":9.0,"enemies":"Lagavulin","floor":13.0,"turns":7.0},{"damage":0.0,"enemies":"Exordium Wildlife","floor":14.0,"turns":2.0},{"damage":30.0,"enemies":"Slime Boss","floor":16.0,"turns":12.0},{"damage":24.0,"enemies":"3 Byrds","floor":18.0,"turns":5.0},{"damage":23,"enemies":"Book of Stabbing","floor":23,"turns":7},{"damage":1,"enemies":"2 Thieves","floor":24,"turns":4},{"damage":16,"enemies":"Gremlin Leader","floor":29,"turns":7},{"damage":23,"enemies":"Book of Stabbing","floor":31,"turns":7},{"damage":38,"enemies":"Collector","floor":33,"turns":6}],"seed_played":"2043412701783656118","potions_obtained":[{"floor":1.0,"key":"PowerPotion"},{"floor":2.0,"key":"AttackPotion"},{"floor":2.0,"key":"Swift Potion"},{"floor":5.0,"key":"Dexterity Potion"},{"floor":11.0,"key":"AttackPotion"},{"floor":16.0,"key":"LiquidBronze"},{"floor":18.0,"key":"Fruit Juice"},{"floor":31,"key":"Block Potion"}],"is_trial":false,"path_per_floor":["M","?","M","$","M","R","E","$","T","E","M","M","E","M","R","B",null,"M","?","?","$","?","E","M","R","T","?","$","E","R","E","R","B"],"character_chosen":"THE_SILENT","items_purchased":["Deadly Poison"],"campfire_rested":4,"item_purchase_floors":[21],"current_hp_per_floor":[63,63,63,63,63,63,41,41,41,28,28,25,16,16,37,7,54,30,30,30,30,30,12,11,33,33,33,33,17,39,16,38,0],"gold":96,"neow_bonus":"TRANSFORM_TWO_CARDS","is_prod":false,"is_daily":false,"chose_seed":false,"campfire_upgraded":1,"win_rate":0,"timestamp":1551183225,"path_taken":["M","?","M","$","M","R","E","?","T","E","M","M","E","M","R","BOSS","M","?","?","$","?","E","M","R","T","?","$","E","R","E","R","BOSS"],"build_version":"2019-01-23","purchased_purges":2,"victory":false,"max_hp_per_floor":[70,70,70,70,70,70,70,70,70,70,70,70,70,70,70,70,70,70,70,70,70,70,75,75,75,75,75,75,75,75,75,75,75],"card_choices":[{"not_picked":["Calculated Gamble","Bane"],"picked":"Poisoned Stab","floor":1.0},{"not_picked":["Deflect","All Out Attack"],"picked":"Deadly Poison","floor":3.0},{"not_picked":["Underhanded Strike","Dodge and Roll"],"picked":"Prepared","floor":5.0},{"not_picked":["Skewer","Cloak And Dagger","Terror"],"picked":"SKIP","floor":7.0},{"not_picked":["Slice","Caltrops","Underhanded Strike"],"picked":"SKIP","floor":10.0},{"not_picked":["Prepared","Storm of Steel"],"picked":"Noxious Fumes","floor":11.0},{"not_picked":["Finisher","Calculated Gamble"],"picked":"Poisoned Stab","floor":12.0},{"not_picked":["Tactician","Calculated Gamble"],"picked":"Leg Sweep","floor":13.0},{"not_picked":["Deflect","Caltrops"],"picked":"Prepared","floor":14.0},{"not_picked":["Storm of Steel","A Thousand Cuts"],"picked":"Envenom","floor":16.0},{"not_picked":["Blade Dance+1","Cloak And Dagger"],"picked":"Poisoned Stab","floor":18.0},{"not_picked":["All Out Attack","Setup"],"picked":"Sucker Punch+1","floor":23},{"not_picked":["Dagger Spray","Deflect"],"picked":"Leg Sweep+1","floor":24},{"not_picked":["Accuracy","Calculated Gamble"],"picked":"PiercingWail","floor":29},{"not_picked":["Underhanded Strike+1","Backstab"],"picked":"Well Laid Plans","floor":31}],"player_experience":352813,"relics_obtained":[{"floor":7.0,"key":"Torii"},{"floor":10.0,"key":"Potion Belt"},{"floor":13.0,"key":"Anchor"},{"floor":23,"key":"Matryoshka"},{"floor":26,"key":"The Courier"},{"floor":26,"key":"Vajra"},{"floor":29,"key":"Shuriken"},{"floor":31,"key":"Bottled Flame"}],"event_choices":[{"damage_healed":0.0,"max_hp_gain":0.0,"max_hp_loss":0.0,"gold_gain":0.0,"event_name":"Lab","player_choice":"Got Potions","floor":2.0,"gold_loss":0.0,"damage_taken":0.0},{"damage_healed":0.0,"max_hp_gain":0.0,"max_hp_loss":0.0,"gold_gain":0.0,"event_name":"Vampires","player_choice":"Ignored","floor":19.0,"gold_loss":0.0,"damage_taken":0.0},{"damage_healed":0.0,"max_hp_gain":0.0,"max_hp_loss":0.0,"gold_gain":0.0,"event_name":"The Mausoleum","player_choice":"Opened","floor":20.0,"gold_loss":0.0,"damage_taken":0.0,"relics_obtained":["Ninja Scroll"]},{"damage_healed":0,"gold_gain":0,"player_choice":"Ignored","damage_taken":0,"max_hp_gain":0,"max_hp_loss":0,"event_name":"Cursed Tome","floor":22,"gold_loss":0},{"cards_removed":["Strike_G"],"damage_healed":0,"gold_gain":0,"player_choice":"Gave Gold","damage_taken":0,"max_hp_gain":0,"max_hp_loss":0,"event_name":"Beggar","floor":27,"gold_loss":75}],"is_beta":false,"boss_relics":[{"not_picked":["Eternal Feather","Velvet Choker"],"picked":"Ring of the Serpent"}],"items_purged_floors":[21,28],"is_endless":false,"potions_floor_spawned":[1,5,7,11,16,18,31],"killed_by":"Collector","ascension_level":9}