{"gold_per_floor":[117,117,117,58,75,75,102,102,102,133,148,148,164,181,181,181],"floor_reached":16,"playtime":444,"items_purged":[],"score":270,"play_id":"7f8f324d-4af0-4c3e-a95d-4406e706350c","local_time":"20181204222602","is_ascension_mode":true,"campfire_choices":[{"data":"Zap","floor":6,"key":"SMITH"},{"data":"Dualcast","floor":8,"key":"SMITH"},{"floor":15,"key":"REST"}],"neow_cost":"NONE","seed_source_timestamp":527667106294328,"circlet_count":0,"master_deck":["AscendersBane","Strike_B","Strike_B","Strike_B","Defend_B","Defend_B","Defend_B","Zap+1","Dualcast+1","Cold Snap","Glacier","Chill","Glacier","Cold Snap"],"relics":["Cracked Core","NeowsBlessing","Dead Branch","Du-Vu Doll","Blood Vial"],"potions_floor_usage":[10],"damage_taken":[{"damage":0,"enemies":"Jaw Worm","floor":1,"turns":1},{"damage":0,"enemies":"Cultist","floor":5,"turns":1},{"damage":0,"enemies":"Gremlin Nob","floor":7,"turns":1},{"damage":18,"enemies":"3 Sentries","floor":10,"turns":7},{"damage":1,"enemies":"Small Slimes","floor":11,"turns":3},{"damage":4,"enemies":"Blue Slaver","floor":13,"turns":3},{"damage":7,"enemies":"Red Slaver","floor":14,"turns":3},{"damage":57,"enemies":"Hexaghost","floor":16,"turns":14}],"seed_played":"1464581951055060131","potions_obtained":[{"floor":5,"key":"Swift Potion"},{"floor":7,"key":"Dexterity Potion"},{"floor":10,"key":"Swift Potion"}],"is_trial":false,"path_per_floor":["M","$","?","$","M","R","E","R","T","E","M","?","M","M","R","B"],"character_chosen":"DEFECT","items_purchased":["Cold Snap"],"campfire_rested":1,"item_purchase_floors":[4],"current_hp_per_floor":[64,64,57,57,57,57,57,57,57,39,40,40,38,33,54,0],"gold":181,"neow_bonus":"THREE_ENEMY_KILL","is_prod":false,"is_daily":false,"chose_seed":false,"campfire_upgraded":2,"win_rate":0,"timestamp":1543991162,"path_taken":["M","$","?","$","M","R","E","R","T","E","M","?","?","M","R","BOSS"],"build_version":"2018-11-15","purchased_purges":0,"victory":false,"max_hp_per_floor":[71,71,71,71,71,71,71,71,71,71,71,71,71,71,71,71],"card_choices":[{"not_picked":["Compile Driver","Rebound","Redo"],"picked":"SKIP","floor":1},{"not_picked":["Hello World","Leap","Sweeping Beam"],"picked":"SKIP","floor":5},{"not_picked":["Rebound","Ball Lightning"],"picked":"Glacier","floor":7},{"not_picked":["Reprogram","Conserve Battery"],"picked":"Chill","floor":10},{"not_picked":["Steam","Multi-Cast","Turbo"],"picked":"SKIP","floor":11},{"not_picked":["Melter","Rebound"],"picked":"Glacier","floor":13},{"not_picked":["Conserve Battery","Storm"],"picked":"Cold Snap","floor":14}],"player_experience":683902,"relics_obtained":[{"floor":7,"key":"Dead Branch"},{"floor":9,"key":"Du-Vu Doll"},{"floor":10,"key":"Blood Vial"}],"event_choices":[{"cards_removed":["Strike_B"],"damage_healed":0,"gold_gain":0,"player_choice":"Card Removal","damage_taken":7,"max_hp_gain":0,"max_hp_loss":0,"event_name":"Golden Wing","floor":3,"gold_loss":0},{"cards_removed":["Defend_B"],"damage_healed":0,"gold_gain":0,"player_choice":"Offered Basic","damage_taken":0,"max_hp_gain":0,"max_hp_loss":0,"event_name":"Bonfire Elementals","floor":12,"gold_loss":0}],"is_beta":false,"boss_relics":[],"items_purged_floors":[],"is_endless":false,"potions_floor_spawned":[5,7,10,14],"killed_by":"Hexaghost","ascension_level":20}