{"gold_per_floor":[18,18,36,51,1,35,54,68,136,162,162,194,159,178,178,249,249,263,274,454,22,38,52,52,72,95,20,47,47,47,59,59,59],"floor_reached":33,"playtime":2181,"items_purged":[],"score":530,"play_id":"011d2ea9-1f80-4749-9289-a3db33dc2729","local_time":"20190123231941","is_ascension_mode":true,"campfire_choices":[{"data":"Echo Form","floor":15,"key":"SMITH"},{"floor":24,"key":"REST"},{"floor":30,"key":"REST"},{"data":"Hologram","floor":32,"key":"SMITH"}],"neow_cost":"NO_GOLD","seed_source_timestamp":1146724378160900,"circlet_count":0,"master_deck":["AscendersBane","Strike_B","Strike_B","Strike_B","Strike_B","Defend_B","Defend_B","Defend_B","Defend_B","Zap","Dualcast","Hologram+1","Gash","Hologram+1","Ball Lightning","Coolheaded+1","Recycle","Steam","Echo Form+1","Go for the Eyes","All For One","Go for the Eyes+1","FTL","Hologram","Go for the Eyes","Reinforced Body","Beam Cell","FTL","Chill","Coolheaded","Rebound"],"relics":["FrozenCore","Gambling Chip","Gremlin Horn","Ice Cream","Cables","Odd Mushroom","Happy Flower","PreservedInsect","War Paint","Regal Pillow","Dream Catcher","NlothsMask"],"potions_floor_usage":[10,12,12,31,33],"damage_taken":[{"damage":4,"enemies":"2 Louse","floor":1,"turns":3},{"damage":0,"enemies":"Cultist","floor":3,"turns":4},{"damage":0,"enemies":"Jaw Worm","floor":4,"turns":3},{"damage":33,"enemies":"Lagavulin","floor":6,"turns":8},{"damage":8,"enemies":"Red Slaver","floor":7,"turns":3},{"damage":0,"enemies":"Exordium Wildlife","floor":8,"turns":2},{"damage":10,"enemies":"The Mushroom Lair","floor":10,"turns":3},{"damage":8,"enemies":"Gremlin Nob","floor":12,"turns":3},{"damage":0,"enemies":"3 Louse","floor":14,"turns":3},{"damage":24,"enemies":"Hexaghost","floor":16,"turns":9},{"damage":4,"enemies":"Spheric Guardian","floor":18,"turns":5},{"damage":5,"enemies":"Shell Parasite","floor":19,"turns":4},{"damage":0,"enemies":"Snecko","floor":22,"turns":7},{"damage":12,"enemies":"Cultist and Chosen","floor":23,"turns":9},{"damage":15,"enemies":"Snake Plant","floor":25,"turns":6},{"damage":12,"enemies":"Slavers","floor":28,"turns":5},{"damage":3,"enemies":"Chosen and Byrds","floor":31,"turns":9},{"damage":57,"enemies":"Automaton","floor":33,"turns":12}],"seed_played":"5760086167505831189","potions_obtained":[{"floor":6,"key":"AttackPotion"},{"floor":8,"key":"PowerPotion"},{"floor":10,"key":"Regen Potion"},{"floor":18,"key":"SpeedPotion"},{"floor":23,"key":"SkillPotion"}],"is_trial":false,"path_per_floor":["M","?","M","M","?","E","M","M","T","?","?","E","?","M","R","B",null,"M","M","?","$","M","M","R","M","T","$","E","?","R","M","R","B"],"character_chosen":"DEFECT","items_purchased":["PreservedInsect","War Paint","Hologram","Go for the Eyes","FTL"],"campfire_rested":2,"item_purchase_floors":[21,21,21,21,27],"current_hp_per_floor":[60,71,71,71,71,38,30,30,30,20,20,17,34,34,34,10,56,52,47,26,26,26,14,35,20,20,20,8,8,44,41,41,0],"gold":59,"neow_bonus":"ONE_RARE_RELIC","is_prod":false,"is_daily":false,"chose_seed":false,"campfire_upgraded":2,"win_rate":0,"timestamp":1548314381,"path_taken":["M","?","?","M","?","E","?","M","T","?","?","E","?","M","R","BOSS","M","M","?","$","M","?","R","M","T","$","E","?","R","M","R","BOSS"],"build_version":"2019-01-23","purchased_purges":0,"victory":false,"max_hp_per_floor":[71,71,71,71,71,71,71,71,71,71,71,71,71,71,71,71,71,71,71,71,71,71,71,71,71,71,71,71,71,71,71,71,71],"card_choices":[{"not_picked":["Stack","Tempest"],"picked":"Hologram","floor":1},{"not_picked":["Scrape","Redo"],"picked":"Gash","floor":3},{"not_picked":["Steam","Go for the Eyes"],"picked":"Hologram","floor":4},{"not_picked":["Go for the Eyes","Static Discharge"],"picked":"Ball Lightning","floor":6},{"not_picked":["Sweeping Beam","Reprogram"],"picked":"Coolheaded","floor":7},{"not_picked":["Compile Driver","Amplify"],"picked":"Recycle","floor":8},{"not_picked":["Sunder","Barrage"],"picked":"Steam","floor":10},{"not_picked":["White Noise","Meteor Strike"],"picked":"Echo Form","floor":12},{"not_picked":["Barrage","Beam Cell"],"picked":"Go for the Eyes","floor":14},{"not_picked":["Reboot","Core Surge"],"picked":"All For One","floor":16},{"not_picked":["Lockon","Steam"],"picked":"Go for the Eyes+1","floor":18},{"not_picked":["Sweeping Beam","Melter"],"picked":"FTL","floor":19},{"not_picked":["Sweeping Beam","Hyperbeam"],"picked":"Reinforced Body","floor":22},{"not_picked":["White Noise","Cold Snap"],"picked":"Beam Cell","floor":23},{"not_picked":["Compile Driver+1","Lockon","Cold Snap"],"picked":"SKIP","floor":25},{"not_picked":["Cold Snap","Reinforced Body"],"picked":"Chill","floor":28},{"not_picked":["Reprogram","Skim"],"picked":"Coolheaded","floor":30},{"not_picked":["Reprogram","Barrage"],"picked":"Rebound","floor":31}],"player_experience":582313,"relics_obtained":[{"floor":6,"key":"Ice Cream"},{"floor":9,"key":"Cables"},{"floor":10,"key":"Odd Mushroom"},{"floor":12,"key":"Happy Flower"},{"floor":26,"key":"Regal Pillow"},{"floor":28,"key":"Dream Catcher"}],"event_choices":[{"damage_healed":11,"gold_gain":0,"player_choice":"Full Heal","damage_taken":0,"max_hp_gain":0,"max_hp_loss":0,"event_name":"Wheel of Change","floor":2,"gold_loss":0},{"damage_healed":0,"gold_gain":0,"player_choice":"Paid Gold","damage_taken":0,"relics_obtained":["Gremlin Horn"],"max_hp_gain":0,"max_hp_loss":0,"event_name":"WeMeetAgain","floor":5,"gold_loss":50},{"damage_healed":0,"gold_gain":0,"player_choice":"Fought Mushrooms","damage_taken":0,"max_hp_gain":0,"max_hp_loss":0,"event_name":"Mushrooms","floor":10,"gold_loss":0},{"damage_healed":0,"gold_gain":0,"player_choice":"Ignored","damage_taken":0,"max_hp_gain":0,"max_hp_loss":0,"event_name":"Shining Light","floor":11,"gold_loss":0},{"damage_healed":17,"gold_gain":0,"player_choice":"Healed","damage_taken":0,"max_hp_gain":0,"max_hp_loss":0,"event_name":"The Cleric","floor":13,"gold_loss":35},{"damage_healed":0,"gold_gain":180,"player_choice":"GOLD GOLD ","damage_taken":21,"max_hp_gain":0,"max_hp_loss":0,"event_name":"Knowing Skull","floor":20,"potions_obtained":[],"gold_loss":0,"cards_obtained":[]},{"damage_healed":0,"gold_gain":0,"player_choice":"Trade","damage_taken":0,"relics_obtained":["NlothsMask"],"max_hp_gain":0,"max_hp_loss":0,"event_name":"FaceTrader","floor":29,"gold_loss":0}],"is_beta":false,"boss_relics":[{"not_picked":["Pandora\u0027s Box","Calling Bell"],"picked":"FrozenCore"}],"items_purged_floors":[],"is_endless":false,"potions_floor_spawned":[6,8,10,18,23,28],"killed_by":"Automaton","ascension_level":18}