{"gold_per_floor":[111,36,311,323,323,349,349,349,349,449,449,464,476,436],"floor_reached":14,"playtime":228,"items_purged":[],"score":246,"play_id":"d2f73259-e9e7-4a49-9db5-3989441ea1d1","local_time":"20190204212620","is_ascension_mode":true,"campfire_choices":[{"data":"Bash","floor":7.0,"key":"SMITH"},{"floor":11,"key":"RECALL"}],"neow_cost":"NONE","seed_source_timestamp":206956386851190,"circlet_count":0,"master_deck":["AscendersBane","Strike_R","Strike_R","Strike_R","Strike_R","Defend_R","Defend_R","Defend_R","Defend_R","Bash+1","Regret","Regret","Fiend Fire","Pommel Strike"],"special_seed":0,"relics":["Burning Blood","NeowsBlessing","Sundial","Question Card"],"potions_floor_usage":[8],"damage_taken":[{"damage":0.0,"enemies":"2 Louse","floor":1.0,"turns":1.0},{"damage":0.0,"enemies":"Cultist","floor":4.0,"turns":1.0},{"damage":0.0,"enemies":"Gremlin Nob","floor":6.0,"turns":1.0},{"damage":0,"enemies":"3 Sentries","floor":8,"turns":1},{"damage":22,"enemies":"Small Slimes","floor":12,"turns":3},{"damage":47,"enemies":"Gremlin Gang","floor":13,"turns":4},{"damage":18,"enemies":"Looter","floor":14,"turns":3}],"seed_played":"5556995910259244889","potions_obtained":[{"floor":6.0,"key":"SmokeBomb"},{"floor":13,"key":"Weak Potion"}],"is_trial":false,"path_per_floor":["M","?","?","M","?","E","R","E","T","?","R","M","M","M"],"character_chosen":"IRONCLAD","items_purchased":[],"campfire_rested":0,"item_purchase_floors":[],"current_hp_per_floor":[74,74,74,75,75,75,75,75,75,75,75,59,18,0],"gold":436,"neow_bonus":"THREE_ENEMY_KILL","is_prod":false,"is_daily":false,"chose_seed":false,"campfire_upgraded":1,"win_rate":0,"timestamp":1549344380,"path_taken":["M","?","?","?","?","E","R","E","T","?","R","M","?","M"],"build_version":"2019-01-23","purchased_purges":0,"victory":false,"max_hp_per_floor":[75,75,75,75,75,75,75,75,75,75,75,75,75,75],"card_choices":[{"not_picked":["Flex","Burning Pact","Feel No Pain"],"picked":"SKIP","floor":1.0},{"not_picked":["Bloodletting","Clash","Sword Boomerang"],"picked":"SKIP","floor":4.0},{"not_picked":["Headbutt","Clothesline","Corruption"],"picked":"SKIP","floor":6.0},{"not_picked":["Clothesline","Havoc","Anger"],"picked":"Fiend Fire","floor":12},{"not_picked":["Combust","Clothesline","Havoc"],"picked":"Pommel Strike","floor":13}],"player_experience":711284,"relics_obtained":[{"floor":6.0,"key":"Question Card"}],"event_choices":[{"cards_removed":["Strike_R"],"damage_healed":0.0,"max_hp_gain":0.0,"max_hp_loss":0.0,"gold_gain":0.0,"event_name":"The Cleric","player_choice":"Card Removal","floor":2.0,"gold_loss":75.0,"damage_taken":0.0},{"damage_healed":0.0,"max_hp_gain":0.0,"max_hp_loss":0.0,"gold_gain":275.0,"event_name":"Golden Shrine","player_choice":"Desecrate","floor":3.0,"gold_loss":0.0,"damage_taken":0.0,"cards_obtained":["Regret"]},{"damage_healed":0.0,"max_hp_gain":0.0,"max_hp_loss":0.0,"gold_gain":0.0,"event_name":"Big Fish","player_choice":"Box","floor":5.0,"gold_loss":0.0,"damage_taken":0.0,"relics_obtained":["Sundial"],"cards_obtained":["Regret"]},{"damage_healed":0,"gold_gain":100,"player_choice":"Gold","damage_taken":0,"max_hp_gain":0,"max_hp_loss":0,"event_name":"Wheel of Change","floor":10,"gold_loss":0}],"is_beta":false,"boss_relics":[],"items_purged_floors":[],"is_endless":false,"potions_floor_spawned":[6,13],"killed_by":"Looter","ascension_level":20}