{"gold_per_floor":[119,119,119,119,139,139,18,34,84,102,123,23,23,23,23,23],"floor_reached":16,"playtime":484,"items_purged":["Bash","Strike_R"],"score":140,"play_id":"d43957a0-66b4-4c79-8d3f-301a9548912e","local_time":"20180705205858","daily_mods":["Heirloom"],"is_ascension_mode":false,"campfire_choices":[{"data":"Defend_R","floor":6,"key":"SMITH"},{"data":"Searing Blow","floor":13,"key":"SMITH"},{"floor":15,"key":"REST"}],"neow_cost":"","seed_source_timestamp":0,"circlet_count":0,"master_deck":["Strike_R","Strike_R","Strike_R","Strike_R","Defend_R","Defend_R","Defend_R+1","Defend_R+1","Anger","Anger","Searing Blow+1"],"relics":["Unceasing Top","Bird Faced Urn","Golden Idol","Orichalcum"],"potions_floor_usage":[16,16],"damage_taken":[{"damage":5,"enemies":"Cultist","floor":1,"turns":4},{"damage":1,"enemies":"Jaw Worm","floor":5,"turns":4},{"damage":0,"enemies":"2 Louse","floor":8,"turns":2},{"damage":6,"enemies":"2 Fungi Beasts","floor":10,"turns":4},{"damage":7,"enemies":"Large Slime","floor":11,"turns":7},{"damage":75,"enemies":"The Guardian","floor":16,"turns":12}],"seed_played":"-626172875538816501","potions_obtained":[{"floor":1,"key":"Poison Potion"},{"floor":10,"key":"Fire Potion"}],"is_trial":true,"path_per_floor":["M","?","?","?","M","R","$","M","T","M","M","$","R","$","R"],"character_chosen":"IRONCLAD","items_purchased":["Anger"],"campfire_rested":1,"item_purchase_floors":[7],"current_hp_per_floor":[75,75,74,74,73,73,73,73,73,67,60,60,60,60,74,0],"gold":23,"neow_bonus":"","is_prod":false,"is_daily":false,"chose_seed":false,"campfire_upgraded":2,"win_rate":0,"timestamp":1530788338,"path_taken":["M","?","?","?","M","R","$","M","T","?","M","$","R","?","R","BOSS"],"build_version":"2018-07-04","purchased_purges":2,"victory":false,"max_hp_per_floor":[80,80,74,74,74,74,74,74,74,74,74,74,74,74,74,74],"card_choices":[{"not_picked":["Evolve","Power Through","Uppercut"],"picked":"SKIP","floor":1},{"not_picked":["Uppercut","Carnage","Thunderclap"],"picked":"SKIP","floor":5},{"not_picked":["Sword Boomerang","Havoc","Sever Soul"],"picked":"SKIP","floor":8},{"not_picked":["Combust","Armaments"],"picked":"Anger","floor":10},{"not_picked":["Thunderclap","Perfected Strike"],"picked":"Searing Blow","floor":11}],"player_experience":479147,"relics_obtained":[{"floor":9,"key":"Orichalcum"}],"event_choices":[{"event_name":"Liars Game","player_choice":"disagreed","floor":2,"damage_taken":0},{"event_name":"Golden Idol","player_choice":"Lose Max HP","floor":3,"damage_taken":0},{"event_name":"Upgrade Shrine","player_choice":"Upgraded","floor":4,"damage_taken":0}],"boss_relics":[],"items_purged_floors":[7,12],"is_endless":true,"potions_floor_spawned":[1,10],"killed_by":"The Guardian","ascension_level":0}