{"path_per_floor":["M","?","M","M","M","R","E","R","T","?","R","E","M","M","R","B",null,"M","?","?","$","M","E","R","M","T","$","?","E","M","$","R","B",null,"M","?","M","M","$","R","E","R","T","M","R","?","E","M","R"],"character_chosen":"IRONCLAD","items_purchased":["Mercury Hourglass","Feel No Pain"],"gold_per_floor":[114,114,125,142,153,153,186,186,239,189,189,221,235,251,251,350,350,361,361,361,103,114,148,148,159,186,106,106,131,144,44,44,146,146,156,156,169,183,123,123,152,152,152,168,168,168,203,219,219,219],"floor_reached":50,"campfire_rested":1,"playtime":3320,"current_hp_per_floor":[72,65,65,65,63,63,53,53,53,53,53,55,61,54,54,31,68,59,80,80,80,73,38,38,38,38,38,38,22,26,26,65,19,65,67,57,63,67,67,67,71,71,71,74,74,74,80,78,78,0],"items_purged":["Strike_R","Strike_R","Defend_R"],"gold":219,"score":743,"play_id":"59a6e36a-0d04-40c2-90f7-f9ef547ede0b","local_time":"20180414122846","is_prod":false,"is_daily":false,"chose_seed":false,"is_ascension_mode":true,"campfire_upgraded":9,"timestamp":1523701726,"path_taken":["M","?","M","M","M","R","E","R","T","?","R","E","M","M","R","BOSS","M","?","?","$","?","E","R","M","T","$","?","E","M","$","R","BOSS","M","?","M","M","$","R","E","R","T","M","R","?","E","M","R","BOSS"],"build_version":"2018-04-12","seed_source_timestamp":187112847104909,"purchased_purges":3,"victory":false,"master_deck":["Defend_R+1","Defend_R","Defend_R","Bash+1","Cleave","Rampage+1","Pommel Strike+1","True Grit+1","Inflame","Sentinel+1","Impervious","Carnage","Sentinel+1","Barricade+1","Iron Wave+1","Disarm","Warcry","Impervious","Armaments+1","Madness","Madness","Headbutt+1","Warcry+1","Feel No Pain+1","Clothesline+1"],"max_hp_per_floor":[80,80,80,80,80,80,80,80,80,80,80,80,80,80,80,80,80,80,80,80,80,80,80,80,80,80,80,80,80,80,80,80,80,80,80,80,80,80,80,80,80,80,80,80,80,80,82,84,84,84],"relics":["Burning Blood","Bronze Scales","Thread and Needle","Regal Pillow","The Courier","Nloth\u0027s Gift","Mercury Hourglass","Omamori","Juzu Bracelet","Frozen Egg 2","Sozu","Matryoshka","Pantograph","Question Card","Singing Bowl"],"card_choices":[{"not_picked":["Pummel","Combust"],"picked":"Cleave","floor":1},{"not_picked":["Flex","Pummel"],"picked":"Rampage","floor":3},{"not_picked":["Second Wind","Entrench"],"picked":"Pommel Strike","floor":4},{"not_picked":["Clothesline","Armaments"],"picked":"True Grit","floor":12},{"not_picked":["Thunderclap","Clash"],"picked":"Inflame","floor":13},{"not_picked":["Burning Pact","Flex"],"picked":"Sentinel","floor":14},{"not_picked":["Barricade","Bludgeon"],"picked":"Impervious","floor":16},{"not_picked":["Fire Breathing","Inflame"],"picked":"Carnage","floor":18},{"not_picked":["Heavy Blade","Armaments"],"picked":"Sentinel","floor":22},{"not_picked":["Reaper","Entrench"],"picked":"Barricade","floor":23},{"not_picked":["Immolate","Clash"],"picked":"Disarm","floor":29},{"not_picked":["Perfected Strike","Cleave"],"picked":"Warcry","floor":30},{"not_picked":["Immolate","Brutality"],"picked":"Impervious","floor":33},{"not_picked":["Flex","Evolve"],"picked":"Armaments","floor":35},{"not_picked":["Clash","Flex"],"picked":"Headbutt","floor":37},{"not_picked":["Cleave","Anger"],"picked":"Warcry","floor":38},{"not_picked":["Feed","Immolate"],"picked":"Clothesline","floor":41}],"player_experience":265077,"potions_floor_usage":[12,16,16,18,23,29,30,41],"damage_taken":[{"damage":6,"enemies":"2 Louse","floor":1,"turns":3},{"damage":6,"enemies":"Jaw Worm","floor":3,"turns":4},{"damage":6,"enemies":"Cultist","floor":4,"turns":3},{"damage":8,"enemies":"3 Louse","floor":5,"turns":3},{"damage":16,"enemies":"Gremlin Nob","floor":7,"turns":3},{"damage":4,"enemies":"3 Sentries","floor":12,"turns":6},{"damage":0,"enemies":"Gremlin Gang","floor":13,"turns":3},{"damage":13,"enemies":"Large Slime","floor":14,"turns":4},{"damage":29,"enemies":"Hexaghost","floor":16,"turns":12},{"damage":21,"enemies":"2 Thieves","floor":18,"turns":4},{"damage":13,"enemies":"Chosen","floor":22,"turns":6},{"damage":41,"enemies":"Book of Stabbing","floor":23,"turns":7},{"damage":6,"enemies":"Snake Plant","floor":25,"turns":6},{"damage":22,"enemies":"Slavers","floor":29,"turns":6},{"damage":14,"enemies":"Cultist and Chosen","floor":30,"turns":8},{"damage":52,"enemies":"Collector","floor":33,"turns":16},{"damage":4,"enemies":"3 Shapes","floor":35,"turns":6},{"damage":0,"enemies":"Orb Walker","floor":37,"turns":6},{"damage":2,"enemies":"Maw","floor":38,"turns":8},{"damage":2,"enemies":"Giant Head","floor":41,"turns":10},{"damage":3,"enemies":"Sphere and 2 Shapes","floor":44,"turns":7},{"damage":2,"enemies":"Nemesis","floor":47,"turns":9},{"damage":10,"enemies":"3 Darklings","floor":48,"turns":8},{"damage":90,"enemies":"Donu and Deca","floor":50,"turns":9}],"event_choices":[{"event_name":"Golden Wing","player_choice":"Card Removal","floor":2,"damage_taken":0},{"event_name":"The Cleric","player_choice":"Card Removal","floor":10,"damage_taken":0},{"event_name":"Wheel of Change","player_choice":"Full Heal","floor":19,"damage_taken":0},{"event_name":"N\u0027loth","player_choice":"Traded a Snecko Eye","floor":20,"damage_taken":0},{"event_name":"Transmorgrifier","player_choice":"Transform","floor":28,"damage_taken":0},{"event_name":"Winding Halls","player_choice":"Embrace Madness","floor":36,"damage_taken":0},{"event_name":"Mysterious Sphere","player_choice":"Ignore","floor":46,"damage_taken":0}],"boss_relics":[{"not_picked":["Philosopher\u0027s Stone","Orrery"],"picked":"Snecko Eye"},{"not_picked":["Astrolabe","Eternal Feather"],"picked":"Sozu"}],"potions_floor_spawned":[3,4,12,14,16,22,23,30,35,48],"seed_played":"1499379288229979510","killed_by":"Donu and Deca","ascension_level":7,"is_trial":false}