{"gold_per_floor":[219,219,28,28,40,74,84,84,133,151,151,170,180,191,191,292,292,309,329,22,37,51,51,69,69,95,95,115,125,149,74,74,174,174,190,206,206,20,32,45,74,11,11,46,46,46,46,46,46,46,46,46,22,54,54],"floor_reached":56,"playtime":1731,"items_purged":["Strike_R","Strike_R","Strike_R"],"score":1266,"play_id":"b78541ff-d8c9-459b-bc6d-c56a3bde9cab","local_time":"20181211125610","is_ascension_mode":false,"campfire_choices":[{"data":"Corruption","floor":8,"key":"SMITH"},{"data":"Flame Barrier","floor":11,"key":"SMITH"},{"data":"Whirlwind","floor":15,"key":"SMITH"},{"floor":23,"key":"RECALL"},{"data":"Flex","floor":25,"key":"SMITH"},{"data":"Spot Weakness","floor":27,"key":"SMITH"},{"data":"Bash","floor":32,"key":"SMITH"},{"data":"Flex","floor":46,"key":"SMITH"},{"data":"Metallicize","floor":49,"key":"SMITH"},{"data":"Offering","floor":52,"key":"SMITH"}],"neow_cost":"NONE","seed_source_timestamp":176280337559472,"circlet_count":0,"master_deck":["Strike_R","Strike_R","Defend_R","Defend_R","Defend_R","Bash+1","Metallicize+1","Flame Barrier+1","Corruption+1","Inflame","Whirlwind+1","Sword Boomerang+1","Spot Weakness+1","Flex+1","Inflame","Power Through+1","Offering+1","Body Slam+1","Panacea","Offering","Metallicize+1","Flex+1","Clothesline+1","Iron Wave+1","Seeing Red+1","Shrug It Off"],"relics":["Burning Blood","OrangePellets","Bronze Scales","Happy Flower","Coffee Dripper","Membership Card","Anchor","Omamori","Snecko Eye","PreservedInsect","Dodecahedron","Gambling Chip","Smiling Mask","Boot"],"potions_floor_usage":[6,13,16,19,33,36,41,41,50,55],"damage_taken":[{"damage":0,"enemies":"2 Louse","floor":1,"turns":3},{"damage":5,"enemies":"Small Slimes","floor":5,"turns":4},{"damage":17,"enemies":"Lagavulin","floor":6,"turns":7},{"damage":3,"enemies":"Jaw Worm","floor":7,"turns":4},{"damage":5,"enemies":"Lots of Slimes","floor":10,"turns":4},{"damage":0,"enemies":"Red Slaver","floor":12,"turns":4},{"damage":3,"enemies":"Large Slime","floor":13,"turns":5},{"damage":2,"enemies":"Blue Slaver","floor":14,"turns":4},{"damage":31,"enemies":"Slime Boss","floor":16,"turns":9},{"damage":2,"enemies":"Spheric Guardian","floor":18,"turns":4},{"damage":0,"enemies":"3 Byrds","floor":19,"turns":1},{"damage":14,"enemies":"Centurion and Healer","floor":21,"turns":3},{"damage":26,"enemies":"Sentry and Sphere","floor":22,"turns":6},{"damage":15,"enemies":"Snecko","floor":24,"turns":4},{"damage":2,"enemies":"Chosen and Byrds","floor":28,"turns":4},{"damage":0,"enemies":"Cultist and Chosen","floor":29,"turns":4},{"damage":52,"enemies":"Champ","floor":33,"turns":10},{"damage":5,"enemies":"Orb Walker","floor":35,"turns":3},{"damage":0,"enemies":"3 Darklings","floor":36,"turns":2},{"damage":46,"enemies":"4 Shapes","floor":39,"turns":2},{"damage":35,"enemies":"Sphere and 2 Shapes","floor":40,"turns":4},{"damage":12,"enemies":"Reptomancer","floor":41,"turns":1},{"damage":0,"enemies":"Nemesis","floor":44,"turns":4},{"damage":29,"enemies":"Time Eater","floor":50,"turns":5},{"damage":43,"enemies":"Shield and Spear","floor":54,"turns":3},{"damage":83,"enemies":"The Heart","floor":55,"turns":6}],"seed_played":"7148071763001767878","potions_obtained":[{"floor":1,"key":"Swift Potion"},{"floor":5,"key":"AttackPotion"},{"floor":12,"key":"Fire Potion"},{"floor":13,"key":"PowerPotion"},{"floor":16,"key":"Poison Potion"},{"floor":18,"key":"FearPotion"},{"floor":22,"key":"Dexterity Potion"},{"floor":24,"key":"Energy Potion"},{"floor":28,"key":"BloodPotion"},{"floor":36,"key":"Regen Potion"},{"floor":40,"key":"BloodPotion"},{"floor":44,"key":"Regen Potion"},{"floor":54,"key":"FairyPotion"}],"is_trial":false,"path_per_floor":["M","?","$","?","M","E","M","R","T","M","R","M","M","M","R","B",null,"M","M","$","M","M","R","M","R","T","R","M","M","T","?","R","B",null,"M","M","?","$","M","M","E","$","T","E","?","R","$","?","R","B",null,"R","$","E","B",null],"character_chosen":"IRONCLAD","items_purchased":["OrangePellets","Membership Card","Flex","Inflame","PreservedInsect","Metallicize","Flex","Shrug It Off"],"campfire_rested":0,"item_purchase_floors":[3,20,20,20,38,38,38,53],"current_hp_per_floor":[80,85,85,82,83,72,75,75,75,76,76,82,85,85,85,60,85,85,85,85,77,57,57,48,48,48,48,52,58,58,58,58,20,85,85,85,85,85,45,16,18,18,18,24,24,24,24,24,24,15,85,85,85,48,13],"gold":54,"neow_bonus":"HUNDRED_GOLD","is_prod":false,"is_daily":false,"chose_seed":false,"campfire_upgraded":9,"win_rate":0,"timestamp":1544500570,"path_taken":["M","?","$","?","M","E","M","R","T","M","R","M","M","?","R","BOSS","M","M","$","M","M","R","M","R","T","R","M","?","?","?","R","BOSS","M","M","?","?","M","M","E","$","T","E","?","R","?","?","R","BOSS","R","$","E","BOSS"],"build_version":"2018-12-06","purchased_purges":3,"victory":true,"max_hp_per_floor":[80,85,85,85,85,85,85,85,85,85,85,85,85,85,85,85,85,85,85,85,85,85,85,85,85,85,85,85,85,85,85,85,85,85,85,85,85,85,85,85,85,85,85,85,85,85,85,85,85,85,85,85,85,85,85],"card_choices":[{"not_picked":["True Grit","Cleave"],"picked":"Metallicize","floor":1},{"not_picked":["Iron Wave","Spot Weakness"],"picked":"Flame Barrier","floor":5},{"not_picked":["Shrug It Off","Iron Wave","Thunderclap"],"picked":"SKIP","floor":6},{"not_picked":["Rupture","Anger"],"picked":"Corruption","floor":7},{"not_picked":["Blood for Blood","Dual Wield","Corruption"],"picked":"SKIP","floor":10},{"not_picked":["Blood for Blood","Dual Wield","Corruption"],"picked":"SKIP","floor":10},{"not_picked":["Iron Wave","Warcry","Heavy Blade"],"picked":"SKIP","floor":12},{"not_picked":["Rampage","Combust"],"picked":"Inflame","floor":13},{"not_picked":["Twin Strike","Anger"],"picked":"Whirlwind","floor":14},{"not_picked":["Fiend Fire","Impervious"],"picked":"Bludgeon","floor":16},{"not_picked":["True Grit","Entrench"],"picked":"Sword Boomerang+1","floor":18},{"not_picked":["Perfected Strike","Corruption"],"picked":"Spot Weakness","floor":19},{"not_picked":["Sentinel+1","Sword Boomerang","Iron Wave"],"picked":"SKIP","floor":21},{"not_picked":["Inflame","Sword Boomerang","Spot Weakness"],"picked":"SKIP","floor":22},{"not_picked":["Intimidate","Armaments"],"picked":"Power Through+1","floor":24},{"not_picked":["Heavy Blade","Rupture","Dropkick"],"picked":"SKIP","floor":28},{"not_picked":["Rupture+1","Havoc","Bludgeon"],"picked":"SKIP","floor":29},{"not_picked":["Feed","Brutality"],"picked":"Offering","floor":33},{"not_picked":["Sentinel+1","Anger","Corruption+1"],"picked":"SKIP","floor":35},{"not_picked":["Disarm","Sword Boomerang"],"picked":"Body Slam+1","floor":36},{"not_picked":["Rage+1","Cleave+1","Clothesline"],"picked":"SKIP","floor":39},{"not_picked":["Flame Barrier","Armaments"],"picked":"Clothesline+1","floor":40},{"not_picked":["Wild Strike+1","Headbutt"],"picked":"Iron Wave+1","floor":41},{"not_picked":["Warcry+1","Whirlwind+1"],"picked":"Seeing Red+1","floor":44},{"not_picked":["Infernal Blade","Dark Embrace","Rampage"],"picked":"SKIP","floor":54}],"player_experience":746807,"relics_obtained":[{"floor":6,"key":"Happy Flower"},{"floor":26,"key":"Anchor"},{"floor":30,"key":"Omamori"},{"floor":41,"key":"Dodecahedron"},{"floor":43,"key":"Gambling Chip"},{"floor":44,"key":"Smiling Mask"},{"floor":54,"key":"Boot"}],"event_choices":[{"damage_healed":0,"gold_gain":0,"player_choice":"Donut","damage_taken":0,"max_hp_gain":5,"max_hp_loss":0,"event_name":"Big Fish","floor":2,"gold_loss":0},{"damage_healed":0,"gold_gain":0,"player_choice":"Success","damage_taken":3,"relics_obtained":["Bronze Scales"],"max_hp_gain":0,"max_hp_loss":0,"event_name":"Scrap Ooze","floor":4,"gold_loss":0},{"cards_removed":["Bludgeon"],"damage_healed":0,"gold_gain":0,"player_choice":"Gave Gold","damage_taken":0,"max_hp_gain":0,"max_hp_loss":0,"event_name":"Beggar","floor":31,"gold_loss":75},{"damage_healed":0,"gold_gain":0,"player_choice":"2 cards matched","damage_taken":0,"max_hp_gain":0,"max_hp_loss":0,"event_name":"Match and Keep!","floor":37,"gold_loss":0,"cards_obtained":["Panacea","Offering"]},{"cards_removed":["Defend_R"],"damage_healed":0,"gold_gain":0,"player_choice":"Removed Skill","damage_taken":0,"max_hp_gain":0,"max_hp_loss":0,"event_name":"Falling","floor":45,"gold_loss":0},{"damage_healed":0,"gold_gain":0,"player_choice":"Upgraded","damage_taken":0,"max_hp_gain":0,"max_hp_loss":0,"event_name":"Upgrade Shrine","floor":48,"gold_loss":0,"cards_upgraded":["Metallicize"]}],"is_beta":false,"boss_relics":[{"not_picked":["Calling Bell","Cursed Key"],"picked":"Coffee Dripper"},{"not_picked":["Runic Dome","Black Blood"],"picked":"Snecko Eye"}],"items_purged_floors":[20,38,42],"is_endless":false,"potions_floor_spawned":[1,5,12,13,16,18,22,24,28,36,40,44,54],"ascension_level":0}