{"gold_per_floor":[117,42,42,52,64,64,80,111,134,134,167,167,167,167,167,167],"floor_reached":16,"playtime":462,"items_purged":["Strike_B"],"score":194,"play_id":"ea1aa535-71c3-41c4-b85c-cd31008d27e8","local_time":"20190204202427","is_ascension_mode":true,"campfire_choices":[{"floor":6,"key":"REST"},{"data":"Zap","floor":12,"key":"SMITH"},{"floor":15,"key":"REST"}],"neow_cost":"PERCENT_DAMAGE","seed_source_timestamp":4341535345991,"circlet_count":0,"master_deck":["AscendersBane","Strike_B","Defend_B","Defend_B","Defend_B","Zap+1","Dualcast","Panacea","Flash of Steel","Doom and Gloom","Skim","Sunder","Steam","Conserve Battery"],"relics":["Cracked Core","Oddly Smooth Stone","Anchor","Juzu Bracelet"],"potions_floor_usage":[8,11,16],"damage_taken":[{"damage":8,"enemies":"2 Louse","floor":1,"turns":3},{"damage":0,"enemies":"Cultist","floor":4,"turns":3},{"damage":2,"enemies":"Jaw Worm","floor":5,"turns":3},{"damage":6,"enemies":"Blue Slaver","floor":7,"turns":3},{"damage":14,"enemies":"3 Sentries","floor":8,"turns":5},{"damage":15,"enemies":"Lagavulin","floor":11,"turns":6},{"damage":37,"enemies":"Hexaghost","floor":16,"turns":9}],"seed_played":"-3543807742482551520","potions_obtained":[{"floor":1,"key":"SmokeBomb"},{"floor":4,"key":"Explosive Potion"},{"floor":8,"key":"AttackPotion"},{"floor":11,"key":"FearPotion"}],"is_trial":false,"path_per_floor":["M","$","?","M","M","R","M","E","T","?","E","R","?","?","R","B"],"character_chosen":"DEFECT","items_purchased":[],"campfire_rested":2,"item_purchase_floors":[],"current_hp_per_floor":[38,38,38,38,36,57,51,37,37,37,22,22,22,15,36,0],"gold":167,"neow_bonus":"RANDOM_COLORLESS_2","is_prod":false,"is_daily":false,"chose_seed":false,"campfire_upgraded":1,"win_rate":0,"timestamp":1549279467,"path_taken":["M","$","?","M","?","R","M","E","T","?","E","R","?","?","R","BOSS"],"build_version":"2019-01-23","purchased_purges":1,"victory":false,"max_hp_per_floor":[71,71,71,71,71,71,71,71,71,71,71,71,71,71,71,71],"card_choices":[{"not_picked":["Barrage","Blizzard"],"picked":"Doom and Gloom","floor":1},{"not_picked":["Leap","Rebound"],"picked":"Sunder","floor":4},{"not_picked":["Turbo","Fusion","Meteor Strike"],"picked":"SKIP","floor":5},{"not_picked":["Undo","Redo"],"picked":"Steam","floor":7},{"not_picked":["Sweeping Beam","Double Energy","Rebound"],"picked":"SKIP","floor":8},{"not_picked":["Lockon","Rebound"],"picked":"Conserve Battery","floor":11}],"player_experience":793704,"relics_obtained":[{"floor":8,"key":"Oddly Smooth Stone"},{"floor":9,"key":"Anchor"},{"floor":11,"key":"Juzu Bracelet"}],"event_choices":[{"damage_healed":0,"gold_gain":0,"cards_transformed":["Strike_B"],"player_choice":"Transformed","damage_taken":0,"max_hp_gain":0,"max_hp_loss":0,"event_name":"Transmorgrifier","floor":3,"gold_loss":0,"cards_obtained":["Skim"]},{"damage_healed":0,"gold_gain":0,"player_choice":"Ignored","damage_taken":0,"max_hp_gain":0,"max_hp_loss":0,"event_name":"Liars Game","floor":10,"gold_loss":0},{"cards_removed":["Defend_B"],"damage_healed":0,"gold_gain":0,"player_choice":"Purged","damage_taken":0,"max_hp_gain":0,"max_hp_loss":0,"event_name":"Purifier","floor":13,"gold_loss":0},{"cards_removed":["Strike_B"],"damage_healed":0,"gold_gain":0,"player_choice":"Card Removal","damage_taken":7,"max_hp_gain":0,"max_hp_loss":0,"event_name":"Golden Wing","floor":14,"gold_loss":0}],"is_beta":false,"boss_relics":[],"items_purged_floors":[2],"is_endless":false,"potions_floor_spawned":[1,4,8,11],"killed_by":"Hexaghost","ascension_level":16}