{"gold_per_floor":[17,36,52,68,68,68,80,99,99,99,99,99,99,110,110,214,214,232,242,93,93,110,110,126,145,145,161,177,177,197,18,18,115,165,177,195,195,5,5,25,25,25,25,37,37,37,72,172,172,172,172,172,72,72],"floor_reached":54,"playtime":4491,"items_purged":["Strike_G","Writhe"],"score":688,"play_id":"e9e7c6d6-7c6c-44ae-8205-7b75a10857ee","local_time":"20190106014358","is_ascension_mode":false,"campfire_choices":[{"data":"Catalyst","floor":6.0,"key":"SMITH"},{"data":"Survivor","floor":10.0,"key":"SMITH"},{"data":"Neutralize","floor":12.0,"key":"SMITH"},{"data":"Sucker Punch","floor":15.0,"key":"SMITH"},{"floor":23.0,"key":"REST"},{"floor":29.0,"key":"REST"},{"floor":32.0,"key":"REST"},{"floor":42.0,"key":"REST"},{"floor":46.0,"key":"RECALL"},{"floor":49.0,"key":"REST"},{"data":"Apotheosis","floor":52,"key":"SMITH"}],"neow_cost":"NO_GOLD","seed_source_timestamp":0,"circlet_count":0,"master_deck":["Defend_G+1","Defend_G","Defend_G","Defend_G","Defend_G","Strike_G","Strike_G","Survivor+1","Neutralize+1","PiercingWail","Deadly Poison+1","Catalyst+1","Deadly Poison","Deadly Poison","Sucker Punch+1","Burst","Blur","Well Laid Plans+1","Deadly Poison","Malaise+1","Bouncing Flask","PiercingWail+1","Apotheosis+1","Well Laid Plans+1","Burst","Distraction","Blur+1","PiercingWail","Catalyst+1","Doubt","After Image","Deflect","Caltrops+1"],"special_seed":0,"relics":["Ring of the Snake","Dream Catcher","Cursed Key","Bottled Lightning","Tiny House","DollysMirror","Bottled Tornado","Ginger"],"potions_floor_usage":[50,50],"damage_taken":[{"damage":0.0,"enemies":"Jaw Worm","floor":1.0,"turns":6.0},{"damage":0.0,"enemies":"Small Slimes","floor":2.0,"turns":4.0},{"damage":0.0,"enemies":"2 Louse","floor":3.0,"turns":3.0},{"damage":4.0,"enemies":"Red Slaver","floor":4.0,"turns":5.0},{"damage":0.0,"enemies":"Blue Slaver","floor":7.0,"turns":4.0},{"damage":10.0,"enemies":"Exordium Thugs","floor":8.0,"turns":3.0},{"damage":0.0,"enemies":"2 Fungi Beasts","floor":14.0,"turns":3.0},{"damage":31.0,"enemies":"The Guardian","floor":16.0,"turns":8.0},{"damage":15.0,"enemies":"Shell Parasite","floor":18.0,"turns":6.0},{"damage":1.0,"enemies":"Chosen","floor":19.0,"turns":4.0},{"damage":39.0,"enemies":"3 Cultists","floor":22.0,"turns":8.0},{"damage":9.0,"enemies":"Centurion and Healer","floor":24.0,"turns":6.0},{"damage":8.0,"enemies":"Chosen and Byrds","floor":25.0,"turns":6.0},{"damage":5.0,"enemies":"Snake Plant","floor":27.0,"turns":3.0},{"damage":2.0,"enemies":"Centurion and Healer","floor":28.0,"turns":7.0},{"damage":4.0,"enemies":"Shelled Parasite and Fungi","floor":30.0,"turns":5.0},{"damage":20.0,"enemies":"Automaton","floor":33.0,"turns":6.0},{"damage":11.0,"enemies":"Orb Walker","floor":35.0,"turns":4.0},{"damage":15.0,"enemies":"3 Shapes","floor":36.0,"turns":7.0},{"damage":46.0,"enemies":"Transient","floor":40.0,"turns":5.0},{"damage":5.0,"enemies":"3 Darklings","floor":44.0,"turns":8.0},{"damage":39.0,"enemies":"Nemesis","floor":47.0,"turns":9.0},{"damage":0.0,"enemies":"Mind Bloom Boss Battle","floor":48.0,"turns":6.0},{"damage":61,"enemies":"Awakened One","floor":50,"turns":15},{"damage":82,"enemies":"Shield and Spear","floor":54,"turns":8}],"seed_played":"7574919087212686067","potions_obtained":[{"floor":3.0,"key":"SneckoOil"},{"floor":4.0,"key":"EssenceOfSteel"},{"floor":16.0,"key":"Weak Potion"},{"floor":18.0,"key":"GhostInAJar"},{"floor":27.0,"key":"PowerPotion"},{"floor":34.0,"key":"Swift Potion"},{"floor":36.0,"key":"Energy Potion"},{"floor":48.0,"key":"Dexterity Potion"}],"is_trial":false,"path_per_floor":["M","M","M","M","?","R","M","M","T","R","?","R","?","M","R","B",null,"M","M","$","?","M","R","M","M","T","M","M","R","M","$","R","B",null,"M","M","?","$","?","M","?","R","T","M","?","R","E","?","R","B",null,"R","$","E"],"character_chosen":"THE_SILENT","items_purchased":["Well Laid Plans","Apotheosis","DollysMirror"],"campfire_rested":5,"item_purchase_floors":[20,31,38],"current_hp_per_floor":[84,84,84,80,80,80,80,70,70,70,53,53,53,53,53,22,84,69,68,68,68,29,54,45,37,37,32,30,55,51,51,76,56,89,78,63,63,63,63,17,9,35,35,30,78,78,39,39,62,1,78,78,78,0],"gold":72,"neow_bonus":"TWENTY_PERCENT_HP_BONUS","is_prod":false,"is_daily":false,"chose_seed":false,"campfire_upgraded":5,"win_rate":0,"timestamp":1546757038,"path_taken":["M","M","M","M","?","R","M","M","T","R","?","R","?","?","R","BOSS","M","M","$","?","M","R","M","M","T","M","M","R","M","?","R","BOSS","M","M","?","$","?","M","?","R","T","?","?","R","E","?","R","BOSS","R","$","E"],"build_version":"2019-01-03v4","purchased_purges":2,"victory":false,"max_hp_per_floor":[84,84,84,84,84,84,84,84,84,84,84,84,84,84,84,84,84,84,84,84,84,84,84,84,84,84,84,84,84,84,84,84,84,89,89,89,89,89,89,89,89,89,89,89,78,78,78,78,78,78,78,78,78,78],"card_choices":[{"not_picked":["Prepared","Heel Hook"],"picked":"PiercingWail","floor":1.0},{"not_picked":["PiercingWail","Unload"],"picked":"Deadly Poison","floor":2.0},{"not_picked":["Acrobatics","Dagger Spray"],"picked":"Catalyst","floor":3.0},{"not_picked":["Tactician","Poisoned Stab"],"picked":"Deadly Poison","floor":4.0},{"not_picked":["Quick Slash","Doppelganger"],"picked":"Deadly Poison","floor":7.0},{"not_picked":["Quick Slash","Prepared","Dodge and Roll"],"picked":"SKIP","floor":8.0},{"not_picked":["Bane","Dagger Throw"],"picked":"Sucker Punch","floor":14.0},{"not_picked":["Malaise","Unload"],"picked":"Burst","floor":16.0},{"not_picked":["Eviscerate","Heel Hook","Choke+1"],"picked":"SKIP","floor":18.0},{"not_picked":["Crippling Poison","Dodge and Roll"],"picked":"Blur","floor":19.0},{"not_picked":["Poisoned Stab+1","Slice+1"],"picked":"Deadly Poison","floor":22.0},{"not_picked":["Blade Dance","Backflip"],"picked":"Malaise","floor":23.0},{"not_picked":["Acrobatics","Outmaneuver","Sucker Punch+1"],"picked":"SKIP","floor":24.0},{"not_picked":["Bane","Flechettes","Endless Agony+1"],"picked":"SKIP","floor":25.0},{"not_picked":["Infinite Blades","Bane","Quick Slash+1"],"picked":"SKIP","floor":27.0},{"not_picked":["Prepared","Quick Slash","Terror+1"],"picked":"SKIP","floor":28.0},{"not_picked":["Prepared","Quick Slash","Terror+1"],"picked":"SKIP","floor":28.0},{"not_picked":["Heel Hook","Blade Dance"],"picked":"Bouncing Flask","floor":29.0},{"not_picked":["Leg Sweep","Outmaneuver"],"picked":"PiercingWail+1","floor":30.0},{"not_picked":["Slice+1","Poisoned Stab"],"picked":"Well Laid Plans+1","floor":32.0},{"not_picked":["Glass Knife","Venomology"],"picked":"Burst","floor":33.0},{"not_picked":["All Out Attack","Blade Dance"],"picked":"Distraction","floor":34.0},{"not_picked":["Bane","Underhanded Strike+1"],"picked":"Blur+1","floor":35.0},{"not_picked":["Accuracy","Cloak And Dagger"],"picked":"PiercingWail","floor":36.0},{"not_picked":["Predator+1","Flying Knee","Dagger Throw"],"picked":"SKIP","floor":40.0},{"not_picked":["Dash","Blade Dance","Finisher+1"],"picked":"SKIP","floor":44.0},{"not_picked":["Dagger Throw+1","Underhanded Strike+1"],"picked":"After Image","floor":47.0},{"not_picked":["All Out Attack","Cloak And Dagger+1"],"picked":"Deflect","floor":48.0},{"not_picked":["Slice+1","Outmaneuver+1"],"picked":"Caltrops+1","floor":49.0}],"player_experience":437372,"relics_obtained":[{"floor":9.0,"key":"Dream Catcher"},{"floor":26.0,"key":"Bottled Lightning"},{"floor":47.0,"key":"Bottled Tornado"},{"floor":48.0,"key":"Ginger"}],"event_choices":[{"damage_healed":0.0,"max_hp_gain":0.0,"max_hp_loss":0.0,"gold_gain":0.0,"event_name":"Liars Game","player_choice":"Ignored","floor":5.0,"gold_loss":0.0,"damage_taken":0.0},{"damage_healed":0.0,"max_hp_gain":0.0,"max_hp_loss":0.0,"gold_gain":0.0,"event_name":"Shining Light","player_choice":"Entered Light","floor":11.0,"gold_loss":0.0,"damage_taken":17.0,"cards_upgraded":["Deadly Poison","Defend_G"]},{"cards_removed":["Strike_G"],"damage_healed":0.0,"max_hp_gain":0.0,"max_hp_loss":0.0,"gold_gain":0.0,"event_name":"Purifier","player_choice":"Purged","floor":13.0,"gold_loss":0.0,"damage_taken":0.0},{"damage_healed":0.0,"max_hp_gain":0.0,"max_hp_loss":0.0,"gold_gain":0.0,"event_name":"Accursed Blacksmith","player_choice":"Forge","floor":21.0,"gold_loss":0.0,"damage_taken":0.0,"cards_upgraded":["Well Laid Plans"]},{"cards_removed":["Strike_G"],"damage_healed":0.0,"max_hp_gain":0.0,"max_hp_loss":0.0,"gold_gain":0.0,"event_name":"Falling","player_choice":"Removed Attack","floor":37.0,"gold_loss":0.0,"damage_taken":0.0},{"damage_healed":0.0,"max_hp_gain":0.0,"max_hp_loss":0.0,"gold_gain":0.0,"event_name":"Mysterious Sphere","player_choice":"Ignored","floor":39.0,"gold_loss":0.0,"damage_taken":0.0},{"damage_healed":0.0,"max_hp_gain":0.0,"max_hp_loss":0.0,"gold_gain":0.0,"event_name":"Wheel of Change","player_choice":"Damaged","floor":41.0,"gold_loss":0.0,"damage_taken":8.0},{"damage_healed":78.0,"max_hp_gain":0.0,"max_hp_loss":11.0,"gold_gain":0.0,"event_name":"The Moai Head","player_choice":"Heal","floor":45.0,"gold_loss":0.0,"damage_taken":0.0},{"damage_healed":0.0,"max_hp_gain":0.0,"max_hp_loss":0.0,"gold_gain":0.0,"event_name":"MindBloom","player_choice":"Fight","floor":48.0,"gold_loss":0.0,"damage_taken":0.0}],"is_beta":false,"boss_relics":[{"not_picked":["Velvet Choker","Runic Pyramid"],"picked":"Cursed Key"},{"not_picked":["WristBlade","Snecko Eye"],"picked":"Tiny House"}],"items_purged_floors":[20,53],"is_endless":false,"potions_floor_spawned":[3,4,16,18,24,27,28,36,48],"killed_by":"Shield and Spear","ascension_level":0}