{"gold_per_floor":[111,111,36,36,54,54,64,99,99,99,110,110,35,52,52,127,127,138,138,150,162,162,189,189,215,215,130,130,146,146,165,165,241,241,257,157,176,196,211,211,244,0,0,0],"floor_reached":44,"playtime":2074,"items_purged":["Accuracy","Pain"],"score":1066,"play_id":"24cf5bfe-0343-451a-88ca-fd77b1797291","local_time":"20181101102335","is_ascension_mode":true,"campfire_choices":[{"data":"Bouncing Flask","floor":6.0,"key":"SMITH"},{"data":"Blur","floor":10.0,"key":"SMITH"},{"data":"Corpse Explosion","floor":12,"key":"SMITH"},{"data":"Backflip","floor":15,"key":"SMITH"},{"data":"Footwork","floor":24,"key":"SMITH"},{"data":"Footwork","floor":28,"key":"SMITH"},{"floor":30,"key":"REST"},{"data":"Cloak And Dagger","floor":32,"key":"SMITH"},{"floor":40,"key":"REST"}],"neow_cost":"NONE","seed_source_timestamp":1610680622511728,"circlet_count":0,"master_deck":["Survivor","Neutralize","AscendersBane","Bouncing Flask+1","Quick Slash","PiercingWail","Outmaneuver","PiercingWail","Prepared","Sucker Punch","Quick Slash","Dodge and Roll","Backflip+1","Blur+1","Corpse Explosion+1","Backflip+1","Die Die Die","Footwork+1","Footwork+1","Writhe","Cloak And Dagger+1","Clumsy","Cloak And Dagger","Blur","Envenom","Blur","Backflip","Noxious Fumes","Pain"],"special_seed":0,"relics":["Pandora\u0027s Box","Gremlin Horn","Shuriken","Cursed Key","Torii","Singing Bowl","Oddly Smooth Stone","Du-Vu Doll","Prayer Wheel","Eternal Feather","Juzu Bracelet","Red Mask","Peace Pipe"],"potions_floor_usage":[11,16,23,23,37,41,41],"damage_taken":[{"damage":5.0,"enemies":"2 Louse","floor":1.0,"turns":3.0},{"damage":0.0,"enemies":"Cultist","floor":5.0,"turns":4.0},{"damage":7.0,"enemies":"Jaw Worm","floor":7.0,"turns":2.0},{"damage":0.0,"enemies":"Lagavulin","floor":8.0,"turns":5.0},{"damage":8,"enemies":"Exordium Wildlife","floor":11,"turns":4},{"damage":4,"enemies":"Gremlin Gang","floor":14,"turns":2},{"damage":16,"enemies":"The Guardian","floor":16,"turns":8},{"damage":4,"enemies":"3 Byrds","floor":18,"turns":3},{"damage":1,"enemies":"Spheric Guardian","floor":20,"turns":3},{"damage":21,"enemies":"Centurion and Healer","floor":21,"turns":7},{"damage":0,"enemies":"Gremlin Leader","floor":23,"turns":8},{"damage":10,"enemies":"Snake Plant","floor":29,"turns":4},{"damage":1,"enemies":"3 Cultists","floor":31,"turns":5},{"damage":52,"enemies":"Champ","floor":33,"turns":16},{"damage":35,"enemies":"3 Darklings","floor":35,"turns":5},{"damage":10,"enemies":"3 Shapes","floor":37,"turns":5},{"damage":20,"enemies":"Transient","floor":38,"turns":6},{"damage":0,"enemies":"4 Shapes","floor":39,"turns":6},{"damage":38,"enemies":"Reptomancer","floor":41,"turns":9},{"damage":29,"enemies":"Giant Head","floor":44,"turns":8}],"seed_played":"-4544015409590028399","potions_obtained":[{"floor":2.0,"key":"Ancient Potion"},{"floor":2.0,"key":"Energy Potion"},{"floor":8.0,"key":"Regen Potion"},{"floor":14,"key":"SpeedPotion"},{"floor":16,"key":"SpeedPotion"},{"floor":21,"key":"Regen Potion"},{"floor":33,"key":"Regen Potion"},{"floor":38,"key":"Weak Potion"},{"floor":39,"key":"LiquidBronze"}],"is_trial":false,"path_per_floor":["M","?","$","?","M","R","M","E","T","R","M","R","?","M","R","B",null,"M","?","M","M","?","E","R","T","T","?","R","M","R","M","R","B",null,"M","$","M","M","M","R","E","?","T"],"character_chosen":"THE_SILENT","items_purchased":[],"campfire_rested":2,"item_purchase_floors":[],"current_hp_per_floor":[54,54,54,54,54,54,47,47,47,47,53,53,53,49,49,33,58,54,54,53,32,32,47,47,47,47,47,47,37,56,59,59,7,54,21,21,29,11,13,52,16,16,16,0],"gold":0,"neow_bonus":"BOSS_RELIC","is_prod":false,"is_daily":false,"chose_seed":false,"campfire_upgraded":7,"win_rate":0,"timestamp":1541093015,"path_taken":["M","?","$","?","M","R","M","E","T","R","M","R","?","?","R","BOSS","M","?","M","?","?","E","R","?","T","?","R","M","R","M","R","BOSS","M","$","M","M","M","R","E","?","T","E"],"build_version":"2018-10-25v2","purchased_purges":2,"victory":false,"max_hp_per_floor":[66,66,66,66,66,66,66,66,66,66,66,66,66,66,66,66,66,66,66,66,66,66,66,66,66,66,66,66,66,66,70,70,70,70,72,72,76,78,80,80,82,82,82,82],"card_choices":[{"not_picked":["Catalyst","Expertise","Eviscerate"],"picked":"SKIP","floor":1.0},{"not_picked":["Quick Slash","Accuracy"],"picked":"Backflip","floor":5.0},{"not_picked":["Underhanded Strike","Riddle With Holes"],"picked":"Blur","floor":7.0},{"not_picked":["Flying Knee","Dagger Throw"],"picked":"Corpse Explosion","floor":8.0},{"not_picked":["Eviscerate","Dagger Throw"],"picked":"Backflip","floor":11},{"not_picked":["Dagger Spray","Acrobatics","Accuracy"],"picked":"SKIP","floor":14},{"not_picked":["Grand Finale","Tools of the Trade"],"picked":"Die Die Die","floor":16},{"not_picked":["Deflect","Acrobatics","Choke"],"picked":"SKIP","floor":18},{"not_picked":["Reflex","PiercingWail"],"picked":"Footwork","floor":20},{"not_picked":["Dagger Throw","Deadly Poison"],"picked":"Footwork","floor":21},{"not_picked":["Underhanded Strike+1","Dagger Throw"],"picked":"Cloak And Dagger","floor":23},{"not_picked":["Burst","Sucker Punch"],"picked":"Cloak And Dagger","floor":29},{"not_picked":["Bane","Backstab"],"picked":"Blur","floor":29},{"not_picked":["Sucker Punch","Deflect","Deadly Poison"],"picked":"Singing Bowl","floor":31},{"not_picked":["Slice","Distraction","Masterful Stab"],"picked":"Singing Bowl","floor":31},{"not_picked":["Doppelganger","Unload"],"picked":"Envenom","floor":33},{"not_picked":["Blade Dance","Tactician"],"picked":"Blur","floor":35},{"not_picked":["Setup","Quick Slash+1","Dagger Spray"],"picked":"Singing Bowl","floor":35},{"not_picked":["Poisoned Stab+1","Dagger Spray+1","Backflip"],"picked":"Singing Bowl","floor":37},{"not_picked":["PiercingWail","Flying Knee","Dodge and Roll"],"picked":"Singing Bowl","floor":37},{"not_picked":["Concentrate","Setup","Dagger Spray+1"],"picked":"Singing Bowl","floor":38},{"not_picked":["Blade Dance","Backstab"],"picked":"Backflip","floor":38},{"not_picked":["Quick Slash","Endless Agony+1","Calculated Gamble"],"picked":"Singing Bowl","floor":39},{"not_picked":["Outmaneuver+1","Concentrate"],"picked":"Noxious Fumes","floor":39},{"not_picked":["Blade Dance","Doppelganger","Outmaneuver"],"picked":"Singing Bowl","floor":41}],"player_experience":584030,"relics_obtained":[{"floor":8.0,"key":"Gremlin Horn"},{"floor":9.0,"key":"Shuriken"},{"floor":23,"key":"Singing Bowl"},{"floor":25,"key":"Oddly Smooth Stone"},{"floor":26,"key":"Du-Vu Doll"},{"floor":41,"key":"Juzu Bracelet"},{"floor":43,"key":"Peace Pipe"}],"event_choices":[{"damage_healed":0.0,"max_hp_gain":0.0,"max_hp_loss":0.0,"gold_gain":0.0,"event_name":"The Lab","player_choice":"Got Potions","floor":2.0,"gold_loss":0.0,"damage_taken":0.0},{"damage_healed":0.0,"max_hp_gain":0.0,"max_hp_loss":0.0,"gold_gain":0.0,"event_name":"Match and Keep!","player_choice":"1 cards matched","floor":4.0,"gold_loss":0.0,"damage_taken":0.0,"cards_obtained":["Dodge and Roll"]},{"cards_removed":["Outmaneuver"],"damage_healed":0,"gold_gain":0,"player_choice":"Card Removal","damage_taken":0,"max_hp_gain":0,"max_hp_loss":0,"event_name":"The Cleric","floor":13,"gold_loss":75},{"damage_healed":0,"gold_gain":0,"player_choice":"Upgraded","damage_taken":0,"max_hp_gain":0,"max_hp_loss":0,"event_name":"Upgrade Shrine","floor":19,"gold_loss":0,"cards_upgraded":["Backflip"]},{"damage_healed":0,"gold_gain":0,"player_choice":"Opened","damage_taken":0,"relics_obtained":["Torii"],"max_hp_gain":0,"max_hp_loss":0,"event_name":"The Mausoleum","floor":22,"gold_loss":0,"cards_obtained":["Writhe"]},{"damage_healed":0,"gold_gain":0,"player_choice":"Obtained Relic","damage_taken":0,"relics_obtained":["Prayer Wheel"],"max_hp_gain":0,"max_hp_loss":0,"event_name":"Addict","floor":27,"gold_loss":85},{"damage_healed":0,"gold_gain":0,"player_choice":"Paid","damage_taken":0,"relics_obtained":["Red Mask"],"max_hp_gain":0,"max_hp_loss":0,"event_name":"Tomb of Lord Red Mask","floor":42,"gold_loss":244}],"is_beta":false,"boss_relics":[{"not_picked":["Tiny House","Coffee Dripper"],"picked":"Cursed Key"},{"not_picked":["Runic Pyramid","Calling Bell"],"picked":"Eternal Feather"}],"items_purged_floors":[3,36],"is_endless":false,"potions_floor_spawned":[8,14,16,21,33,38,39],"killed_by":"Giant Head","ascension_level":20}