{"path_per_floor":["M","?","M","M","M","R","?","R","T","R","?","E","T","?","R","B",null,"M","?","M","?","M","R"],"character_chosen":"DEFECT","items_purchased":[],"gold_per_floor":[114,114,128,140,151,151,151,151,151,151,151,182,205,276,276,397,397,418,418,434,434,450,450,450],"floor_reached":24,"campfire_rested":3,"playtime":2016,"item_purchase_floors":[],"current_hp_per_floor":[64,64,54,49,25,25,25,25,25,47,40,21,21,3,25,6,75,61,61,32,32,8,32,0],"items_purged":[],"gold":450,"score":194,"play_id":"27f66396-2255-4f6a-b26e-9faee6e70225","local_time":"20180605014919","is_prod":false,"is_daily":false,"chose_seed":false,"is_ascension_mode":false,"campfire_upgraded":2,"win_rate":0.0,"timestamp":1528188559,"campfire_choices":[{"data":"Loop","floor":6,"key":"SMITH"},{"data":"Fusion","floor":8,"key":"SMITH"},{"floor":10,"key":"REST"},{"floor":15,"key":"REST"},{"floor":23,"key":"REST"}],"path_taken":["M","?","M","M","M","R","?","R","T","R","?","E","?","?","R","BOSS","M","?","M","?","M","R","M"],"build_version":"2018-05-31","seed_source_timestamp":172401602989540,"purchased_purges":0,"victory":false,"master_deck":["Strike_B","Strike_B","Strike_B+1","Strike_B","Defend_B","Defend_B","Defend_B","Zap","Dualcast","Genetic Algorithm","Streamline+1","Loop+1","Fusion+1","Static Discharge","Injury","Fusion","Coolheaded","Fission","Undo","Barrage","Loop"],"max_hp_per_floor":[75,75,75,75,75,75,75,75,75,75,75,75,75,75,75,75,75,80,80,80,80,80,80,80],"relics":["Cracked Core","Dodecahedron","Golden Idol","Bottled Tornado","Ancient Tea Set","Whetstone","Bag of Preparation","Black Star"],"card_choices":[{"not_picked":["Go for the Eyes","Cold Snap"],"picked":"Genetic Algorithm","floor":0},{"not_picked":["Conserve Battery","Beam Cell"],"picked":"Streamline","floor":1},{"not_picked":["Ball Lightning","Sweeping Beam"],"picked":"Loop","floor":3},{"not_picked":["Cold Snap","Hologram"],"picked":"Fusion","floor":4},{"not_picked":["Stack","Go for the Eyes"],"picked":"Static Discharge","floor":5},{"not_picked":["Reboot","Rebound"],"picked":"Fusion","floor":12},{"not_picked":["Force Field","Compile Driver"],"picked":"Coolheaded","floor":14},{"not_picked":["Echo Form","Biased Cognition"],"picked":"Fission","floor":16},{"not_picked":["Cold Snap","Leap+1"],"picked":"Undo","floor":18},{"not_picked":["Cold Snap+1","Conserve Battery"],"picked":"Barrage","floor":20},{"not_picked":["Streamline","Sweeping Beam"],"picked":"Loop","floor":22}],"player_experience":12534,"potions_floor_usage":[14,14,16,18],"damage_taken":[{"damage":11,"enemies":"2 Louse","floor":1,"turns":3},{"damage":10,"enemies":"Jaw Worm","floor":3,"turns":3},{"damage":5,"enemies":"Small Slimes","floor":4,"turns":3},{"damage":24,"enemies":"2 Fungi Beasts","floor":5,"turns":3},{"damage":19,"enemies":"3 Sentries","floor":12,"turns":6},{"damage":18,"enemies":"3 Sentries","floor":14,"turns":6},{"damage":19,"enemies":"Slime Boss","floor":16,"turns":11},{"damage":19,"enemies":"Chosen","floor":18,"turns":5},{"damage":29,"enemies":"Shell Parasite","floor":20,"turns":9},{"damage":24,"enemies":"Sentry and Sphere","floor":22,"turns":7},{"damage":49,"enemies":"Slaver and Parasite","floor":24,"turns":4}],"relics_obtained":[{"floor":9,"key":"Bottled Tornado"},{"floor":12,"key":"Ancient Tea Set"},{"floor":13,"key":"Whetstone"},{"floor":14,"key":"Bag of Preparation"}],"event_choices":[{"event_name":"Big Fish","player_choice":"Box","floor":2,"damage_taken":0},{"event_name":"Golden Idol","player_choice":"Take Wound","floor":7,"damage_taken":0},{"event_name":"Golden Wing","player_choice":"Card Removal","floor":11,"damage_taken":0},{"event_name":"Dead Adventurer","player_choice":"Searched \u00272\u0027 times","floor":14,"damage_taken":0},{"event_name":"Ghosts","player_choice":"Ignored","floor":19,"damage_taken":0},{"event_name":"Purifier","player_choice":"One Purge","floor":21,"damage_taken":0}],"boss_relics":[{"not_picked":["Cursed Key","Lizard Tail"],"picked":"Black Star"}],"items_purged_floors":[],"potions_floor_spawned":[1,3,5,16,22],"seed_played":"-6680110078486984301","killed_by":"Slaver and Parasite","ascension_level":0,"potions_obtained":[{"floor":1,"key":"Fire Potion"},{"floor":3,"key":"EssenceOfSteel"},{"floor":5,"key":"LiquidBronze"},{"floor":16,"key":"Fruit Juice"},{"floor":22,"key":"EssenceOfSteel"}],"is_trial":false}