{"gold_per_floor":[118,133,133,133,153,153,169,169,196,229,239,239,258,258,258,333,333,352,367,230,244,144,144,161,0,46,46,46],"floor_reached":28,"playtime":969,"items_purged":["Strike_B","Strike_B"],"score":418,"play_id":"29b851db-3c1e-4028-b7e3-fe28e5e755aa","local_time":"20181001020130","is_ascension_mode":true,"campfire_choices":[{"data":"Cold Snap","floor":6,"key":"SMITH"},{"data":"Consume","floor":12,"key":"SMITH"},{"data":"Cold Snap","floor":15,"key":"SMITH"},{"floor":23,"key":"REST"}],"neow_cost":"NONE","seed_source_timestamp":1410219296852512,"circlet_count":0,"master_deck":["Strike_B","Defend_B","Defend_B","Defend_B","Defend_B","Zap+1","Dualcast","AscendersBane","Cold Snap+1","Melter","Ball Lightning","Cold Snap","Cold Snap+1","Consume+1","Recycle+1","Buffer","Capacitor","Conserve Battery","Loop","Coolheaded"],"relics":["Cracked Core","Strawberry","Blood Vial","Velvet Choker","Juzu Bracelet"],"potions_floor_usage":[10,28,28],"damage_taken":[{"damage":6,"enemies":"2 Louse","floor":1,"turns":2},{"damage":7,"enemies":"Jaw Worm","floor":2,"turns":3},{"damage":1,"enemies":"Small Slimes","floor":5,"turns":3},{"damage":7,"enemies":"Blue Slaver","floor":7,"turns":3},{"damage":17,"enemies":"Lagavulin","floor":10,"turns":7},{"damage":11,"enemies":"3 Louse","floor":11,"turns":2},{"damage":0,"enemies":"Large Slime","floor":13,"turns":4},{"damage":11,"enemies":"The Guardian","floor":16,"turns":12},{"damage":21,"enemies":"Shell Parasite","floor":18,"turns":4},{"damage":42,"enemies":"3 Byrds","floor":19,"turns":6},{"damage":8,"enemies":"Sentry and Sphere","floor":21,"turns":4},{"damage":20,"enemies":"Centurion and Healer","floor":24,"turns":9},{"damage":12,"enemies":"Gremlin Leader","floor":28,"turns":1}],"seed_played":"-4158945687999019115","potions_obtained":[{"floor":2,"key":"SkillPotion"},{"floor":5,"key":"Dexterity Potion"},{"floor":18,"key":"SteroidPotion"},{"floor":24,"key":"EssenceOfSteel"}],"is_trial":false,"path_per_floor":["M","M","?","?","M","R","M","?","T","E","M","R","M","?","R","B",null,"M","M","$","M","$","R","M","?","T","?"],"character_chosen":"DEFECT","items_purchased":["Conserve Battery"],"campfire_rested":1,"item_purchase_floors":[20],"current_hp_per_floor":[58,51,71,71,70,70,63,56,63,46,37,37,39,39,39,30,66,47,7,7,1,1,24,6,6,6,6,0],"gold":46,"neow_bonus":"UPGRADE_CARD","is_prod":false,"is_daily":false,"chose_seed":false,"campfire_upgraded":3,"win_rate":0,"timestamp":1538373690,"path_taken":["M","M","?","?","M","R","M","?","T","E","M","R","M","?","R","BOSS","M","M","$","M","$","R","?","?","T","?","E"],"build_version":"2018-09-27","purchased_purges":2,"victory":false,"max_hp_per_floor":[71,71,71,71,71,71,71,71,78,78,78,78,78,78,78,78,78,78,78,78,78,78,78,78,78,78,78,78],"card_choices":[{"not_picked":["Redo","Streamline"],"picked":"Cold Snap","floor":1},{"not_picked":["Coolheaded","Double Energy"],"picked":"Melter","floor":2},{"not_picked":["Sunder","Barrage"],"picked":"Ball Lightning","floor":5},{"not_picked":["Darkness","Steam"],"picked":"Cold Snap","floor":7},{"not_picked":["Skim","Static Discharge"],"picked":"Cold Snap","floor":10},{"not_picked":["Rebound","Sweeping Beam"],"picked":"Consume","floor":11},{"not_picked":["Cold Snap","Beam Cell"],"picked":"Recycle","floor":13},{"not_picked":["Reboot","Fission"],"picked":"Buffer","floor":16},{"not_picked":["Aggregate","Rip and Tear"],"picked":"Capacitor","floor":18},{"not_picked":["Streamline","Barrage","Stack"],"picked":"SKIP","floor":19},{"not_picked":["Hologram","Lockon+1"],"picked":"Loop","floor":21},{"not_picked":["Conserve Battery","Barrage"],"picked":"Coolheaded","floor":24}],"player_experience":292462,"relics_obtained":[{"floor":9,"key":"Strawberry"},{"floor":10,"key":"Blood Vial"},{"floor":26,"key":"Juzu Bracelet"}],"event_choices":[{"event_name":"Big Fish","player_choice":"Banana","floor":3,"damage_taken":0},{"event_name":"Liars Game","player_choice":"disagreed","floor":4,"damage_taken":0},{"event_name":"Golden Wing","player_choice":"Card Removal","floor":8,"damage_taken":0},{"event_name":"Living Wall","player_choice":"Grow","floor":14,"damage_taken":0},{"event_name":"Masked Bandits","player_choice":"Paid Fearfully","floor":25,"damage_taken":0},{"event_name":"Cursed Tome","player_choice":"Ignored","floor":27,"damage_taken":0}],"is_beta":false,"boss_relics":[{"not_picked":["Eternal Feather","Fusion Hammer"],"picked":"Velvet Choker"}],"items_purged_floors":[20,22],"is_endless":false,"potions_floor_spawned":[2,5,7,18,21,24],"killed_by":"Gremlin Leader","ascension_level":18}