{"path_per_floor":["M","M","?","M","M","R","E","R","T","M","E","M","E","?","R"],"character_chosen":"IRONCLAD","items_purchased":[],"gold_per_floor":[112,124,124,142,161,161,195,195,195,215,242,254,281,281,281,281],"floor_reached":16,"campfire_rested":1,"playtime":915,"current_hp_per_floor":[80,80,73,72,62,62,21,61,61,66,51,57,45,45,45,0],"items_purged":[],"gold":281,"score":153,"play_id":"a5e94c7b-d990-42bf-ac52-680fcebba509","local_time":"20180411221949","is_prod":false,"is_daily":false,"is_ascension_mode":true,"campfire_upgraded":2,"timestamp":1523477989,"path_taken":["M","?","?","M","M","R","E","R","T","M","E","M","E","?","R","BOSS"],"build_version":"2018-04-05v2","purchased_purges":0,"victory":false,"master_deck":["Strike_R","Strike_R","Strike_R","Strike_R","Defend_R","Defend_R","Defend_R","Defend_R","Bash","Combust","Feed","Clothesline+1","Inflame+1","Whirlwind","Shrug It Off","Sentinel","Shockwave","Shrug It Off"],"max_hp_per_floor":[80,80,80,83,83,83,86,86,86,89,89,89,89,89,89,89],"relics":["Burning Blood","Prayer Wheel","Regal Pillow","Ginger","Mercury Hourglass","Singing Bowl"],"card_choices":[{"not_picked":["Reckless Charge","Havoc"],"picked":"Combust","floor":1},{"not_picked":["Armaments","Iron Wave"],"picked":"Feed","floor":2},{"not_picked":["Searing Blow","Clash"],"picked":"Clothesline","floor":4},{"not_picked":["Limit Break","Dropkick"],"picked":"Inflame","floor":7},{"not_picked":["Metallicize","Perfected Strike"],"picked":"Whirlwind","floor":9},{"not_picked":["Twin Strike","Entrench"],"picked":"Shrug It Off","floor":10},{"not_picked":["Thunderclap","Clash"],"picked":"Sentinel","floor":11},{"not_picked":["Fiend Fire","Flex"],"picked":"Shockwave","floor":12},{"not_picked":["Battle Trance","Rage"],"picked":"Shrug It Off","floor":13}],"player_experience":204976,"potions_floor_usage":[12,13,16,16],"damage_taken":[{"damage":1,"enemies":"Cultist","floor":1,"turns":4},{"damage":3,"enemies":"2 Louse","floor":2,"turns":3},{"damage":10,"enemies":"Small Slimes","floor":4,"turns":4},{"damage":16,"enemies":"Blue Slaver","floor":5,"turns":4},{"damage":50,"enemies":"Lagavulin","floor":7,"turns":8},{"damage":4,"enemies":"Large Slime","floor":10,"turns":6},{"damage":21,"enemies":"3 Sentries","floor":11,"turns":5},{"damage":0,"enemies":"Lots of Slimes","floor":12,"turns":1},{"damage":18,"enemies":"Gremlin Nob","floor":13,"turns":5},{"damage":46,"enemies":"The Guardian","floor":16,"turns":10}],"event_choices":[{"event_name":"Golden Wing","player_choice":"Card Removal","floor":3,"damage_taken":0},{"event_name":"Liars Game","player_choice":"disagreed","floor":14,"damage_taken":0}],"boss_relics":[],"potions_floor_spawned":[1,7,10,12],"seed_played":"4788594202384406306","killed_by":"The Guardian","ascension_level":5,"is_trial":false}