{"gold_per_floor":[114,10,10,31,31,72,72,122,122,162,175,48,48,92,92,190,190,209,109,109,132,155,155,199,199,199,242,286,304,325,361,361,460,460,476,77,91,91,150,190,228,271,271,251,295,316,332,366,366,366,366],"floor_reached":51,"playtime":3927,"items_purged":["Strike_B","Strike_B","Strike_B"],"score":1813,"play_id":"0609899a-afd1-4227-a151-37fdf432e2bd","local_time":"20190302170025","is_ascension_mode":true,"campfire_choices":[{"data":"Defragment","floor":13.0,"key":"SMITH"},{"data":"Hologram","floor":15.0,"key":"SMITH"},{"data":"Zap","floor":23.0,"key":"SMITH"},{"data":"Scrape","floor":25.0,"key":"SMITH"},{"data":"Hello World","floor":32.0,"key":"SMITH"},{"floor":49,"key":"RECALL"}],"neow_cost":"NONE","seed_source_timestamp":113701613579976,"circlet_count":0,"master_deck":["AscendersBane","Defend_B","Defend_B+1","Defend_B","Defend_B","Zap+1","Dualcast","Hello World+1","Conserve Battery","Glacier+1","Sweeping Beam","Gash","Hologram+1","Defragment+1","Gash","Gash","Multi-Cast","Rebound","Skim","Scrape+1","Beam Cell","Go for the Eyes","Self Repair+1","Gash+1","Gash+1","Doom and Gloom+1","FTL","Buffer+1","Writhe","Regret","Regret","Go for the Eyes","Conserve Battery","Compile Driver+1","Gash","Recycle+1","Defragment+1","Hello World+1","Machine Learning+1","Compile Driver"],"special_seed":0,"relics":["Lizard Tail","Golden Idol","Blue Candle","Meat on the Bone","Symbiotic Virus","Strawberry","Coffee Dripper","Regal Pillow","Question Card","Frozen Egg 2","Red Mask","Torii","Calling Bell","Du-Vu Doll","Mummified Hand","Boot","Pantograph","WingedGreaves","Orichalcum","Toxic Egg 2","Ancient Tea Set","Happy Flower","Mango"],"potions_floor_usage":[50,50,51],"damage_taken":[{"damage":2.0,"enemies":"2 Louse","floor":1.0,"turns":4.0},{"damage":0.0,"enemies":"Small Slimes","floor":4.0,"turns":3.0},{"damage":16.0,"enemies":"Gremlin Nob","floor":6.0,"turns":6.0},{"damage":13.0,"enemies":"3 Sentries","floor":10.0,"turns":9.0},{"damage":0.0,"enemies":"Cultist","floor":11.0,"turns":3.0},{"damage":1.0,"enemies":"Lagavulin","floor":14.0,"turns":7.0},{"damage":33.0,"enemies":"The Guardian","floor":16.0,"turns":11.0},{"damage":9.0,"enemies":"3 Byrds","floor":18.0,"turns":6.0},{"damage":0.0,"enemies":"Chosen","floor":21.0,"turns":5.0},{"damage":16.0,"enemies":"Snake Plant","floor":22.0,"turns":5.0},{"damage":13.0,"enemies":"Gremlin Leader","floor":24.0,"turns":7.0},{"damage":21.0,"enemies":"Book of Stabbing","floor":27.0,"turns":5.0},{"damage":17.0,"enemies":"Masked Bandits","floor":28.0,"turns":3.0},{"damage":19.0,"enemies":"Snecko","floor":29.0,"turns":5.0},{"damage":17.0,"enemies":"Shelled Parasite and Fungi","floor":30.0,"turns":5.0},{"damage":32.0,"enemies":"Slavers","floor":31.0,"turns":4.0},{"damage":46.0,"enemies":"Collector","floor":33.0,"turns":8.0},{"damage":24.0,"enemies":"3 Darklings","floor":35.0,"turns":6.0},{"damage":3.0,"enemies":"3 Shapes","floor":37.0,"turns":7.0},{"damage":36.0,"enemies":"2 Orb Walkers","floor":39.0,"turns":5.0},{"damage":2.0,"enemies":"Nemesis","floor":40.0,"turns":5.0},{"damage":3.0,"enemies":"Reptomancer","floor":41.0,"turns":6.0},{"damage":3.0,"enemies":"Giant Head","floor":42.0,"turns":6.0},{"damage":53.0,"enemies":"Nemesis","floor":45.0,"turns":7.0},{"damage":2,"enemies":"Transient","floor":46,"turns":6},{"damage":4,"enemies":"3 Darklings","floor":47,"turns":5},{"damage":38,"enemies":"Reptomancer","floor":48,"turns":5},{"damage":46,"enemies":"Time Eater","floor":50,"turns":11},{"damage":70,"enemies":"Donu and Deca","floor":51,"turns":4}],"seed_played":"-8853038891578090716","potions_obtained":[{"floor":4.0,"key":"PowerPotion"},{"floor":10.0,"key":"EssenceOfSteel"},{"floor":16.0,"key":"Energy Potion"},{"floor":22.0,"key":"Weak Potion"},{"floor":27.0,"key":"Strength Potion"},{"floor":28.0,"key":"Ancient Potion"},{"floor":30.0,"key":"Swift Potion"},{"floor":31.0,"key":"Dexterity Potion"},{"floor":35.0,"key":"Dexterity Potion"},{"floor":39.0,"key":"AttackPotion"},{"floor":41.0,"key":"EntropicBrew"}],"is_trial":false,"path_per_floor":["M","$","?","M","?","E","?","?","T","E","M","$","R","E","R","B",null,"M","$","?","M","M","R","E","R","T","E","?","M","M","E","R","B",null,"M","$","M","?","?","E","E","E","T","?","E","M","M","E","R","B","B"],"character_chosen":"DEFECT","items_purchased":["Conserve Battery","Defragment","Gash","Pantograph"],"campfire_rested":0,"item_purchase_floors":[2,12,12,36],"current_hp_per_floor":[62,62,62,62,43,27,27,21,21,20,32,32,32,50,50,29,61,52,52,52,52,36,36,35,35,35,26,31,34,39,29,29,43,64,50,50,57,57,43,51,58,65,65,65,34,54,60,48,48,39,0],"gold":366,"neow_bonus":"BOSS_RELIC","is_prod":false,"is_daily":false,"chose_seed":false,"campfire_upgraded":5,"win_rate":0,"timestamp":1551564025,"path_taken":["M","$","?","M","?","E","?","?","T","E","M","$","R","E","R","BOSS","M","$","?","M","M","R","E","R","T","E","?","M","M","E","R","BOSS","M","$","M","?","?","E","E","E","T","?","E","?","M","E","R","BOSS","BOSS"],"build_version":"2019-01-23","purchased_purges":3,"victory":false,"max_hp_per_floor":[71,71,64,64,64,64,64,64,64,64,64,64,64,71,71,71,71,71,71,71,71,71,71,71,71,71,71,71,71,71,71,71,71,71,71,71,71,67,67,67,67,67,67,67,67,67,67,81,81,81,81],"card_choices":[{"not_picked":["Hologram","Beam Cell"],"picked":"Hello World","floor":1.0},{"not_picked":["Fusion","Reinforced Body"],"picked":"Glacier","floor":4.0},{"not_picked":["Stack","Coolheaded"],"picked":"Sweeping Beam","floor":6.0},{"not_picked":["Heatsinks","Coolheaded"],"picked":"Gash","floor":10.0},{"not_picked":["Chill","BootSequence"],"picked":"Hologram","floor":11.0},{"not_picked":["Thunder Strike","Hyperbeam"],"picked":"Gash","floor":14.0},{"not_picked":["Creative AI","Meteor Strike"],"picked":"Multi-Cast","floor":16.0},{"not_picked":["Double Energy","Conserve Battery"],"picked":"Rebound","floor":18.0},{"not_picked":["Turbo","Force Field"],"picked":"Scrape","floor":21.0},{"not_picked":["BootSequence","Sweeping Beam"],"picked":"Beam Cell","floor":22.0},{"not_picked":["Capacitor","Coolheaded"],"picked":"Go for the Eyes","floor":24.0},{"not_picked":["Cold Snap","Hologram","Amplify"],"picked":"Self Repair","floor":27.0},{"not_picked":["Sweeping Beam","Storm+1","Turbo"],"picked":"Gash+1","floor":28.0},{"not_picked":["Sunder","Skim","Steam Power"],"picked":"Gash+1","floor":29.0},{"not_picked":["Static Discharge+1","Recycle","Cold Snap"],"picked":"Doom and Gloom+1","floor":30.0},{"not_picked":["Seek","Rainbow","Conserve Battery+1"],"picked":"FTL","floor":31.0},{"not_picked":["Thunder Strike","Rainbow","Fission"],"picked":"Buffer+1","floor":33.0},{"not_picked":["Hologram","Redo","Reboot"],"picked":"Go for the Eyes","floor":35.0},{"not_picked":["Sweeping Beam","Darkness+1","Streamline"],"picked":"Conserve Battery","floor":37.0},{"not_picked":["FTL","Leap","Sunder"],"picked":"Compile Driver+1","floor":39.0},{"not_picked":["Chaos","Barrage","Ball Lightning","Melter"],"picked":"SKIP","floor":40.0},{"not_picked":["Cold Snap","Compile Driver","Conserve Battery"],"picked":"Gash","floor":41.0},{"not_picked":["Cold Snap+1","Core Surge","Rebound"],"picked":"Recycle+1","floor":42.0},{"not_picked":["Loop+1","Recycle+1","Ball Lightning"],"picked":"Defragment+1","floor":45.0},{"not_picked":["Conserve Battery+1","Reprogram+1","Go for the Eyes"],"picked":"Hello World+1","floor":46},{"not_picked":["Streamline","Barrage+1","Ball Lightning"],"picked":"Machine Learning+1","floor":47},{"not_picked":["Rebound","Sweeping Beam","Ball Lightning"],"picked":"Compile Driver","floor":48}],"player_experience":642305,"relics_obtained":[{"floor":6.0,"key":"Blue Candle"},{"floor":9.0,"key":"Meat on the Bone"},{"floor":10.0,"key":"Symbiotic Virus"},{"floor":14.0,"key":"Strawberry"},{"floor":24.0,"key":"Regal Pillow"},{"floor":26.0,"key":"Question Card"},{"floor":27.0,"key":"Frozen Egg 2"},{"floor":28.0,"key":"Red Mask"},{"floor":31.0,"key":"Torii"},{"floor":34.0,"key":"Du-Vu Doll"},{"floor":34.0,"key":"Mummified Hand"},{"floor":34.0,"key":"Boot"},{"floor":39.0,"key":"WingedGreaves"},{"floor":40.0,"key":"Orichalcum"},{"floor":41.0,"key":"Toxic Egg 2"},{"floor":42.0,"key":"Ancient Tea Set"},{"floor":45.0,"key":"Happy Flower"},{"floor":48,"key":"Mango"}],"event_choices":[{"damage_healed":0.0,"max_hp_gain":0.0,"max_hp_loss":7.0,"gold_gain":0.0,"event_name":"Golden Idol","player_choice":"Lose Max HP","floor":3.0,"gold_loss":0.0,"damage_taken":0.0,"relics_obtained":["Golden Idol"]},{"damage_healed":0.0,"max_hp_gain":0.0,"max_hp_loss":0.0,"gold_gain":0.0,"event_name":"Shining Light","player_choice":"Entered Light","floor":5.0,"gold_loss":0.0,"damage_taken":19.0,"cards_upgraded":["Glacier","Defend_B"]},{"cards_removed":["Strike_B"],"damage_healed":0.0,"max_hp_gain":0.0,"max_hp_loss":0.0,"gold_gain":0.0,"event_name":"Living Wall","player_choice":"Forget","floor":7.0,"gold_loss":0.0,"damage_taken":0.0},{"damage_healed":0.0,"max_hp_gain":0.0,"max_hp_loss":0.0,"gold_gain":50.0,"event_name":"FaceTrader","player_choice":"Touch","floor":8.0,"gold_loss":0.0,"damage_taken":6.0},{"damage_healed":0.0,"max_hp_gain":0.0,"max_hp_loss":0.0,"gold_gain":0.0,"event_name":"The Library","player_choice":"Read","floor":20.0,"gold_loss":0.0,"damage_taken":0.0,"cards_obtained":["Skim"]},{"damage_healed":0.0,"max_hp_gain":0.0,"max_hp_loss":0.0,"gold_gain":0.0,"event_name":"Masked Bandits","player_choice":"Fought Bandits","floor":28.0,"gold_loss":0.0,"damage_taken":0.0},{"damage_healed":0.0,"max_hp_gain":0.0,"max_hp_loss":4.0,"gold_gain":0.0,"event_name":"Winding Halls","player_choice":"Max HP","floor":38.0,"gold_loss":0.0,"damage_taken":0.0},{"damage_healed":0.0,"max_hp_gain":0.0,"max_hp_loss":0.0,"gold_gain":0.0,"event_name":"Mysterious Sphere","player_choice":"Fight","floor":39.0,"gold_loss":0.0,"damage_taken":0.0},{"damage_healed":0.0,"max_hp_gain":0.0,"max_hp_loss":0.0,"gold_gain":0.0,"event_name":"The Woman in Blue","player_choice":"Bought 1 Potion","floor":44.0,"gold_loss":0.0,"damage_taken":0.0}],"is_beta":false,"boss_relics":[{"not_picked":["Astrolabe","Empty Cage"],"picked":"Coffee Dripper"},{"not_picked":["Tiny House","Sozu"],"picked":"Calling Bell"}],"items_purged_floors":[2,19,36],"is_endless":false,"potions_floor_spawned":[4,10,16,22,27,28,30,31,35,39,41,45,47],"killed_by":"Donu and Deca","ascension_level":20}