{"gold_per_floor":[13,39,56,56,71,71,84,84,107,126,140,140,153,165,165,270,270,251,251,269,269,194,194],"floor_reached":23,"playtime":2058,"items_purged":["Strike_R"],"score":185,"play_id":"518226e3-1b80-412c-b887-3a726aabdcc0","local_time":"20190218163023","is_ascension_mode":false,"campfire_choices":[{"data":"True Grit","floor":6,"key":"SMITH"},{"data":"Rampage","floor":8,"key":"SMITH"},{"data":"Fire Breathing","floor":12,"key":"SMITH"},{"data":"Bash","floor":15,"key":"SMITH"}],"neow_cost":"NO_GOLD","seed_source_timestamp":414365704582499,"circlet_count":0,"master_deck":["Strike_R","Strike_R","Defend_R","Defend_R","Defend_R","Defend_R","Bash+1","Clash","Twin Strike","Entrench+1","True Grit+1","Rampage+1","Fire Breathing+1","Dark Embrace","Warcry","Shrug It Off"],"relics":["Burning Blood","Vajra","Omamori","Busted Crown"],"potions_floor_usage":[7,11,11,16,16],"damage_taken":[{"damage":0,"enemies":"Cultist","floor":1,"turns":3},{"damage":0,"enemies":"2 Louse","floor":3,"turns":2},{"damage":0,"enemies":"Jaw Worm","floor":5,"turns":3},{"damage":0,"enemies":"Blue Slaver","floor":7,"turns":3},{"damage":4,"enemies":"Gremlin Gang","floor":10,"turns":5},{"damage":4,"enemies":"Exordium Wildlife","floor":11,"turns":4},{"damage":3,"enemies":"Exordium Thugs","floor":13,"turns":5},{"damage":11,"enemies":"2 Fungi Beasts","floor":14,"turns":3},{"damage":68,"enemies":"Slime Boss","floor":16,"turns":12},{"damage":11,"enemies":"2 Thieves","floor":18,"turns":4},{"damage":13,"enemies":"Spheric Guardian","floor":20,"turns":4},{"damage":54,"enemies":"Slavers","floor":23,"turns":4}],"seed_played":"5935549164980392130","potions_obtained":[{"floor":1,"key":"Block Potion"},{"floor":5,"key":"SkillPotion"},{"floor":7,"key":"Block Potion"},{"floor":11,"key":"Weak Potion"},{"floor":13,"key":"Explosive Potion"}],"is_trial":false,"path_per_floor":["M","T","M","?","M","R","M","R","T","M","M","R","M","M","R","B",null,"M","?","M","?","$","E"],"character_chosen":"IRONCLAD","items_purchased":[],"campfire_rested":0,"item_purchase_floors":[],"current_hp_per_floor":[80,80,80,80,80,80,80,80,80,80,80,80,80,75,75,13,80,75,59,52,52,52,0],"gold":194,"neow_bonus":"TRANSFORM_TWO_CARDS","is_prod":false,"is_daily":false,"chose_seed":false,"campfire_upgraded":4,"win_rate":0,"timestamp":1550507423,"path_taken":["M","?","M","?","M","R","?","R","T","M","M","R","M","M","R","BOSS","M","?","M","?","$","E"],"build_version":"2019-01-23","purchased_purges":1,"victory":false,"max_hp_per_floor":[80,80,80,80,80,80,80,80,80,80,80,80,80,80,80,80,80,80,80,80,80,80,80],"card_choices":[{"not_picked":["Infernal Blade","Blood for Blood"],"picked":"Entrench","floor":1},{"not_picked":["Burning Pact","Blood for Blood","Carnage"],"picked":"SKIP","floor":3},{"not_picked":["Clash","Sword Boomerang"],"picked":"True Grit","floor":5},{"not_picked":["Shrug It Off","Shockwave"],"picked":"Rampage","floor":7},{"not_picked":["Clash","Thunderclap"],"picked":"Fire Breathing","floor":10},{"not_picked":["Body Slam","Clothesline","Cleave"],"picked":"SKIP","floor":11},{"not_picked":["Sword Boomerang","Hemokinesis","Bludgeon"],"picked":"SKIP","floor":13},{"not_picked":["Hemokinesis","Dual Wield","Body Slam"],"picked":"SKIP","floor":14},{"not_picked":["Exhume","Fiend Fire"],"picked":"Dark Embrace","floor":16},{"not_picked":[],"picked":"Warcry","floor":18},{"not_picked":[],"picked":"Shrug It Off","floor":20}],"player_experience":381690,"relics_obtained":[{"floor":2,"key":"Vajra"},{"floor":9,"key":"Omamori"}],"event_choices":[{"damage_healed":0,"gold_gain":0,"player_choice":"Forge","damage_taken":0,"max_hp_gain":0,"max_hp_loss":0,"event_name":"Accursed Blacksmith","floor":4,"gold_loss":0,"cards_upgraded":["Entrench"]},{"damage_healed":0,"gold_gain":0,"player_choice":"Obtained Book","damage_taken":16,"max_hp_gain":0,"max_hp_loss":0,"event_name":"Cursed Tome","floor":19,"gold_loss":0},{"damage_healed":0,"gold_gain":0,"player_choice":"Ignored","damage_taken":0,"max_hp_gain":0,"max_hp_loss":0,"event_name":"Vampires","floor":21,"gold_loss":0}],"is_beta":false,"boss_relics":[{"not_picked":["Runic Dome","Astrolabe"],"picked":"Busted Crown"}],"items_purged_floors":[22],"is_endless":false,"potions_floor_spawned":[1,5,7,11,13],"killed_by":"Slavers","ascension_level":0}