{"gold_per_floor":[110,185,197,35,35,67,67,79,79,91,91,107,166,166,166,269,269,284,209,220,220,238,238,249,249,276,287,303,319,319,335,335,440,440,458,88,102,112,131,131],"floor_reached":40,"playtime":2670,"items_purged":["Strike_G"],"score":394,"play_id":"789f62d2-af5d-4867-878c-ae54b71d4eee","local_time":"20181207145354","is_ascension_mode":false,"campfire_choices":[{"data":"Apotheosis","floor":7,"key":"SMITH"},{"data":"Survivor","floor":11,"key":"SMITH"},{"floor":15,"key":"REST"},{"data":"Poisoned Stab","floor":23,"key":"SMITH"},{"data":"Trip","floor":25,"key":"SMITH"},{"floor":32,"key":"REST"}],"neow_cost":"NONE","seed_source_timestamp":662168497327626,"circlet_count":0,"master_deck":["Defend_G","Defend_G","Defend_G","Defend_G","Defend_G","Strike_G","Survivor+1","Neutralize","PiercingWail","Apotheosis+1","Dagger Throw","Poisoned Stab+1","Flying Knee","Bouncing Flask+1","Blur+1","Trip+1","Bane","Burst","Noxious Fumes","Poisoned Stab","Parasite"],"relics":["Ring of the Snake","Sundial","Gremlin Horn","Bag of Marbles","Busted Crown","Dream Catcher","Empty Cage","Strawberry","Snake Skull"],"potions_floor_usage":[13,16,16,16,29,29,33,35,40,40],"damage_taken":[{"damage":2,"enemies":"Jaw Worm","floor":1,"turns":6},{"damage":0,"enemies":"Small Slimes","floor":3,"turns":3},{"damage":21,"enemies":"Lagavulin","floor":6,"turns":10},{"damage":0,"enemies":"Cultist","floor":8,"turns":3},{"damage":4,"enemies":"Blue Slaver","floor":10,"turns":4},{"damage":0,"enemies":"2 Fungi Beasts","floor":12,"turns":3},{"damage":0,"enemies":"Lagavulin Event","floor":13,"turns":7},{"damage":37,"enemies":"Slime Boss","floor":16,"turns":11},{"damage":12,"enemies":"Spheric Guardian","floor":18,"turns":4},{"damage":0,"enemies":"Chosen","floor":20,"turns":3},{"damage":8,"enemies":"Sentry and Sphere","floor":22,"turns":5},{"damage":0,"enemies":"Centurion and Healer","floor":24,"turns":6},{"damage":0,"enemies":"Cultist and Chosen","floor":27,"turns":4},{"damage":0,"enemies":"Sentry and Sphere","floor":28,"turns":5},{"damage":4,"enemies":"3 Cultists","floor":29,"turns":5},{"damage":5,"enemies":"Shelled Parasite and Fungi","floor":31,"turns":6},{"damage":49,"enemies":"Automaton","floor":33,"turns":9},{"damage":11,"enemies":"3 Shapes","floor":35,"turns":4},{"damage":25,"enemies":"Orb Walker","floor":37,"turns":5},{"damage":2,"enemies":"Maw","floor":38,"turns":7},{"damage":12,"enemies":"Writhing Mass","floor":39,"turns":6},{"damage":35,"enemies":"Giant Head","floor":40,"turns":7}],"seed_played":"-6653549488958151497","potions_obtained":[{"floor":3,"key":"SneckoOil"},{"floor":8,"key":"LiquidBronze"},{"floor":12,"key":"SkillPotion"},{"floor":13,"key":"Fire Potion"},{"floor":27,"key":"EssenceOfSteel"},{"floor":28,"key":"PowerPotion"},{"floor":31,"key":"Poison Potion"},{"floor":33,"key":"Strength Potion"},{"floor":37,"key":"Explosive Potion"},{"floor":38,"key":"SteroidPotion"}],"is_trial":false,"path_per_floor":["M","?","M","$","?","E","R","M","T","M","R","M","?","?","R","B",null,"M","$","M","?","M","R","M","R","T","M","M","M","?","M","R","B",null,"M","$","M","M","M","E"],"character_chosen":"THE_SILENT","items_purchased":["Apotheosis","Noxious Fumes","Strawberry","Snake Skull"],"campfire_rested":2,"item_purchase_floors":[4,36,36,36],"current_hp_per_floor":[75,64,64,64,64,43,43,43,43,39,39,39,39,39,62,25,77,65,65,65,65,57,57,57,57,57,57,57,53,53,48,71,22,77,66,73,48,46,34,0],"gold":131,"neow_bonus":"TEN_PERCENT_HP_BONUS","is_prod":false,"is_daily":false,"chose_seed":false,"campfire_upgraded":4,"win_rate":0.0,"timestamp":1544212434,"path_taken":["M","?","M","$","?","E","R","M","T","M","R","?","?","?","R","BOSS","M","$","M","?","M","R","M","R","T","?","?","M","?","M","R","BOSS","M","?","?","M","M","E"],"build_version":"2018-12-06","purchased_purges":1,"victory":false,"max_hp_per_floor":[77,77,77,77,77,77,77,77,77,77,77,77,77,77,77,77,77,77,77,77,77,77,77,77,77,77,77,77,77,77,77,77,77,77,77,84,84,84,84,84],"card_choices":[{"not_picked":["Dagger Spray","Prepared","Bane"],"picked":"SKIP","floor":1},{"not_picked":["Venomology","Deflect"],"picked":"PiercingWail","floor":3},{"not_picked":["Underhanded Strike","Predator","PiercingWail"],"picked":"SKIP","floor":6},{"not_picked":["Accuracy","Sucker Punch","Dodge and Roll"],"picked":"SKIP","floor":8},{"not_picked":["PiercingWail","Quick Slash","Malaise"],"picked":"SKIP","floor":10},{"not_picked":["Acrobatics","Reflex"],"picked":"Poisoned Stab","floor":12},{"not_picked":["Backflip","Calculated Gamble"],"picked":"Flying Knee","floor":13},{"not_picked":[],"picked":"Bouncing Flask+1","floor":18},{"not_picked":[],"picked":"Blur","floor":20},{"not_picked":[],"picked":"Bane","floor":22},{"not_picked":["Cloak And Dagger+1"],"picked":"SKIP","floor":24},{"not_picked":["Terror"],"picked":"SKIP","floor":27},{"not_picked":["PiercingWail"],"picked":"SKIP","floor":28},{"not_picked":["Blade Dance+1"],"picked":"SKIP","floor":29},{"not_picked":["Prepared"],"picked":"SKIP","floor":31},{"not_picked":[],"picked":"Burst","floor":33},{"not_picked":["Dagger Spray"],"picked":"SKIP","floor":35},{"not_picked":["Prepared+1"],"picked":"SKIP","floor":37},{"not_picked":[],"picked":"Poisoned Stab","floor":38},{"not_picked":["Blade Dance+1"],"picked":"SKIP","floor":39}],"player_experience":189203,"relics_obtained":[{"floor":6,"key":"Sundial"},{"floor":9,"key":"Gremlin Horn"},{"floor":13,"key":"Bag of Marbles"},{"floor":26,"key":"Dream Catcher"}],"event_choices":[{"damage_healed":0,"gold_gain":75,"player_choice":"Gather Gold","damage_taken":11,"max_hp_gain":0,"max_hp_loss":0,"event_name":"World of Goop","floor":2,"gold_loss":0},{"damage_healed":0,"gold_gain":0,"cards_transformed":["Strike_G"],"player_choice":"Transformed","damage_taken":0,"max_hp_gain":0,"max_hp_loss":0,"event_name":"Transmorgrifier","floor":5,"gold_loss":0,"cards_obtained":["Dagger Throw"]},{"damage_healed":0,"gold_gain":0,"player_choice":"Searched \u00271\u0027 times","damage_taken":0,"max_hp_gain":0,"max_hp_loss":0,"event_name":"Dead Adventurer","floor":13,"gold_loss":0},{"damage_healed":0,"gold_gain":0,"player_choice":"Fled","damage_taken":0,"max_hp_gain":0,"max_hp_loss":0,"event_name":"Scrap Ooze","floor":14,"gold_loss":0},{"damage_healed":0,"gold_gain":0,"player_choice":"1 cards matched","damage_taken":0,"max_hp_gain":0,"max_hp_loss":0,"event_name":"Match and Keep!","floor":21,"gold_loss":0,"cards_obtained":["Trip"]},{"damage_healed":0,"gold_gain":0,"player_choice":"Upgraded","damage_taken":0,"max_hp_gain":0,"max_hp_loss":0,"event_name":"Upgrade Shrine","floor":30,"gold_loss":0,"cards_upgraded":["Blur"]}],"is_beta":false,"boss_relics":[{"not_picked":["Ring of the Serpent","Coffee Dripper"],"picked":"Busted Crown"},{"not_picked":["HoveringKite","Calling Bell"],"picked":"Empty Cage"}],"items_purged_floors":[19],"is_endless":false,"potions_floor_spawned":[3,8,12,13,27,28,31,33,37,38],"killed_by":"Giant Head","ascension_level":0}