{"gold_per_floor":[112,131,151,151,161,161,186,186,186,214,227,246,262,5,5,106,106,120,120,70,84,97,127,127,161,161,161,161,196,196,208,208,311,311,329,329,329],"floor_reached":37,"playtime":2045,"items_purged":["Strike_R"],"score":465,"play_id":"2276f7f2-e85b-4740-9177-5cb4dc2809d1","local_time":"20190306210758","is_ascension_mode":true,"campfire_choices":[{"data":"Pommel Strike","floor":6,"key":"SMITH"},{"data":"Bash","floor":8,"key":"SMITH"},{"data":"True Grit","floor":15,"key":"SMITH"},{"data":"Corruption","floor":24,"key":"SMITH"},{"floor":28,"key":"REST"},{"floor":32,"key":"REST"}],"neow_cost":"NONE","seed_source_timestamp":302620945756878,"circlet_count":0,"master_deck":["Bash+1","Pommel Strike+1","Pummel","Hello World","Feed+1","True Grit+1","Corruption+1","Battle Trance","Limit Break","Pummel","Metallicize","Clash","Combust","Whirlwind","Sword Boomerang","Entrench","Pommel Strike+1"],"relics":["Burning Blood","Bag of Preparation","Meat on the Bone","Ornamental Fan","Sundial","Sozu","Smiling Mask","Centennial Puzzle","Bottled Flame","Self Forming Clay","Enchiridion","Red Mask","Pandora\u0027s Box"],"potions_floor_usage":[7,7,16],"damage_taken":[{"damage":6,"enemies":"Cultist","floor":1,"turns":3},{"damage":6,"enemies":"Jaw Worm","floor":2,"turns":3},{"damage":5,"enemies":"Small Slimes","floor":3,"turns":4},{"damage":25,"enemies":"Exordium Thugs","floor":5,"turns":5},{"damage":2,"enemies":"Gremlin Nob","floor":7,"turns":3},{"damage":43,"enemies":"3 Sentries","floor":10,"turns":8},{"damage":11,"enemies":"2 Fungi Beasts","floor":11,"turns":3},{"damage":12,"enemies":"Large Slime","floor":12,"turns":5},{"damage":4,"enemies":"Exordium Thugs","floor":13,"turns":4},{"damage":41,"enemies":"The Guardian","floor":16,"turns":11},{"damage":0,"enemies":"Chosen","floor":18,"turns":4},{"damage":0,"enemies":"3 Byrds","floor":21,"turns":5},{"damage":27,"enemies":"Sentry and Sphere","floor":22,"turns":6},{"damage":36,"enemies":"Book of Stabbing","floor":23,"turns":5},{"damage":41,"enemies":"Gremlin Leader","floor":25,"turns":6},{"damage":19,"enemies":"Masked Bandits","floor":29,"turns":5},{"damage":16,"enemies":"Snake Plant","floor":31,"turns":3},{"damage":42,"enemies":"Champ","floor":33,"turns":9},{"damage":5,"enemies":"Orb Walker","floor":35,"turns":3},{"damage":109,"enemies":"2 Orb Walkers","floor":37,"turns":5}],"seed_played":"-7947252335129688574","potions_obtained":[{"floor":3,"key":"Explosive Potion"},{"floor":5,"key":"Block Potion"},{"floor":12,"key":"PowerPotion"},{"floor":13,"key":"SneckoOil"}],"is_trial":false,"path_per_floor":["M","M","M","?","M","R","E","R","T","E","M","M","M","$","R","B",null,"M","?","$","M","M","E","R","E","T","?","R","?","?","M","R","B",null,"M","?","?"],"character_chosen":"IRONCLAD","items_purchased":["Sundial"],"campfire_rested":2,"item_purchase_floors":[14],"current_hp_per_floor":[80,80,80,80,61,61,65,65,65,40,50,59,64,64,64,41,89,92,92,92,95,77,59,59,36,36,20,49,51,51,57,88,64,105,105,105,0],"gold":329,"neow_bonus":"REMOVE_CARD","is_prod":false,"is_daily":false,"chose_seed":false,"campfire_upgraded":4,"win_rate":0,"timestamp":1551902878,"path_taken":["M","M","?","?","M","R","E","R","T","E","?","M","M","$","R","BOSS","M","?","$","M","?","E","R","E","T","?","R","?","?","M","R","BOSS","M","?","?"],"build_version":"2019-01-23","purchased_purges":1,"victory":false,"max_hp_per_floor":[80,80,80,80,80,80,80,80,80,80,83,86,89,89,89,89,89,92,92,92,95,98,98,98,98,98,98,98,101,101,105,105,105,105,105,105,105],"card_choices":[{"not_picked":["Combust","Twin Strike"],"picked":"Clothesline","floor":1},{"not_picked":["Havoc","Headbutt"],"picked":"Pommel Strike","floor":2},{"not_picked":["Warcry","Anger"],"picked":"Pummel","floor":3},{"not_picked":["Infernal Blade","Flex","Sword Boomerang"],"picked":"SKIP","floor":5},{"not_picked":["Uppercut","Hemokinesis","Perfected Strike"],"picked":"SKIP","floor":7},{"not_picked":["Clash","Power Through"],"picked":"Feed","floor":10},{"not_picked":["Power Through","Rupture","Heavy Blade"],"picked":"SKIP","floor":11},{"not_picked":["Twin Strike","Body Slam","Flex"],"picked":"SKIP","floor":12},{"not_picked":["Second Wind","Perfected Strike"],"picked":"True Grit","floor":13},{"not_picked":["Heavy Blade","Iron Wave","Feel No Pain"],"picked":"SKIP","floor":18},{"not_picked":["Clash","Perfected Strike","Flex+1"],"picked":"SKIP","floor":21},{"not_picked":["Warcry","Battle Trance"],"picked":"Corruption","floor":22},{"not_picked":["Flame Barrier","Feed"],"picked":"Battle Trance","floor":23},{"not_picked":["Perfected Strike+1","Sword Boomerang+1","Carnage"],"picked":"SKIP","floor":25},{"not_picked":["Pummel","Headbutt+1","Berserk"],"picked":"SKIP","floor":31},{"not_picked":["Barricade","Berserk"],"picked":"Limit Break","floor":33},{"not_picked":["Havoc","Iron Wave"],"picked":"Pommel Strike+1","floor":35}],"player_experience":1070112,"relics_obtained":[{"floor":7,"key":"Bag of Preparation"},{"floor":9,"key":"Meat on the Bone"},{"floor":10,"key":"Ornamental Fan"},{"floor":23,"key":"Centennial Puzzle"},{"floor":25,"key":"Bottled Flame"},{"floor":26,"key":"Self Forming Clay"},{"floor":27,"key":"Enchiridion"},{"floor":29,"key":"Red Mask"}],"event_choices":[{"cards_removed":["Clothesline"],"damage_healed":0,"gold_gain":0,"player_choice":"Took Card","damage_taken":0,"max_hp_gain":0,"max_hp_loss":0,"event_name":"NoteForYourself","floor":4,"gold_loss":0,"cards_obtained":["Hello World"]},{"damage_healed":0,"gold_gain":0,"player_choice":"Gave Potion","damage_taken":0,"relics_obtained":["Smiling Mask"],"max_hp_gain":0,"max_hp_loss":0,"event_name":"WeMeetAgain","floor":19,"gold_loss":0},{"damage_healed":0,"gold_gain":0,"player_choice":"Obtained Book","damage_taken":16,"max_hp_gain":0,"max_hp_loss":0,"event_name":"Cursed Tome","floor":27,"gold_loss":0},{"damage_healed":0,"gold_gain":0,"player_choice":"Fought Bandits","damage_taken":0,"max_hp_gain":0,"max_hp_loss":0,"event_name":"Masked Bandits","floor":29,"gold_loss":0},{"damage_healed":0,"gold_gain":0,"player_choice":"Forge","damage_taken":0,"max_hp_gain":0,"max_hp_loss":0,"event_name":"Accursed Blacksmith","floor":30,"gold_loss":0,"cards_upgraded":["Feed"]},{"damage_healed":0,"gold_gain":0,"player_choice":"Ignored","damage_taken":0,"max_hp_gain":0,"max_hp_loss":0,"event_name":"Tomb of Lord Red Mask","floor":36,"gold_loss":0},{"damage_healed":0,"gold_gain":0,"player_choice":"Fight","damage_taken":0,"max_hp_gain":0,"max_hp_loss":0,"event_name":"Mysterious Sphere","floor":37,"gold_loss":0}],"is_beta":false,"boss_relics":[{"not_picked":["Cursed Key","Tiny House"],"picked":"Sozu"},{"not_picked":["Velvet Choker","Runic Dome"],"picked":"Pandora\u0027s Box"}],"items_purged_floors":[20],"is_endless":false,"potions_floor_spawned":[3,5,12,13,22,23,25,33],"killed_by":"2 Orb Walkers","ascension_level":1}