{"path_per_floor":["M","?","?","?","$","R","M","R","T","M","M","R","M","E","R","B",null,"M","$","M","?","M","R","E","R","T","R","M","R","M","M","R","B",null,"M","M","M","$","M","R","$","?","T","M","R","M","M","M","R"],"character_chosen":"IRONCLAD","items_purchased":["Pen Nib","Rampage","Centennial Puzzle","Rupture","Omamori","Anchor"],"gold_per_floor":[209,209,384,384,90,90,108,108,156,168,188,188,200,235,235,339,339,352,36,55,55,67,67,98,98,124,124,143,143,161,177,177,276,276,287,304,320,18,36,36,36,36,36,51,51,63,80,90,90],"floor_reached":50,"campfire_rested":5,"playtime":4594,"current_hp_per_floor":[80,73,73,57,57,57,56,56,56,57,59,59,59,45,69,41,80,80,80,55,55,33,57,54,54,54,54,58,58,60,57,80,24,80,69,55,48,48,48,73,73,63,70,70,70,62,59,54,81],"items_purged":["Doubt"],"gold":90,"play_id":"58b3b1d2-8884-4e20-a9f1-66706cc7be67","is_prod":false,"is_daily":false,"is_ascension_mode":false,"campfire_upgraded":7,"path_taken":["M","?","?","?","$","R","M","R","T","?","M","R","?","E","R","BOSS","M","$","M","?","M","R","E","R","T","R","M","R","M","?","R","BOSS","M","?","?","$","M","R","?","?","T","?","R","M","M","M","R","BOSS"],"build_version":"2018-01-25-PROD3","purchased_purges":1,"victory":false,"master_deck":["Strike_R+1","Strike_R+1","Strike_R+1","Strike_R+1","Strike_R+1","Defend_R+1","Defend_R+1","Defend_R+1","Bash+1","Offering+1","Rampage+1","Combust","Heavy Blade+1","Armaments+1","Flex","Whirlwind+1","Double Tap+1","Rupture+1","Blood for Blood+1","Twin Strike+1","Feed+1","Battle Trance","Spot Weakness","Blood for Blood+1","Impervious","Pommel Strike+1","Heavy Blade+1","Madness","Madness","Seeing Red+1"],"max_hp_per_floor":[80,80,80,80,80,80,80,80,80,80,80,80,80,80,80,80,80,80,80,80,80,80,80,80,80,80,80,80,80,80,80,80,80,80,84,84,84,84,84,84,84,84,91,91,91,91,91,91,91],"relics":["Burning Blood","Pen Nib","Bag of Preparation","Meat on the Bone","Black Star","Centennial Puzzle","Happy Flower","War Paint","Whetstone","White Beast Statue","Omamori","Anchor","Strawberry"],"card_choices":[{"not_picked":["Warcry","Thunderclap"],"picked":"Offering"},{"not_picked":["Rage","Feel No Pain"],"picked":"Combust"},{"not_picked":["Power Through","Twin Strike"],"picked":"Heavy Blade"},{"not_picked":["Flex","Perfected Strike"],"picked":"Armaments"},{"not_picked":["Thunderclap","Sword Boomerang"],"picked":"Flex"},{"not_picked":["Juggernaut","True Grit"],"picked":"Whirlwind"},{"not_picked":["Berserk","Bludgeon"],"picked":"Double Tap"},{"not_picked":["Corruption","Perfected Strike"],"picked":"Blood for Blood"},{"not_picked":["Sword Boomerang","Flex"],"picked":"Twin Strike"},{"not_picked":["Second Wind","Headbutt"],"picked":"Feed"},{"not_picked":["Rupture","Hemokinesis"],"picked":"Battle Trance"},{"not_picked":["Body Slam","Perfected Strike"],"picked":"Spot Weakness"},{"not_picked":["Hemokinesis","Sword Boomerang"],"picked":"Blood for Blood"},{"not_picked":["Offering","Barricade"],"picked":"Impervious"},{"not_picked":["Rage","Clothesline"],"picked":"Pommel Strike"},{"not_picked":["Body Slam","Dual Wield"],"picked":"Heavy Blade"},{"not_picked":["Uppercut","Thunderclap"],"picked":"Seeing Red"}],"player_experience":37068,"potions_floor_usage":[35,36,39,39,39,47,48,50,50,50],"damage_taken":[{"damage":0.0,"enemies":"2 Louse","floor":1.0,"turns":3.0},{"damage":7.0,"enemies":"Jaw Worm","floor":7.0,"turns":2.0},{"damage":5.0,"enemies":"Small Slimes","floor":10.0,"turns":2.0},{"damage":4.0,"enemies":"Exordium Thugs","floor":11.0,"turns":3.0},{"damage":6.0,"enemies":"Red Slaver","floor":13.0,"turns":3.0},{"damage":20.0,"enemies":"Gremlin Nob","floor":14.0,"turns":3.0},{"damage":46.0,"enemies":"The Guardian","floor":16.0,"turns":8.0},{"damage":4.0,"enemies":"2 Thieves","floor":18.0,"turns":1.0},{"damage":31.0,"enemies":"Shell Parasite","floor":20.0,"turns":3.0},{"damage":40.0,"enemies":"Snake Plant","floor":22.0,"turns":3.0},{"damage":9.0,"enemies":"Gremlin Leader","floor":24.0,"turns":6.0},{"damage":14.0,"enemies":"3 Cultists","floor":28.0,"turns":4.0},{"damage":4.0,"enemies":"Snecko","floor":30.0,"turns":1.0},{"damage":24.0,"enemies":"Centurion and Healer","floor":31.0,"turns":2.0},{"damage":74.0,"enemies":"Collector","floor":33.0,"turns":7.0},{"damage":21,"enemies":"3 Shapes","floor":35,"turns":4},{"damage":20,"enemies":"3 Darklings","floor":36,"turns":3},{"damage":25,"enemies":"Maw","floor":37,"turns":6},{"damage":18,"enemies":"4 Shapes","floor":39,"turns":3},{"damage":6,"enemies":"Sphere and 2 Shapes","floor":44,"turns":3},{"damage":14,"enemies":"3 Darklings","floor":46,"turns":3},{"damage":21,"enemies":"4 Shapes","floor":47,"turns":1},{"damage":26,"enemies":"Maw","floor":48,"turns":6},{"damage":104,"enemies":"Awakened One","floor":50,"turns":7}],"event_choices":[{"event_name":"Golden Wing","player_choice":"Card Removal","floor":2.0,"damage_taken":0.0},{"event_name":"Liars Game","player_choice":"agreed","floor":3.0,"damage_taken":0.0},{"event_name":"Shining Light","player_choice":"Entered Light","floor":4.0,"damage_taken":0.0},{"event_name":"Back to Basics","player_choice":"Simplicity","floor":21.0,"damage_taken":0.0},{"event_name":"Winding Halls","player_choice":"Embrace Madness","floor":42,"damage_taken":0}],"boss_relics":[],"potions_floor_spawned":[7,10,14,16,24,30,31,33,35,36,37,39,44,46,47,48],"seed_played":"7857561656358322144","killed_by":"Awakened One","ascension_level":0,"is_trial":false}