{"gold_per_floor":[111,111,111,129,141,170,170,197,197,229,247,247,247,14,14,109,109,122,122,42,42,55,82,82,82],"floor_reached":25,"playtime":1486,"items_purged":["Strike_B","Defend_B"],"score":249,"play_id":"d59127c9-af65-439f-ba2b-72a01a0e1502","local_time":"20180923032321","is_ascension_mode":true,"campfire_choices":[{"data":"Loop","floor":7,"key":"SMITH"},{"data":"1","floor":15,"key":"LIFT"},{"data":"2","floor":24,"key":"LIFT"}],"neow_cost":"NONE","seed_source_timestamp":341371474544626,"circlet_count":0,"master_deck":["Strike_B+1","Defend_B","Defend_B","Zap","Dualcast","Lockon+1","Go for the Eyes","Leap","Consume","Loop+1","Self Repair","Electrodynamics","Beam Cell","Redo","Fission","Capacitor","Gash","Cold Snap"],"relics":["Cracked Core","The Courier","Girya","Thread and Needle","Shuriken","WingedGreaves","TheAbacus","Empty Cage","Ginger","Nloth\u0027s Gift","Gambling Chip"],"potions_floor_usage":[10,16],"damage_taken":[{"damage":1,"enemies":"2 Louse","floor":1,"turns":2},{"damage":0,"enemies":"Small Slimes","floor":4,"turns":3},{"damage":11,"enemies":"Jaw Worm","floor":5,"turns":2},{"damage":7,"enemies":"Lagavulin","floor":6,"turns":5},{"damage":21,"enemies":"3 Sentries","floor":8,"turns":7},{"damage":2,"enemies":"Gremlin Nob","floor":10,"turns":3},{"damage":0,"enemies":"Blue Slaver","floor":11,"turns":4},{"damage":30,"enemies":"The Guardian","floor":16,"turns":8},{"damage":23,"enemies":"Chosen","floor":18,"turns":5},{"damage":22,"enemies":"2 Thieves","floor":22,"turns":3},{"damage":41,"enemies":"Book of Stabbing","floor":23,"turns":6},{"damage":15,"enemies":"Snake Plant","floor":25,"turns":2}],"seed_played":"-3896452995056274622","potions_obtained":[{"floor":5,"key":"AttackPotion"},{"floor":10,"key":"Swift Potion"},{"floor":18,"key":"LiquidBronze"},{"floor":23,"key":"AttackPotion"}],"is_trial":false,"path_per_floor":["M","?","?","M","M","E","R","E","T","E","M","?","T","$","R","B",null,"M","?","$","?","M","E","R"],"character_chosen":"DEFECT","items_purchased":["TheAbacus","Redo"],"campfire_rested":0,"item_purchase_floors":[14,14],"current_hp_per_floor":[74,59,64,64,53,46,46,25,25,30,37,34,34,34,34,11,80,64,64,64,64,49,15,15,0],"gold":82,"neow_bonus":"TRANSFORM_CARD","is_prod":false,"is_daily":false,"chose_seed":false,"campfire_upgraded":1,"win_rate":0,"timestamp":1537698201,"path_taken":["M","?","?","M","M","E","R","E","T","E","M","?","?","$","R","BOSS","M","?","?","?","M","E","R","M"],"build_version":"2018-09-20","purchased_purges":2,"victory":false,"max_hp_per_floor":[75,75,80,80,80,80,80,80,80,80,80,80,80,80,80,80,80,80,80,80,80,80,80,80,80],"card_choices":[{"not_picked":["Hologram","Force Field"],"picked":"Go for the Eyes","floor":1},{"not_picked":["Stack","Streamline"],"picked":"Leap","floor":4},{"not_picked":["Go for the Eyes","Aggregate"],"picked":"Consume","floor":5},{"not_picked":["Blizzard","Beam Cell"],"picked":"Loop","floor":6},{"not_picked":["Amplify","Ball Lightning"],"picked":"Self Repair","floor":8},{"not_picked":["Sweeping Beam","Go for the Eyes"],"picked":"Electrodynamics","floor":10},{"not_picked":["Sweeping Beam","Reprogram"],"picked":"Beam Cell","floor":11},{"not_picked":["Biased Cognition","Multi-Cast"],"picked":"Fission","floor":16},{"not_picked":["Leap","Gash+1"],"picked":"Capacitor","floor":18},{"not_picked":["Beam Cell","Stack"],"picked":"Gash","floor":22},{"not_picked":["All For One","Turbo"],"picked":"Cold Snap","floor":23}],"player_experience":154673,"relics_obtained":[{"floor":6,"key":"The Courier"},{"floor":8,"key":"Girya"},{"floor":9,"key":"Thread and Needle"},{"floor":10,"key":"Shuriken"},{"floor":13,"key":"WingedGreaves"},{"floor":23,"key":"Gambling Chip"}],"event_choices":[{"event_name":"Shining Light","player_choice":"Entered Light","floor":2,"damage_taken":0},{"event_name":"Big Fish","player_choice":"Donut","floor":3,"damage_taken":0},{"event_name":"Scrap Ooze","player_choice":"success","floor":12,"damage_taken":3},{"event_name":"WeMeetAgain","player_choice":"Potion","floor":19,"damage_taken":0},{"event_name":"N\u0027loth","player_choice":"Traded a Darkstone Periapt","floor":21,"damage_taken":0}],"is_beta":false,"boss_relics":[{"not_picked":["Ectoplasm","Lizard Tail"],"picked":"Empty Cage"}],"items_purged_floors":[14,20],"is_endless":false,"potions_floor_spawned":[5,10,18,23],"killed_by":"Snake Plant","ascension_level":1}