{"gold_per_floor":[361,321,128,145,157,191,191,216,216,248,263,276,276],"floor_reached":13,"playtime":942,"items_purged":[],"score":116,"play_id":"248b813e-f31e-4115-9e21-415653e2ca9c","local_time":"20190226100858","is_ascension_mode":true,"campfire_choices":[{"floor":7,"key":"REST"}],"neow_cost":"PERCENT_DAMAGE","seed_source_timestamp":37778350472987,"circlet_count":0,"master_deck":["Strike_B","Strike_B","Strike_B","Strike_B","Defend_B","Defend_B","Defend_B","Defend_B","Zap","Dualcast","Ball Lightning","Defragment","Coolheaded","FTL","Doom and Gloom","Gash","Echo Form","Cold Snap","Conserve Battery","Gash"],"relics":["Cracked Core","Bag of Preparation","Ornamental Fan","Darkstone Periapt"],"potions_floor_usage":[5,6,10,10,12,13],"damage_taken":[{"damage":11,"enemies":"Jaw Worm","floor":1,"turns":4},{"damage":1,"enemies":"Cultist","floor":4,"turns":3},{"damage":13,"enemies":"2 Louse","floor":5,"turns":2},{"damage":18,"enemies":"3 Sentries","floor":6,"turns":5},{"damage":2,"enemies":"Lagavulin","floor":8,"turns":7},{"damage":13,"enemies":"3 Sentries","floor":10,"turns":6},{"damage":4,"enemies":"Looter","floor":11,"turns":3},{"damage":0,"enemies":"3 Louse","floor":12,"turns":1},{"damage":16,"enemies":"Gremlin Nob","floor":13,"turns":3}],"seed_played":"-2620993528498399638","potions_obtained":[{"floor":2,"key":"LiquidBronze"},{"floor":2,"key":"Block Potion"},{"floor":2,"key":"SneckoOil"},{"floor":6,"key":"SteroidPotion"},{"floor":8,"key":"SkillPotion"},{"floor":12,"key":"Swift Potion"}],"is_trial":false,"path_per_floor":["M","?","$","M","M","E","R","E","T","E","M","M","E"],"character_chosen":"DEFECT","items_purchased":["Defragment","Coolheaded","FTL"],"campfire_rested":1,"item_purchase_floors":[3,3,3],"current_hp_per_floor":[43,43,43,42,29,11,33,31,31,18,14,14,0],"gold":276,"neow_bonus":"TWO_FIFTY_GOLD","is_prod":false,"is_daily":false,"chose_seed":false,"campfire_upgraded":0,"win_rate":0,"timestamp":1551186538,"path_taken":["M","?","?","M","M","E","R","E","T","E","M","?","E"],"build_version":"2019-01-23","purchased_purges":0,"victory":false,"max_hp_per_floor":[75,75,75,75,75,75,75,75,75,75,75,75,75],"card_choices":[{"not_picked":["Compile Driver","Go for the Eyes"],"picked":"Ball Lightning","floor":1},{"not_picked":["Compile Driver","Steam Power"],"picked":"Doom and Gloom","floor":4},{"not_picked":["Conserve Battery","Redo"],"picked":"Gash","floor":5},{"not_picked":["Tempest","Beam Cell"],"picked":"Echo Form","floor":6},{"not_picked":["Stack","Steam"],"picked":"Cold Snap","floor":8},{"not_picked":["Double Energy","Ball Lightning"],"picked":"Conserve Battery","floor":10},{"not_picked":["Redo","Rebound"],"picked":"Gash","floor":11},{"not_picked":["Compile Driver","Steam","Stack"],"picked":"SKIP","floor":12}],"player_experience":127553,"relics_obtained":[{"floor":6,"key":"Bag of Preparation"},{"floor":8,"key":"Ornamental Fan"},{"floor":10,"key":"Darkstone Periapt"}],"event_choices":[{"damage_healed":0,"gold_gain":0,"player_choice":"Bought 3 Potions","damage_taken":0,"max_hp_gain":0,"max_hp_loss":0,"event_name":"The Woman in Blue","floor":2,"gold_loss":0}],"is_beta":false,"boss_relics":[],"items_purged_floors":[],"is_endless":false,"potions_floor_spawned":[6,8,12],"killed_by":"Gremlin Nob","ascension_level":2}