{"gold_per_floor":[113,113,93,107,122,152,152,183,210,230,230,250,325,337,337,411,411,424,441,203,223,223,223,223],"floor_reached":24,"playtime":653,"items_purged":[],"score":416,"play_id":"8c3642b7-5c7a-4e69-a518-b2c61e3791e6","local_time":"20181106221540","is_ascension_mode":true,"campfire_choices":[{"data":"Demon Form","floor":7.0,"key":"SMITH"},{"floor":11,"key":"REST"},{"floor":15,"key":"REST"},{"floor":23,"key":"REST"}],"neow_cost":"NONE","seed_source_timestamp":442471650774498,"circlet_count":0,"master_deck":["AscendersBane","Strike_R","Strike_R","Strike_R","Strike_R","Strike_R","Defend_R","Defend_R","Defend_R","Defend_R","Bash","Perfected Strike+1","Perfected Strike+1","Demon Form+1","Offering","Pommel Strike+1","Ghostly Armor","Perfected Strike+1"],"special_seed":0,"relics":["Burning Blood","Molten Egg 2","Paper Frog","Bronze Scales","Mark of Pain","Orichalcum","Nloth\u0027s Gift"],"potions_floor_usage":[14,16,21,24],"damage_taken":[{"damage":7.0,"enemies":"Cultist","floor":1.0,"turns":4.0},{"damage":14.0,"enemies":"Jaw Worm","floor":4.0,"turns":3.0},{"damage":0.0,"enemies":"2 Louse","floor":5.0,"turns":3.0},{"damage":8.0,"enemies":"Gremlin Nob","floor":6.0,"turns":3.0},{"damage":35,"enemies":"3 Sentries","floor":8,"turns":9},{"damage":6,"enemies":"2 Fungi Beasts","floor":10,"turns":3},{"damage":19,"enemies":"Exordium Thugs","floor":12,"turns":4},{"damage":1,"enemies":"Looter","floor":14,"turns":2},{"damage":41,"enemies":"Slime Boss","floor":16,"turns":6},{"damage":6,"enemies":"Chosen","floor":18,"turns":2},{"damage":40,"enemies":"2 Thieves","floor":19,"turns":4},{"damage":10,"enemies":"Centurion and Healer","floor":21,"turns":3},{"damage":63,"enemies":"Gremlin Leader","floor":24,"turns":5}],"seed_played":"3584449506211828892","potions_obtained":[{"floor":3.0,"key":"GamblersBrew"},{"floor":5.0,"key":"SpeedPotion"},{"floor":10,"key":"SpeedPotion"},{"floor":14,"key":"Weak Potion"},{"floor":21,"key":"Strength Potion"}],"is_trial":false,"path_per_floor":["M","T","?","M","M","E","R","E","T","M","R","M","?","M","R","B",null,"M","M","$","M","?","R","E"],"character_chosen":"IRONCLAD","items_purchased":["Ghostly Armor","Orichalcum"],"campfire_rested":3,"item_purchase_floors":[20,20],"current_hp_per_floor":[74,74,74,66,72,70,70,41,41,41,65,52,41,46,70,35,70,70,36,36,32,32,56,0],"gold":223,"neow_bonus":"TEN_PERCENT_HP_BONUS","is_prod":false,"is_daily":false,"chose_seed":false,"campfire_upgraded":1,"win_rate":0,"timestamp":1541571340,"path_taken":["M","?","?","M","M","E","R","E","T","?","R","M","?","M","R","BOSS","M","M","$","M","?","R","E"],"build_version":"2018-11-05","purchased_purges":0,"victory":false,"max_hp_per_floor":[82,82,82,82,82,82,82,82,82,82,82,82,82,82,82,82,82,82,82,82,82,82,82,82],"card_choices":[{"not_picked":["Heavy Blade","Twin Strike","Thunderclap"],"picked":"SKIP","floor":1.0},{"not_picked":["Reckless Charge+1","True Grit"],"picked":"Perfected Strike+1","floor":4.0},{"not_picked":["Spot Weakness","Searing Blow+1"],"picked":"Perfected Strike+1","floor":5.0},{"not_picked":["Warcry","Thunderclap+1"],"picked":"Demon Form","floor":6.0},{"not_picked":["Clothesline+1","Body Slam+1","Reckless Charge+1"],"picked":"SKIP","floor":8},{"not_picked":["Infernal Blade","Headbutt+1","Blood for Blood+1"],"picked":"SKIP","floor":10},{"not_picked":["Fire Breathing","Sword Boomerang+1","Anger+1"],"picked":"SKIP","floor":12},{"not_picked":["Iron Wave+1","Heavy Blade+1","Fire Breathing"],"picked":"SKIP","floor":14},{"not_picked":["Brutality","Barricade"],"picked":"Offering","floor":16},{"not_picked":["Fire Breathing","Twin Strike+1"],"picked":"Pommel Strike+1","floor":18},{"not_picked":["Anger+1","Wild Strike+1","Havoc"],"picked":"SKIP","floor":19},{"not_picked":["Heavy Blade+1","Warcry"],"picked":"Perfected Strike+1","floor":21}],"player_experience":620291,"relics_obtained":[{"floor":2.0,"key":"Molten Egg 2"},{"floor":6.0,"key":"Paper Frog"},{"floor":8,"key":"Art of War"},{"floor":9,"key":"Bronze Scales"}],"event_choices":[{"damage_healed":0.0,"max_hp_gain":0.0,"max_hp_loss":0.0,"gold_gain":0.0,"event_name":"The Woman in Blue","player_choice":"Bought 1 Potion","floor":3.0,"gold_loss":0.0,"damage_taken":0.0},{"damage_healed":0,"gold_gain":75,"player_choice":"Gather Gold","damage_taken":11,"max_hp_gain":0,"max_hp_loss":0,"event_name":"World of Goop","floor":13,"gold_loss":0},{"damage_healed":0,"gold_gain":0,"player_choice":"Traded Relic","damage_taken":0,"relics_obtained":["Nloth\u0027s Gift"],"max_hp_gain":0,"max_hp_loss":0,"event_name":"N\u0027loth","floor":22,"relics_lost":["Art of War"],"gold_loss":0}],"is_beta":true,"boss_relics":[{"not_picked":["Runic Dome","Pandora\u0027s Box"],"picked":"Mark of Pain"}],"items_purged_floors":[],"is_endless":false,"potions_floor_spawned":[5,10,12,14,21],"killed_by":"Gremlin Leader","ascension_level":20}