{"gold_per_floor":[113,113,113,129,204,204,235,235,305,318,343,343,376,397,397,495,495,514,527,527,16,16,51,51,77,77,90,90,125,125,144,144,242,242,257,257,302,312,142,142,94,119,119,153,163,163,0,14,14,14],"floor_reached":50,"playtime":3176,"items_purged":["Defend_R","Decay"],"score":679,"play_id":"3bbf22e3-57f0-47f9-a352-4b545eaeeffb","local_time":"20180929212126","is_ascension_mode":true,"campfire_choices":[{"data":"Bash","floor":6,"key":"SMITH"},{"data":"Perfected Strike","floor":8,"key":"SMITH"},{"data":"Pommel Strike","floor":12,"key":"SMITH"},{"floor":15,"key":"REST"},{"floor":28,"key":"REST"},{"data":"Brutality","floor":30,"key":"SMITH"},{"data":"Brutality","floor":32,"key":"SMITH"},{"data":"Demon Form","floor":40,"key":"SMITH"},{"data":"Limit Break","floor":46,"key":"SMITH"},{"data":"Limit Break","floor":49,"key":"SMITH"}],"neow_cost":"","seed_source_timestamp":535782776714568,"circlet_count":0,"master_deck":["Strike_R","Strike_R+1","Strike_R","Strike_R","Strike_R+1","Bash+1","Bloodletting","Perfected Strike+1","Sword Boomerang","Wild Strike","Pommel Strike+1","Sword Boomerang","Rampage","Brutality+1","Rupture+1","Demon Form+1","Rampage+1","Wild Strike+1","True Grit+1","Seeing Red","Perfected Strike","Rupture","Brutality+1","Immolate","Spot Weakness","Limit Break+1","Shrug It Off","Wild Strike+1","Demon Form+1","Seeing Red","Flex","Berserk","Limit Break+1","Fire Breathing+1","Spot Weakness+1"],"relics":["Black Blood","FaceOfCleric","Incense Burner","Mummified Hand","Ice Cream","Whetstone","Astrolabe","MutagenicStrength","Bag of Preparation","Toy Ornithopter","Lantern","PreservedInsect","Nloth\u0027s Gift","FossilizedHelix","Matryoshka","Red Skull","Magic Flower","Potion Belt","Meat on the Bone","Peace Pipe","Frozen Egg 2","Red Mask"],"potions_floor_usage":[3,7,16,16,16,25,25,33,33,50,50,50,50],"damage_taken":[{"damage":9,"enemies":"2 Louse","floor":1,"turns":3},{"damage":12,"enemies":"Cultist","floor":4,"turns":5},{"damage":46,"enemies":"Lagavulin","floor":7,"turns":8},{"damage":0,"enemies":"Small Slimes","floor":10,"turns":3},{"damage":6,"enemies":"Gremlin Nob","floor":11,"turns":3},{"damage":12,"enemies":"3 Sentries","floor":13,"turns":7},{"damage":13,"enemies":"The Mushroom Lair","floor":14,"turns":3},{"damage":25,"enemies":"Slime Boss","floor":16,"turns":8},{"damage":28,"enemies":"Chosen","floor":18,"turns":4},{"damage":21,"enemies":"3 Byrds","floor":19,"turns":5},{"damage":23,"enemies":"Gremlin Leader","floor":23,"turns":4},{"damage":23,"enemies":"Slavers","floor":25,"turns":4},{"damage":22,"enemies":"Centurion and Healer","floor":27,"turns":3},{"damage":13,"enemies":"Book of Stabbing","floor":29,"turns":2},{"damage":0,"enemies":"Snecko","floor":31,"turns":1},{"damage":64,"enemies":"Collector","floor":33,"turns":4},{"damage":9,"enemies":"3 Shapes","floor":35,"turns":3},{"damage":5,"enemies":"Mysterious Sphere","floor":37,"turns":2},{"damage":2,"enemies":"Orb Walker","floor":38,"turns":2},{"damage":17,"enemies":"2 Orb Walkers","floor":42,"turns":2},{"damage":58,"enemies":"Nemesis","floor":44,"turns":3},{"damage":6,"enemies":"Transient","floor":45,"turns":5},{"damage":18,"enemies":"4 Shapes","floor":48,"turns":3},{"damage":123,"enemies":"Awakened One","floor":50,"turns":6}],"seed_played":"3716606425929665616","potions_obtained":[{"floor":1,"key":"Strength Potion"},{"floor":3,"key":"Weak Potion"},{"floor":3,"key":"Fruit Juice"},{"floor":3,"key":"EntropicBrew"},{"floor":7,"key":"Poison Potion"},{"floor":14,"key":"AttackPotion"},{"floor":29,"key":"Explosive Potion"},{"floor":31,"key":"SteroidPotion"},{"floor":33,"key":"FearPotion"},{"floor":37,"key":"SpeedPotion"},{"floor":44,"key":"SpeedPotion"}],"is_trial":false,"path_per_floor":["M","?","?","M","?","R","E","R","T","M","E","R","E","?","R","B",null,"M","M","?","$","T","E","?","E","T","M","R","E","R","M","R","B",null,"M","?","?","M","$","R","$","E","T","E","M","R","?","M","R"],"character_chosen":"IRONCLAD","items_purchased":["Bag of Preparation","Toy Ornithopter","Seeing Red","Seeing Red","Flex"],"campfire_rested":2,"item_purchase_floors":[21,21,21,39,41],"current_hp_per_floor":[77,77,82,77,66,66,27,27,27,34,35,35,30,24,51,33,92,71,57,57,57,57,41,41,35,35,20,49,43,43,50,50,12,100,101,101,102,103,103,103,103,103,103,80,91,91,91,90,90,0],"gold":14,"neow_bonus":"","is_prod":false,"is_daily":false,"chose_seed":false,"campfire_upgraded":8,"win_rate":0,"timestamp":1538281286,"path_taken":["M","?","?","M","?","R","E","R","T","M","E","R","E","?","R","BOSS","M","M","?","$","?","E","?","E","T","M","R","E","R","M","R","BOSS","M","?","?","M","$","R","$","E","T","E","M","R","?","M","R","BOSS"],"build_version":"2018-09-27","purchased_purges":2,"victory":false,"max_hp_per_floor":[80,80,85,86,86,86,87,87,87,88,89,89,90,91,91,92,92,93,94,94,94,94,95,95,96,96,97,97,98,98,99,99,100,100,101,101,102,103,103,103,103,104,104,105,106,106,106,107,107,107],"card_choices":[{"not_picked":["Uppercut","Sentinel"],"picked":"Bloodletting","floor":1},{"not_picked":["Iron Wave","Heavy Blade"],"picked":"Perfected Strike","floor":4},{"not_picked":["Power Through","Reckless Charge"],"picked":"Sword Boomerang","floor":7},{"not_picked":["Armaments","Iron Wave"],"picked":"Wild Strike","floor":10},{"not_picked":["Dropkick","Havoc"],"picked":"Pommel Strike","floor":11},{"not_picked":["Ghostly Armor","Sentinel"],"picked":"Sword Boomerang","floor":13},{"not_picked":["Havoc","Thunderclap"],"picked":"Rampage","floor":14},{"not_picked":["Double Tap","Fiend Fire"],"picked":"Brutality","floor":16},{"not_picked":["True Grit","Flex"],"picked":"Wild Strike+1","floor":18},{"not_picked":["Shrug It Off","Entrench"],"picked":"True Grit+1","floor":19},{"not_picked":["Impervious","Headbutt"],"picked":"Perfected Strike","floor":23},{"not_picked":["Feed","Iron Wave"],"picked":"Rupture","floor":25},{"not_picked":["Ghostly Armor+1","Corruption+1"],"picked":"Brutality","floor":27},{"not_picked":["Ghostly Armor","Warcry"],"picked":"Immolate","floor":29},{"not_picked":["Battle Trance","Bludgeon"],"picked":"Spot Weakness","floor":31},{"not_picked":["Feed","Immolate"],"picked":"Limit Break","floor":33},{"not_picked":["Iron Wave","Havoc+1"],"picked":"Shrug It Off","floor":35},{"not_picked":["Pommel Strike","Perfected Strike"],"picked":"Wild Strike+1","floor":37},{"not_picked":["Armaments+1","Seeing Red"],"picked":"Demon Form","floor":38},{"not_picked":["Pummel","Feed"],"picked":"Berserk","floor":42},{"not_picked":["Cleave+1","Juggernaut"],"picked":"Limit Break","floor":44},{"not_picked":["Clothesline+1","Shrug It Off+1"],"picked":"Fire Breathing+1","floor":45},{"not_picked":["Disarm+1","True Grit"],"picked":"Spot Weakness+1","floor":48}],"player_experience":195069,"relics_obtained":[{"floor":7,"key":"Incense Burner"},{"floor":9,"key":"Mummified Hand"},{"floor":11,"key":"Ice Cream"},{"floor":13,"key":"Whetstone"},{"floor":14,"key":"Odd Mushroom"},{"floor":22,"key":"Lantern"},{"floor":23,"key":"PreservedInsect"},{"floor":25,"key":"FossilizedHelix"},{"floor":26,"key":"Matryoshka"},{"floor":29,"key":"Red Skull"},{"floor":37,"key":"Magic Flower"},{"floor":42,"key":"Potion Belt"},{"floor":43,"key":"Meat on the Bone"},{"floor":43,"key":"Peace Pipe"},{"floor":44,"key":"Frozen Egg 2"}],"event_choices":[{"event_name":"FaceTrader","player_choice":"Trade","floor":2,"damage_taken":0},{"event_name":"The Lab","player_choice":"Got Potions","floor":3,"damage_taken":0},{"event_name":"World of Goop","player_choice":"Gather Gold","floor":5,"damage_taken":0},{"event_name":"Mushrooms","player_choice":"Fought Mushrooms","floor":14,"damage_taken":0},{"event_name":"Drug Dealer","player_choice":"Inject Mutagens","floor":20,"damage_taken":0},{"event_name":"N\u0027loth","player_choice":"Traded a Odd Mushroom","floor":24,"damage_taken":0},{"event_name":"Wheel of Change","player_choice":"Curse","floor":36,"damage_taken":0},{"event_name":"Mysterious Sphere","player_choice":"Fight","floor":37,"damage_taken":0},{"event_name":"Tomb of Lord Red Mask","player_choice":"Paid","floor":47,"damage_taken":0}],"is_beta":false,"boss_relics":[{"not_picked":["White Beast Statue","Runic Pyramid"],"picked":"Astrolabe"},{"not_picked":["Sozu","Fusion Hammer"],"picked":"Black Blood"}],"items_purged_floors":[21,39],"is_endless":false,"potions_floor_spawned":[1,7,14,16,23,29,31,33,37,38,44],"killed_by":"Awakened One","ascension_level":2}