{"gold_per_floor":[411,135,154,154,173,173,206,206,206,217,227,54,68,81,81,178,178,196,196,118,81,98,118,118,16,16,16,43,55,67,27,27,27],"floor_reached":33,"playtime":1299,"items_purged":["Defend_R"],"score":319,"play_id":"36353a71-e1ba-4bff-a065-4edc54a7f11d","local_time":"20180913162800","is_ascension_mode":false,"campfire_choices":[{"data":"Perfected Strike","floor":6,"key":"SMITH"},{"data":"Perfected Strike","floor":8,"key":"SMITH"},{"floor":15,"key":"REST"},{"data":"Double Tap","floor":24,"key":"SMITH"},{"data":"Pommel Strike","floor":27,"key":"SMITH"},{"data":"Twin Strike","floor":32,"key":"SMITH"}],"neow_cost":"PERCENT_DAMAGE","seed_source_timestamp":42941078131371,"circlet_count":0,"master_deck":["Strike_R","Strike_R+1","Strike_R","Strike_R+1","Strike_R","Defend_R","Defend_R","Bash","Pommel Strike","Perfected Strike+1","Perfected Strike+1","Pommel Strike+1","Flex","Perfected Strike+1","Double Tap+1","Twin Strike+1","Twin Strike","Pommel Strike","Impervious"],"relics":["Burning Blood","Old Coin","Membership Card","Meat on the Bone","Whetstone","HandDrill","Potion Belt","White Beast Statue","Anchor","Lee\u0027s Waffle","Ancient Tea Set","Pear"],"potions_floor_usage":[14,16,16,16,33,33,33],"damage_taken":[{"damage":11,"enemies":"Jaw Worm","floor":1,"turns":4},{"damage":6,"enemies":"Cultist","floor":3,"turns":3},{"damage":0,"enemies":"Small Slimes","floor":5,"turns":3},{"damage":21,"enemies":"Lagavulin","floor":7,"turns":5},{"damage":7,"enemies":"Blue Slaver","floor":10,"turns":2},{"damage":12,"enemies":"Gremlin Gang","floor":11,"turns":3},{"damage":17,"enemies":"Exordium Wildlife","floor":13,"turns":2},{"damage":24,"enemies":"Exordium Thugs","floor":14,"turns":5},{"damage":45,"enemies":"Hexaghost","floor":16,"turns":7},{"damage":24,"enemies":"Shell Parasite","floor":18,"turns":5},{"damage":10,"enemies":"3 Byrds","floor":22,"turns":4},{"damage":10,"enemies":"Centurion and Healer","floor":23,"turns":4},{"damage":0,"enemies":"Gremlin Leader","floor":28,"turns":2},{"damage":0,"enemies":"Shelled Parasite and Fungi","floor":29,"turns":2},{"damage":0,"enemies":"Snake Plant","floor":30,"turns":1},{"damage":107,"enemies":"Champ","floor":33,"turns":7}],"seed_played":"1856476997337275051","potions_obtained":[{"floor":3,"key":"Block Potion"},{"floor":7,"key":"GamblersBrew"},{"floor":10,"key":"SteroidPotion"},{"floor":13,"key":"Regen Potion"},{"floor":16,"key":"SpeedPotion"},{"floor":18,"key":"SneckoOil"},{"floor":22,"key":"Ancient Potion"},{"floor":23,"key":"SteroidPotion"},{"floor":28,"key":"Weak Potion"},{"floor":29,"key":"BloodPotion"},{"floor":30,"key":"Explosive Potion"}],"is_trial":false,"path_per_floor":["M","$","M","?","M","R","E","R","T","M","M","$","M","M","R","B",null,"M","?","$","$","M","M","R","$","T","R","E","M","M","$","R"],"character_chosen":"IRONCLAD","items_purchased":["Perfected Strike","Membership Card","HandDrill","Potion Belt","Anchor","Double Tap","Lee\u0027s Waffle","Impervious"],"campfire_rested":1,"item_purchase_floors":[2,2,12,12,20,21,25,31],"current_hp_per_floor":[51,51,51,51,57,57,42,42,42,53,47,47,48,42,66,48,80,62,62,62,62,58,54,54,87,87,87,97,97,97,97,97,0],"gold":27,"neow_bonus":"ONE_RARE_RELIC","is_prod":false,"is_daily":false,"chose_seed":false,"campfire_upgraded":5,"win_rate":0,"timestamp":1536870480,"path_taken":["M","$","M","?","M","R","E","R","T","M","M","$","M","M","R","BOSS","M","?","?","$","M","M","R","$","T","R","E","?","M","$","R","BOSS"],"build_version":"2018-09-06","purchased_purges":1,"victory":false,"max_hp_per_floor":[80,80,80,80,80,80,80,80,80,80,80,80,80,80,80,80,80,80,80,80,80,80,80,80,87,87,87,97,97,97,97,97,97],"card_choices":[{"not_picked":["Shrug It Off","Disarm"],"picked":"Pommel Strike","floor":1},{"not_picked":["Warcry","Armaments","Dual Wield"],"picked":"SKIP","floor":3},{"not_picked":["Anger","Inflame","Spot Weakness"],"picked":"SKIP","floor":5},{"not_picked":["Rupture","Pommel Strike"],"picked":"Perfected Strike","floor":7},{"not_picked":["Sever Soul","Offering","Dual Wield"],"picked":"SKIP","floor":10},{"not_picked":["Headbutt","Corruption","Feel No Pain"],"picked":"SKIP","floor":11},{"not_picked":["Heavy Blade","Shrug It Off"],"picked":"Pommel Strike","floor":13},{"not_picked":["Spot Weakness","Havoc"],"picked":"Flex","floor":14},{"not_picked":["Headbutt","Power Through","Anger"],"picked":"SKIP","floor":18},{"not_picked":["Ghostly Armor","True Grit","Fire Breathing"],"picked":"SKIP","floor":22},{"not_picked":["Cleave","Reckless Charge+1","Combust"],"picked":"SKIP","floor":23},{"not_picked":["Ghostly Armor+1","Iron Wave"],"picked":"Twin Strike","floor":28},{"not_picked":["Headbutt","Clothesline"],"picked":"Twin Strike","floor":29},{"not_picked":["True Grit","Infernal Blade"],"picked":"Pommel Strike","floor":30}],"player_experience":130843,"relics_obtained":[{"floor":7,"key":"Meat on the Bone"},{"floor":9,"key":"Whetstone"},{"floor":26,"key":"Ancient Tea Set"},{"floor":28,"key":"Pear"}],"event_choices":[{"event_name":"Purifier","player_choice":"One Purge","floor":4,"damage_taken":0},{"event_name":"Duplicator","player_choice":"One dupe","floor":19,"damage_taken":0}],"is_beta":false,"boss_relics":[{"not_picked":["Velvet Choker","Runic Pyramid"],"picked":"White Beast Statue"}],"items_purged_floors":[2],"is_endless":false,"potions_floor_spawned":[3,7,10,13,16,18,22,23,28,29,30],"killed_by":"Champ","ascension_level":0}