{"path_per_floor":["M","?","?","M","M","R","$","E","T","M","E","R","?","?","R","B",null,"M","M","?","M","?","R","M","E","T","R","M","R","M","M","R"],"character_chosen":"IRONCLAD","items_purchased":["Offering"],"gold_per_floor":[110,110,185,196,209,209,70,96,96,113,141,141,141,161,161,263,263,278,288,203,215,215,215,225,258,258,258,275,275,295,314,314,314],"floor_reached":33,"campfire_rested":2,"playtime":2302,"current_hp_per_floor":[80,64,53,61,65,65,65,56,56,58,54,54,54,39,39,22,80,41,35,35,34,80,80,73,42,44,44,20,44,28,21,46,0],"items_purged":[],"gold":314,"score":319,"play_id":"a42cc037-71c2-40a5-b754-73d3b432da8d","local_time":"20180410221650","is_prod":false,"is_daily":false,"is_ascension_mode":true,"campfire_upgraded":4,"timestamp":1523391410,"path_taken":["M","?","?","M","M","R","$","E","T","M","E","R","?","?","R","BOSS","M","M","?","M","?","R","M","E","T","R","?","R","M","M","R","BOSS"],"build_version":"2018-04-05v2","purchased_purges":0,"victory":false,"master_deck":["Strike_R","Strike_R","Strike_R","Strike_R","Strike_R","Defend_R+1","Defend_R","Defend_R+1","Defend_R+1","Bash+1","Twin Strike","Clothesline","Heavy Blade+1","Offering","Feel No Pain","Uppercut+1","Ghostly Armor","Exhume","Warcry","Cleave+1","Ghostly Armor","Battle Trance","Pommel Strike","Parasite","Spot Weakness+1","Pummel"],"max_hp_per_floor":[80,80,80,80,80,80,80,80,80,80,80,80,80,80,80,80,80,80,80,80,80,80,80,80,80,82,82,82,82,84,84,84,84],"relics":["Burning Blood","Blood Vial","Shuriken","Shovel","Bottled Flame","Odd Mushroom","Cursed Key","Prayer Wheel","The Courier","Frozen Egg 2","Singing Bowl"],"card_choices":[{"not_picked":["Rage","Pommel Strike"],"picked":"Twin Strike","floor":1},{"not_picked":["Wild Strike","Anger"],"picked":"Clothesline","floor":4},{"not_picked":["Headbutt","Clash"],"picked":"Heavy Blade","floor":5},{"not_picked":["Rage","Pommel Strike"],"picked":"Feel No Pain","floor":8},{"not_picked":["Clash","Wild Strike"],"picked":"Uppercut","floor":10},{"not_picked":["Cleave","Anger"],"picked":"Ghostly Armor","floor":11},{"not_picked":["Juggernaut","Feed"],"picked":"Exhume","floor":16},{"not_picked":["Clothesline","Flex"],"picked":"Warcry","floor":18},{"not_picked":["Iron Wave","Power Through"],"picked":"Cleave","floor":19},{"not_picked":["Searing Blow","Reckless Charge"],"picked":"Ghostly Armor","floor":21},{"not_picked":["Heavy Blade","Havoc"],"picked":"Battle Trance","floor":24},{"not_picked":["Cleave","Double Tap"],"picked":"Pommel Strike","floor":25},{"not_picked":["Warcry","Iron Wave"],"picked":"Spot Weakness","floor":28},{"not_picked":["Bloodletting","Shockwave"],"picked":"Pummel","floor":31}],"player_experience":181018,"potions_floor_usage":[11,16,16,25,33,33],"damage_taken":[{"damage":5,"enemies":"Small Slimes","floor":1,"turns":4},{"damage":0,"enemies":"Cultist","floor":4,"turns":3},{"damage":4,"enemies":"Jaw Worm","floor":5,"turns":3},{"damage":17,"enemies":"3 Sentries","floor":8,"turns":9},{"damage":6,"enemies":"3 Louse","floor":10,"turns":3},{"damage":12,"enemies":"Gremlin Nob","floor":11,"turns":4},{"damage":23,"enemies":"The Mushroom Lair","floor":14,"turns":4},{"damage":25,"enemies":"The Guardian","floor":16,"turns":15},{"damage":45,"enemies":"3 Byrds","floor":18,"turns":7},{"damage":14,"enemies":"Spheric Guardian","floor":19,"turns":4},{"damage":9,"enemies":"Cultist and Chosen","floor":21,"turns":5},{"damage":13,"enemies":"Snecko","floor":24,"turns":4},{"damage":39,"enemies":"Slavers","floor":25,"turns":6},{"damage":32,"enemies":"Chosen and Byrds","floor":28,"turns":8},{"damage":26,"enemies":"Snake Plant","floor":30,"turns":5},{"damage":15,"enemies":"3 Cultists","floor":31,"turns":6},{"damage":54,"enemies":"Collector","floor":33,"turns":7}],"event_choices":[{"event_name":"Shining Light","player_choice":"Entered Light","floor":2,"damage_taken":0},{"event_name":"World of Goop","player_choice":"Gather Gold","floor":3,"damage_taken":0},{"event_name":"Liars Game","player_choice":"disagreed","floor":13,"damage_taken":0},{"event_name":"Mushrooms","player_choice":"Fought Mushrooms","floor":14,"damage_taken":0},{"event_name":"Addict","player_choice":"Obtained Relic","floor":20,"damage_taken":0},{"event_name":"Wheel of Change","player_choice":"Full Heal","floor":22,"damage_taken":0}],"boss_relics":[{"not_picked":["Orrery","Pandora\u0027s Box"],"picked":"Cursed Key"}],"potions_floor_spawned":[1,8,11,18,21,28,31],"seed_played":"6502248446184058624","killed_by":"Collector","ascension_level":3,"is_trial":false}