{"gold_per_floor":[116,116,26,26,26,66,66,104,182,207,8,8],"floor_reached":12,"playtime":202,"items_purged":[],"score":255,"play_id":"36f2a4f3-a478-4490-b6b6-5f35af9ba388","local_time":"20190120235620","is_ascension_mode":true,"campfire_choices":[{"data":"Fusion","floor":7,"key":"SMITH"}],"neow_cost":"NONE","seed_source_timestamp":891703896919900,"circlet_count":0,"master_deck":["AscendersBane","Strike_B","Strike_B","Strike_B","Strike_B","Defend_B","Defend_B","Defend_B","Defend_B","Zap","Dualcast","Coolheaded","Defragment+1","Cold Snap","Fusion+1","Creative AI","Conserve Battery","Cold Snap"],"relics":["Cracked Core","NeowsBlessing","Golden Idol","Kunai","Gambling Chip","Gremlin Horn","Tiny Chest"],"potions_floor_usage":[12],"damage_taken":[{"damage":0,"enemies":"Jaw Worm","floor":1,"turns":1},{"damage":0,"enemies":"Gremlin Nob","floor":6,"turns":1},{"damage":0,"enemies":"3 Sentries","floor":8,"turns":1},{"damage":0,"enemies":"2 Louse","floor":10,"turns":3},{"damage":62,"enemies":"Gremlin Nob","floor":12,"turns":4}],"seed_played":"5677574818373557209","potions_obtained":[{"floor":10,"key":"AttackPotion"}],"is_trial":false,"path_per_floor":["M","?","$","?","$","E","R","E","T","M","$","E"],"character_chosen":"DEFECT","items_purchased":["Defragment","Cold Snap","Tiny Chest","Cold Snap"],"campfire_rested":0,"item_purchase_floors":[3,3,11,11],"current_hp_per_floor":[64,40,40,40,40,40,40,40,40,40,40,0],"gold":8,"neow_bonus":"THREE_ENEMY_KILL","is_prod":false,"is_daily":false,"chose_seed":false,"campfire_upgraded":1,"win_rate":0,"timestamp":1548057380,"path_taken":["M","?","$","?","$","E","R","E","T","M","$","E"],"build_version":"2019-01-17v2","purchased_purges":0,"victory":false,"max_hp_per_floor":[71,71,71,71,71,71,71,71,71,71,71,71],"card_choices":[{"not_picked":["Leap","Skim"],"picked":"Coolheaded","floor":1},{"not_picked":["Conserve Battery","Double Energy"],"picked":"Fusion","floor":6},{"not_picked":["Go for the Eyes","Cold Snap"],"picked":"Creative AI","floor":8},{"not_picked":["Cold Snap","FTL"],"picked":"Conserve Battery","floor":10}],"player_experience":571951,"relics_obtained":[{"floor":6,"key":"Kunai"},{"floor":8,"key":"Gambling Chip"},{"floor":9,"key":"Gremlin Horn"}],"event_choices":[{"damage_healed":0,"gold_gain":0,"player_choice":"Take Damage","damage_taken":24,"relics_obtained":["Golden Idol"],"max_hp_gain":0,"max_hp_loss":0,"event_name":"Golden Idol","floor":2,"gold_loss":0},{"damage_healed":0,"gold_gain":0,"player_choice":"Grow","damage_taken":0,"max_hp_gain":0,"max_hp_loss":0,"event_name":"Living Wall","floor":4,"gold_loss":0,"cards_upgraded":["Defragment"]}],"is_beta":false,"boss_relics":[],"items_purged_floors":[],"is_endless":false,"potions_floor_spawned":[10],"killed_by":"Gremlin Nob","ascension_level":18}