{"path_per_floor":["M","$","M","$","M","?","E","M","T","?","E","M","?","E","R","B",null,"M","$","?","?","M","E","R","M","T","T","M","M","?","?","R"],"character_chosen":"THE_SILENT","items_purchased":["Noxious Fumes","Flying Knee","Sadistic Nature","Bouncing Flask","Trip"],"gold_per_floor":[119,40,54,5,15,15,49,69,117,217,246,265,321,355,355,450,450,467,35,35,35,47,77,77,92,117,117,132,148,148,148,148,148],"floor_reached":33,"campfire_rested":0,"playtime":1438,"current_hp_per_floor":[70,70,70,70,70,56,38,36,36,36,32,32,39,30,30,16,77,74,74,74,74,65,56,56,42,42,42,34,34,34,34,34,0],"items_purged":["Defend_G"],"gold":148,"score":285,"play_id":"43842424-0c30-432f-bce5-84bedf882ed9","local_time":"20180413100429","is_prod":false,"is_daily":false,"chose_seed":false,"is_ascension_mode":false,"campfire_upgraded":3,"timestamp":1523581469,"path_taken":["M","$","M","$","?","?","E","M","T","?","E","M","?","E","R","BOSS","M","$","?","?","M","E","R","?","T","?","M","M","?","?","R","BOSS"],"build_version":"2018-04-12","seed_source_timestamp":1582865163653905,"purchased_purges":1,"victory":false,"master_deck":["Defend_G","Defend_G","Defend_G","Defend_G","Strike_G+1","Strike_G+1","Survivor+1","Neutralize","Quick Slash","Noxious Fumes+1","Well Laid Plans","Flying Knee","Backflip","Choke","Dash+1","After Image+1","Bullet Time+1","Reflex+1","Blur+1","Sadistic Nature","Bouncing Flask","Trip","Noxious Fumes+1","Escape Plan","Slice+1","Writhe"],"max_hp_per_floor":[70,70,70,70,70,70,70,70,70,70,70,70,77,77,77,77,77,77,77,77,77,77,77,77,77,77,77,77,77,77,77,77,77],"relics":["Ring of the Snake","NeowsBlessing","Kunai","Snake Skull","Strawberry","Whetstone","Astrolabe","Bottled Tornado","Vajra","Blue Candle","Toolbox"],"card_choices":[{"not_picked":["Dodge and Roll","Eviscerate"],"picked":"Quick Slash","floor":1},{"not_picked":["Heel Hook","Concentrate"],"picked":"Well Laid Plans","floor":3},{"not_picked":["Quick Slash","Sucker Punch"],"picked":"Backflip","floor":5},{"not_picked":["Sucker Punch","Outmaneuver"],"picked":"Choke","floor":7},{"not_picked":["Deadly Poison","Infinite Blades"],"picked":"Dash","floor":13},{"not_picked":["A Thousand Cuts","Unload"],"picked":"After Image","floor":16},{"not_picked":["Outmaneuver","Dodge and Roll"],"picked":"Escape Plan","floor":23},{"not_picked":["Sucker Punch","Deadly Poison"],"picked":"Slice","floor":28}],"player_experience":431471,"potions_floor_usage":[13,13,23,33],"damage_taken":[{"damage":0,"enemies":"Cultist","floor":1,"turns":1},{"damage":0,"enemies":"Jaw Worm","floor":3,"turns":1},{"damage":0,"enemies":"2 Louse","floor":5,"turns":1},{"damage":18,"enemies":"Lagavulin","floor":7,"turns":8},{"damage":2,"enemies":"Blue Slaver","floor":8,"turns":4},{"damage":4,"enemies":"3 Sentries","floor":11,"turns":8},{"damage":0,"enemies":"3 Louse","floor":12,"turns":4},{"damage":0,"enemies":"3 Sentries","floor":13,"turns":5},{"damage":9,"enemies":"Lagavulin","floor":14,"turns":6},{"damage":14,"enemies":"The Guardian","floor":16,"turns":10},{"damage":3,"enemies":"Shell Parasite","floor":18,"turns":7},{"damage":9,"enemies":"Spheric Guardian","floor":22,"turns":4},{"damage":9,"enemies":"Slavers","floor":23,"turns":6},{"damage":14,"enemies":"Snake Plant","floor":25,"turns":4},{"damage":8,"enemies":"3 Cultists","floor":28,"turns":5},{"damage":0,"enemies":"Snecko","floor":29,"turns":2},{"damage":46,"enemies":"Champ","floor":33,"turns":8}],"event_choices":[{"event_name":"Shining Light","player_choice":"Entered Light","floor":6,"damage_taken":0},{"event_name":"Golden Shrine","player_choice":"Pray","floor":10,"damage_taken":0},{"event_name":"Dead Adventurer","player_choice":"Searched \u00272\u0027 times","floor":13,"damage_taken":0},{"event_name":"The Library","player_choice":"Read","floor":20,"damage_taken":0},{"event_name":"Addict","player_choice":"Ignored","floor":21,"damage_taken":0},{"event_name":"Vampires","player_choice":"Ignored","floor":30,"damage_taken":0},{"event_name":"The Mausoleum","player_choice":"Yes","floor":31,"damage_taken":0}],"boss_relics":[{"not_picked":["Orrery","Runic Dome"],"picked":"Astrolabe"}],"potions_floor_spawned":[5,11,14,16,22,23,28,29],"seed_played":"5128601108232494694","killed_by":"Champ","ascension_level":0,"is_trial":false}