{"gold_per_floor":[112,127,127,127,140,171,65,65,65,92,105,6,18,18],"floor_reached":14,"playtime":547,"items_purged":["Strike_R"],"score":165,"play_id":"1daeacdc-00b2-4014-af18-b3d5075ee77c","local_time":"20190218224332","is_ascension_mode":true,"campfire_choices":[{"data":"Uppercut","floor":8,"key":"SMITH"}],"neow_cost":"NONE","seed_source_timestamp":1082831571781700,"circlet_count":0,"master_deck":["AscendersBane","Strike_R","Strike_R","Strike_R","Defend_R","Defend_R","Defend_R","Defend_R","Bash","Warcry","Disarm","Uppercut+1","Armaments","Evolve","Shockwave","Feed","Metallicize","Wild Strike","Pommel Strike"],"relics":["Burning Blood","Boot","Strawberry","Matryoshka","Question Card"],"potions_floor_usage":[10,14],"damage_taken":[{"damage":3,"enemies":"Jaw Worm","floor":1,"turns":6},{"damage":10,"enemies":"2 Louse","floor":2,"turns":4},{"damage":5,"enemies":"Cultist","floor":5,"turns":5},{"damage":39,"enemies":"Gremlin Nob","floor":6,"turns":6},{"damage":15,"enemies":"Lagavulin","floor":10,"turns":9},{"damage":14,"enemies":"3 Louse","floor":11,"turns":5},{"damage":21,"enemies":"Large Slime","floor":13,"turns":5},{"damage":14,"enemies":"3 Sentries","floor":14,"turns":2}],"seed_played":"4631224693769317870","potions_obtained":[{"floor":1,"key":"SkillPotion"},{"floor":6,"key":"Weak Potion"},{"floor":10,"key":"Strength Potion"}],"is_trial":false,"path_per_floor":["M","M","?","?","M","E","$","R","T","E","M","$","M","E"],"character_chosen":"IRONCLAD","items_purchased":["Evolve","Shockwave","Wild Strike"],"campfire_rested":0,"item_purchase_floors":[7,7,12],"current_hp_per_floor":[75,71,71,64,65,39,39,39,39,30,25,25,13,0],"gold":18,"neow_bonus":"REMOVE_CARD","is_prod":false,"is_daily":false,"chose_seed":false,"campfire_upgraded":1,"win_rate":0,"timestamp":1550558612,"path_taken":["M","M","?","?","M","E","$","R","T","E","M","?","M","E"],"build_version":"2019-01-23","purchased_purges":1,"victory":false,"max_hp_per_floor":[80,80,80,80,80,87,87,87,87,87,90,90,93,93],"card_choices":[{"not_picked":["Blood for Blood","Clash"],"picked":"Warcry","floor":1},{"not_picked":["Twin Strike","Second Wind"],"picked":"Disarm","floor":2},{"not_picked":["Armaments","Entrench"],"picked":"Uppercut","floor":5},{"not_picked":["Sword Boomerang","Sentinel"],"picked":"Armaments","floor":6},{"not_picked":["Ghostly Armor","Pommel Strike"],"picked":"Feed","floor":10},{"not_picked":["Evolve","Perfected Strike","Clash"],"picked":"Metallicize","floor":11},{"not_picked":["Wild Strike","Battle Trance","Headbutt"],"picked":"Pommel Strike","floor":13}],"player_experience":732542,"relics_obtained":[{"floor":6,"key":"Strawberry"},{"floor":9,"key":"Matryoshka"},{"floor":10,"key":"Question Card"}],"event_choices":[{"damage_healed":0,"gold_gain":0,"player_choice":"Ignored","damage_taken":0,"max_hp_gain":0,"max_hp_loss":0,"event_name":"Liars Game","floor":3,"gold_loss":0},{"damage_healed":0,"gold_gain":0,"player_choice":"Success","damage_taken":7,"relics_obtained":["Boot"],"max_hp_gain":0,"max_hp_loss":0,"event_name":"Scrap Ooze","floor":4,"gold_loss":0}],"is_beta":false,"boss_relics":[],"items_purged_floors":[12],"is_endless":false,"potions_floor_spawned":[1,6,10],"killed_by":"3 Sentries","ascension_level":13}