{"path_per_floor":["M","?","M","?","$","R","E","R","T","R","M","R","?","M","R","B",null,"M","T","$","M","?","R","E","M","T","R","$","M","?","?","R","B",null,"M","M","?","?","M","R","M","M","T","M","R","E","?","$","R","B"],"character_chosen":"THE_SILENT","items_purchased":["Noxious Fumes","Deflect","Apotheosis","Footwork","Paper Crane","Regen Potion"],"gold_per_floor":[117,117,137,137,14,14,43,43,69,69,83,83,83,99,99,176,176,193,217,21,41,41,41,76,96,96,96,20,37,237,237,237,316,316,330,344,344,344,359,359,370,390,417,428,428,454,454,78,78,78],"floor_reached":51,"campfire_rested":4,"playtime":3051,"current_hp_per_floor":[58,58,58,32,32,32,6,40,47,47,49,49,54,56,56,51,71,64,64,64,53,53,53,27,14,14,52,52,52,52,52,52,12,62,60,12,12,28,28,66,68,77,77,78,78,28,28,28,66,15],"items_purged":["Crippling Poison"],"gold":78,"score":1176,"play_id":"53900b83-4492-44ca-9934-4e569284a121","local_time":"20180409025845","is_prod":false,"is_daily":false,"is_ascension_mode":true,"campfire_upgraded":7,"timestamp":1523210325,"path_taken":["M","?","M","?","$","R","E","R","T","R","?","R","?","M","R","BOSS","M","?","$","M","?","R","E","M","T","R","?","M","?","?","R","BOSS","M","M","?","?","M","R","M","M","T","M","R","E","?","$","R","BOSS"],"build_version":"2018-04-05v2","purchased_purges":1,"victory":true,"master_deck":["Survivor","Neutralize+1","AscendersBane","Cloak And Dagger+1","Noxious Fumes+1","Deflect","Leg Sweep+1","Poisoned Stab","Deadly Poison+1","Dodge and Roll","Poisoned Stab","Reflex","Prepared","Flying Knee","Infinite Blades","Noxious Fumes","Backflip","Apotheosis+1","Cloak And Dagger","Cloak And Dagger","Footwork+1","Acrobatics","Tactician","Cloak And Dagger+1","Writhe","Blur","Calculated Gamble+1","Blur+1"],"max_hp_per_floor":[66,66,66,66,66,66,66,66,73,73,73,73,78,78,78,78,78,78,78,78,78,78,78,78,78,78,78,78,78,78,78,78,78,78,78,78,78,78,78,78,78,78,78,78,78,78,78,78,78,78],"relics":["Ring of the Snake","Bird Faced Urn","Regal Pillow","Strawberry","Pandora\u0027s Box","Juzu Bracelet","Oddly Smooth Stone","Calipers","Lizard Tail","Bronze Scales","Art of War","Paper Crane"],"card_choices":[{"not_picked":["Flechettes","Doppelganger"],"picked":"Cloak And Dagger","floor":3},{"not_picked":["Dagger Spray","Cloak And Dagger"],"picked":"Leg Sweep","floor":7},{"not_picked":["Quick Slash","Riddle With Holes"],"picked":"Poisoned Stab","floor":11},{"not_picked":["Dagger Spray","Dagger Throw"],"picked":"Deadly Poison","floor":14},{"not_picked":["Deadly Poison","Calculated Gamble"],"picked":"Backflip","floor":18},{"not_picked":["Poisoned Stab","Underhanded Strike"],"picked":"Cloak And Dagger","floor":21},{"not_picked":["Dodge and Roll","Setup"],"picked":"Acrobatics","floor":29},{"not_picked":["Bullet Time","A Thousand Cuts"],"picked":"Tactician","floor":33},{"not_picked":["Deadly Poison","Acrobatics"],"picked":"Cloak And Dagger","floor":36},{"not_picked":["Deflect","Dodge and Roll"],"picked":"Blur","floor":39},{"not_picked":["Heel Hook","Dodge and Roll"],"picked":"Calculated Gamble","floor":41},{"not_picked":["Unload","Flying Knee"],"picked":"Blur","floor":46}],"player_experience":420636,"potions_floor_usage":[7,16,24,24,24,33,42,50,50,50],"damage_taken":[{"damage":1,"enemies":"Small Slimes","floor":1,"turns":5},{"damage":0,"enemies":"2 Louse","floor":3,"turns":4},{"damage":28,"enemies":"Gremlin Nob","floor":7,"turns":5},{"damage":0,"enemies":"Cultist","floor":11,"turns":4},{"damage":0,"enemies":"2 Fungi Beasts","floor":14,"turns":4},{"damage":7,"enemies":"Hexaghost","floor":16,"turns":9},{"damage":13,"enemies":"Shell Parasite","floor":18,"turns":5},{"damage":13,"enemies":"Spheric Guardian","floor":21,"turns":4},{"damage":44,"enemies":"Gremlin Leader","floor":24,"turns":7},{"damage":17,"enemies":"Snecko","floor":25,"turns":6},{"damage":6,"enemies":"Snake Plant","floor":29,"turns":5},{"damage":60,"enemies":"Collector","floor":33,"turns":9},{"damage":8,"enemies":"Orb Walker","floor":35,"turns":5},{"damage":56,"enemies":"3 Shapes","floor":36,"turns":6},{"damage":6,"enemies":"Sphere and 2 Shapes","floor":39,"turns":7},{"damage":6,"enemies":"Maw","floor":41,"turns":10},{"damage":11,"enemies":"4 Shapes","floor":42,"turns":6},{"damage":1,"enemies":"3 Darklings","floor":44,"turns":6},{"damage":51,"enemies":"Giant Head","floor":46,"turns":12},{"damage":71,"enemies":"Time Eater","floor":50,"turns":17}],"event_choices":[{"event_name":"Golden Idol","player_choice":"Ignored","floor":2,"damage_taken":0},{"event_name":"Scrap Ooze","player_choice":"success","floor":4,"damage_taken":26},{"event_name":"Big Fish","player_choice":"Donut","floor":13,"damage_taken":0},{"event_name":"Transmorgrifier","player_choice":"Transform","floor":22,"damage_taken":0},{"event_name":"Wheel of Change","player_choice":"Gold","floor":30,"damage_taken":0},{"event_name":"Purifier","player_choice":"One Purge","floor":31,"damage_taken":0},{"event_name":"SecretPortal","player_choice":"Rejected Portal.","floor":37,"damage_taken":0},{"event_name":"Winding Halls","player_choice":"Writhe","floor":38,"damage_taken":0},{"event_name":"Mysterious Sphere","player_choice":"Ignore","floor":47,"damage_taken":0}],"boss_relics":[{"not_picked":["Runic Dome","Snecko Eye"],"picked":"Pandora\u0027s Box"},{"not_picked":["Eternal Feather","Velvet Choker"],"picked":"Lizard Tail"}],"potions_floor_spawned":[1,7,11,16,18,25,33,39,41,42,46],"seed_played":"-1968570777838513510","ascension_level":15,"is_trial":false}