{"gold_per_floor":[118,118,128,128,146,146,172,190,216,216,25,60,76,108,108,213,213,230,230,249,249,18,47,47,47,100,200,231,2,2,21,21,21],"floor_reached":33,"playtime":1345,"items_purged":[],"score":401,"play_id":"82ea2dee-bb97-4214-bc74-026427a6298c","local_time":"20190119105921","is_ascension_mode":true,"campfire_choices":[{"data":"Armaments","floor":6,"key":"SMITH"},{"data":"Rampage","floor":15,"key":"SMITH"},{"data":"Berserk","floor":24,"key":"SMITH"},{"data":"True Grit","floor":30,"key":"SMITH"},{"data":"True Grit","floor":32,"key":"SMITH"}],"neow_cost":"NONE","seed_source_timestamp":757540889826700,"circlet_count":0,"master_deck":["Strike_R","Strike_R","Strike_R","Strike_R","Strike_R","Defend_R","Defend_R","Defend_R","Defend_R","Bash","Thunderclap","Immolate","Corruption","Armaments+1","True Grit+1","Body Slam+1","Evolve","Havoc","Rampage+1","Clash","Berserk+1","Flex","Iron Wave+1","Sentinel","Infernal Blade","Spot Weakness+1","True Grit+1","Shrug It Off","Uppercut","Hemokinesis"],"relics":["Burning Blood","NeowsBlessing","Regal Pillow","Bronze Scales","PreservedInsect","Lantern","Juzu Bracelet","Philosopher\u0027s Stone","Lee\u0027s Waffle","Magic Flower","Oddly Smooth Stone","Turnip","Gremlin Horn","Pen Nib","Ancient Tea Set"],"potions_floor_usage":[4,7,7,12,27,27,27,33],"damage_taken":[{"damage":0,"enemies":"Cultist","floor":1,"turns":1},{"damage":0,"enemies":"Small Slimes","floor":3,"turns":1},{"damage":0,"enemies":"2 Louse","floor":5,"turns":1},{"damage":15,"enemies":"3 Sentries","floor":7,"turns":3},{"damage":10,"enemies":"Looter","floor":8,"turns":4},{"damage":13,"enemies":"Lagavulin","floor":12,"turns":4},{"damage":7,"enemies":"Large Slime","floor":13,"turns":4},{"damage":10,"enemies":"3 Sentries","floor":14,"turns":3},{"damage":45,"enemies":"Hexaghost","floor":16,"turns":9},{"damage":0,"enemies":"3 Byrds","floor":18,"turns":3},{"damage":34,"enemies":"Spheric Guardian","floor":20,"turns":4},{"damage":1,"enemies":"Slavers","floor":23,"turns":2},{"damage":3,"enemies":"Colosseum Slavers","floor":27,"turns":2},{"damage":19,"enemies":"Colosseum Nobs","floor":27,"turns":4},{"damage":2,"enemies":"Gremlin Leader","floor":28,"turns":4},{"damage":30,"enemies":"Snake Plant","floor":31,"turns":3},{"damage":105,"enemies":"Collector","floor":33,"turns":6}],"seed_played":"3664322642525043963","potions_obtained":[{"floor":3,"key":"PowerPotion"},{"floor":4,"key":"Fruit Juice"},{"floor":4,"key":"Explosive Potion"},{"floor":4,"key":"Ancient Potion"},{"floor":8,"key":"SkillPotion"},{"floor":14,"key":"Strength Potion"},{"floor":16,"key":"SpeedPotion"},{"floor":20,"key":"SkillPotion"},{"floor":27,"key":"Explosive Potion"}],"is_trial":false,"path_per_floor":["M","?","M","?","M","R","E","M","T","?","$","E","M","E","R","B",null,"M","?","M","?","$","E","R","?","T","?","E","$","R","M","R","B"],"character_chosen":"IRONCLAD","items_purchased":["PreservedInsect","Evolve","Lee\u0027s Waffle","Sentinel","Ancient Tea Set","Shrug It Off","Uppercut"],"campfire_rested":0,"item_purchase_floors":[11,11,22,22,29,29,29],"current_hp_per_floor":[80,80,80,85,85,85,76,72,72,72,72,65,64,60,60,21,69,75,75,47,31,97,97,97,97,97,87,94,94,94,73,73,0],"gold":21,"neow_bonus":"THREE_ENEMY_KILL","is_prod":false,"is_daily":false,"chose_seed":false,"campfire_upgraded":5,"win_rate":0,"timestamp":1547924361,"path_taken":["M","?","?","?","?","R","E","M","T","?","$","E","M","E","R","BOSS","M","?","M","?","$","E","R","?","T","?","E","?","R","M","R","BOSS"],"build_version":"2019-01-17v2","purchased_purges":0,"victory":false,"max_hp_per_floor":[80,80,80,85,85,85,85,85,85,85,85,85,85,85,85,85,85,85,85,85,90,97,97,97,97,97,97,97,97,97,97,97,97],"card_choices":[{"not_picked":["Twin Strike","Warcry"],"picked":"Thunderclap","floor":1},{"not_picked":["Battle Trance","Infernal Blade"],"picked":"Corruption","floor":3},{"not_picked":["Warcry","Disarm"],"picked":"Armaments","floor":5},{"not_picked":["Pommel Strike","Uppercut"],"picked":"True Grit","floor":7},{"not_picked":["Intimidate","Heavy Blade"],"picked":"Body Slam","floor":8},{"not_picked":["Bloodletting","Clothesline"],"picked":"Havoc","floor":12},{"not_picked":["Shrug It Off","Cleave"],"picked":"Rampage","floor":13},{"not_picked":["Sever Soul","Shrug It Off"],"picked":"Clash","floor":14},{"not_picked":["Offering","Immolate"],"picked":"Berserk","floor":16},{"not_picked":["Twin Strike","Heavy Blade"],"picked":"Flex","floor":18},{"not_picked":["Burning Pact","Headbutt"],"picked":"Iron Wave+1","floor":20},{"not_picked":["Flex","Intimidate"],"picked":"Infernal Blade","floor":23},{"not_picked":["Second Wind","Wild Strike"],"picked":"Spot Weakness+1","floor":27},{"not_picked":["Warcry","Perfected Strike+1"],"picked":"True Grit","floor":28},{"not_picked":["Wild Strike","Heavy Blade+1"],"picked":"Hemokinesis","floor":31}],"player_experience":540496,"relics_obtained":[{"floor":7,"key":"Regal Pillow"},{"floor":9,"key":"Bronze Scales"},{"floor":12,"key":"Lantern"},{"floor":14,"key":"Juzu Bracelet"},{"floor":23,"key":"Magic Flower"},{"floor":26,"key":"Oddly Smooth Stone"},{"floor":27,"key":"Turnip"},{"floor":27,"key":"Gremlin Horn"},{"floor":28,"key":"Pen Nib"}],"event_choices":[{"damage_healed":0,"gold_gain":0,"player_choice":"1 cards matched","damage_taken":0,"max_hp_gain":0,"max_hp_loss":0,"event_name":"Match and Keep!","floor":2,"gold_loss":0,"cards_obtained":["Immolate"]},{"damage_healed":0,"gold_gain":0,"player_choice":"Got Potions","damage_taken":0,"max_hp_gain":0,"max_hp_loss":0,"event_name":"Lab","floor":4,"gold_loss":0},{"damage_healed":0,"gold_gain":0,"player_choice":"Grow","damage_taken":0,"max_hp_gain":0,"max_hp_loss":0,"event_name":"Living Wall","floor":10,"gold_loss":0,"cards_upgraded":["Body Slam"]},{"damage_healed":0,"gold_gain":0,"player_choice":"Ignored","damage_taken":0,"max_hp_gain":0,"max_hp_loss":0,"event_name":"Vampires","floor":19,"gold_loss":0},{"damage_healed":0,"gold_gain":0,"player_choice":"Shed Blood","damage_taken":21,"max_hp_gain":5,"max_hp_loss":0,"event_name":"Forgotten Altar","floor":21,"gold_loss":0},{"damage_healed":0,"gold_gain":0,"player_choice":"Ignored","damage_taken":0,"max_hp_gain":0,"max_hp_loss":0,"event_name":"Ghosts","floor":25,"gold_loss":0},{"damage_healed":0,"gold_gain":0,"player_choice":"Fight","damage_taken":0,"max_hp_gain":0,"max_hp_loss":0,"event_name":"Colosseum","floor":27,"gold_loss":0},{"damage_healed":0,"gold_gain":0,"player_choice":"Fought Nobs","damage_taken":0,"max_hp_gain":0,"max_hp_loss":0,"event_name":"Colosseum","floor":27,"gold_loss":0}],"is_beta":false,"boss_relics":[{"not_picked":["Orrery","Eternal Feather"],"picked":"Philosopher\u0027s Stone"}],"items_purged_floors":[],"is_endless":false,"potions_floor_spawned":[3,5,8,14,16,20,23,27],"killed_by":"Collector","ascension_level":5}