{"gold_per_floor":[368,124,124,20,34,34,52,81,81,81],"floor_reached":10,"playtime":498,"items_purged":[],"score":116,"play_id":"92d4afeb-28cf-47ab-b1c5-1e80ad512185","local_time":"20190115215044","is_ascension_mode":true,"campfire_choices":[{"data":"Echo Form","floor":6,"key":"SMITH"}],"neow_cost":"PERCENT_DAMAGE","seed_source_timestamp":451872337179700,"circlet_count":0,"master_deck":["AscendersBane","Strike_B","Strike_B","Strike_B","Defend_B","Defend_B","Defend_B","Defend_B","Zap","Dualcast","Ball Lightning","Echo Form+1","Fusion","Darkness","Heatsinks","Cold Snap","Reinforced Body","Hologram","Recycle"],"relics":["Cracked Core","Molten Egg 2","Symbiotic Virus"],"potions_floor_usage":[10,10],"damage_taken":[{"damage":2,"enemies":"Jaw Worm","floor":1,"turns":3},{"damage":5,"enemies":"Cultist","floor":5,"turns":5},{"damage":0,"enemies":"Small Slimes","floor":7,"turns":3},{"damage":32,"enemies":"3 Sentries","floor":8,"turns":7},{"damage":12,"enemies":"Exordium Wildlife","floor":10,"turns":1}],"seed_played":"-4915279469460370215","potions_obtained":[{"floor":7,"key":"Strength Potion"},{"floor":8,"key":"Poison Potion"}],"is_trial":false,"path_per_floor":["M","$","?","$","M","R","M","E","T","M"],"character_chosen":"DEFECT","items_purchased":["Echo Form","Fusion","Darkness","Heatsinks","Cold Snap"],"campfire_rested":0,"item_purchase_floors":[2,2,2,4,4],"current_hp_per_floor":[44,44,44,44,39,39,39,7,7,0],"gold":81,"neow_bonus":"TWO_FIFTY_GOLD","is_prod":false,"is_daily":false,"chose_seed":false,"campfire_upgraded":1,"win_rate":0,"timestamp":1547617844,"path_taken":["M","$","?","$","M","R","M","E","T","?"],"build_version":"2019-01-10","purchased_purges":0,"victory":false,"max_hp_per_floor":[71,71,71,71,71,71,71,71,71,71],"card_choices":[{"not_picked":["Rebound","Compile Driver"],"picked":"Ball Lightning","floor":1},{"not_picked":["Leap","Compile Driver"],"picked":"Reinforced Body","floor":5},{"not_picked":["Steam Power","Undo"],"picked":"Hologram","floor":7},{"not_picked":["Streamline","Cold Snap"],"picked":"Recycle","floor":8}],"player_experience":482836,"relics_obtained":[{"floor":8,"key":"Molten Egg 2"},{"floor":9,"key":"Symbiotic Virus"}],"event_choices":[{"cards_removed":["Strike_B"],"damage_healed":0,"gold_gain":0,"player_choice":"Offered Basic","damage_taken":0,"max_hp_gain":0,"max_hp_loss":0,"event_name":"Bonfire Elementals","floor":3,"gold_loss":0}],"is_beta":false,"boss_relics":[],"items_purged_floors":[],"is_endless":false,"potions_floor_spawned":[7,8],"killed_by":"Exordium Wildlife","ascension_level":15}