{"gold_per_floor":[111,286,297,307,317,343,343,355,355,374,387,404,404,404,404,500,500,513,528,62,74,106,106,125,2,26,26,41,41,41],"floor_reached":30,"playtime":2627,"items_purged":["Doubt","Barrage"],"score":236,"play_id":"3b12ba85-cae9-45d4-95e9-0e03937b469d","local_time":"20180918160404","is_ascension_mode":false,"campfire_choices":[{"data":"Chill","floor":7,"key":"SMITH"},{"data":"Loop","floor":13,"key":"SMITH"},{"data":"Loop","floor":15,"key":"SMITH"},{"data":"Fission","floor":23,"key":"SMITH"},{"data":"Defragment","floor":27,"key":"SMITH"}],"neow_cost":"NONE","seed_source_timestamp":70203142039910,"circlet_count":0,"master_deck":["Strike_B","Strike_B","Strike_B","Strike_B","Defend_B","Defend_B","Defend_B","Defend_B","Zap+1","Dualcast","Sweeping Beam","Cold Snap","Loop+1","Chill+1","Heatsinks","Gash","Loop+1","Conserve Battery","Fission+1","Capacitor+1","Capacitor","Consume","Beam Cell+1","Chill","Defragment+1","Streamline","Heatsinks+1","Capacitor"],"relics":["Cracked Core","Omamori","Bag of Marbles","Coffee Dripper","Bottled Lightning","Red Mask","PreservedInsect"],"potions_floor_usage":[16,16,16],"damage_taken":[{"damage":0,"enemies":"Small Slimes","floor":1,"turns":2},{"damage":1,"enemies":"Jaw Worm","floor":3,"turns":4},{"damage":0,"enemies":"Cultist","floor":4,"turns":3},{"damage":11,"enemies":"Red Slaver","floor":5,"turns":3},{"damage":18,"enemies":"Gremlin Nob","floor":6,"turns":5},{"damage":9,"enemies":"Large Slime","floor":8,"turns":6},{"damage":0,"enemies":"Exordium Thugs","floor":10,"turns":4},{"damage":10,"enemies":"Exordium Wildlife","floor":11,"turns":2},{"damage":7,"enemies":"Looter","floor":12,"turns":3},{"damage":36,"enemies":"Slime Boss","floor":16,"turns":11},{"damage":15,"enemies":"Spheric Guardian","floor":18,"turns":7},{"damage":2,"enemies":"3 Byrds","floor":19,"turns":8},{"damage":18,"enemies":"Centurion and Healer","floor":21,"turns":7},{"damage":25,"enemies":"Masked Bandits","floor":22,"turns":7},{"damage":11,"enemies":"Snake Plant","floor":24,"turns":4},{"damage":0,"enemies":"Sentry and Sphere","floor":28,"turns":5},{"damage":16,"enemies":"Shelled Parasite and Fungi","floor":30,"turns":3}],"seed_played":"-4392914253265552525","potions_obtained":[{"floor":4,"key":"SteroidPotion"},{"floor":5,"key":"FearPotion"},{"floor":10,"key":"Swift Potion"},{"floor":11,"key":"Weak Potion"},{"floor":19,"key":"Poison Potion"},{"floor":21,"key":"Ancient Potion"},{"floor":24,"key":"Strength Potion"}],"is_trial":false,"path_per_floor":["M","?","M","M","M","E","R","M","T","M","M","M","R","?","R","B",null,"M","M","$","M","?","R","M","$","T","R","M","?"],"character_chosen":"DEFECT","items_purchased":["Capacitor","Consume","Bottled Lightning","Streamline"],"campfire_rested":0,"item_purchase_floors":[20,20,20,25],"current_hp_per_floor":[75,75,74,74,63,45,45,36,36,36,26,19,19,37,37,1,75,60,58,58,40,15,15,4,4,4,4,4,4,0],"gold":41,"neow_bonus":"UPGRADE_CARD","is_prod":false,"is_daily":false,"chose_seed":false,"campfire_upgraded":5,"win_rate":0,"timestamp":1537311844,"path_taken":["M","?","M","M","M","E","R","M","T","M","M","?","R","?","R","BOSS","M","M","$","M","?","R","M","?","T","R","M","?","?"],"build_version":"2018-09-06","purchased_purges":2,"victory":false,"max_hp_per_floor":[75,75,75,75,75,75,75,75,75,75,75,75,75,75,75,75,75,75,75,75,75,75,75,75,75,75,75,75,75,75],"card_choices":[{"not_picked":["Rebound","Steam"],"picked":"Sweeping Beam","floor":1},{"not_picked":["Compile Driver","Ball Lightning"],"picked":"Cold Snap","floor":3},{"not_picked":["Rebound","Go for the Eyes"],"picked":"Scrape","floor":4},{"not_picked":["Ball Lightning","Beam Cell"],"picked":"Loop","floor":5},{"not_picked":["Skim","Machine Learning"],"picked":"Chill","floor":6},{"not_picked":["Compile Driver","Glacier"],"picked":"Heatsinks","floor":8},{"not_picked":["Reprogram","Scrape"],"picked":"Gash","floor":10},{"not_picked":["Sweeping Beam","Reprogram"],"picked":"Loop","floor":11},{"not_picked":["Cold Snap","Streamline"],"picked":"Conserve Battery","floor":12},{"not_picked":["Multi-Cast","Thunder Strike"],"picked":"Fission","floor":16},{"not_picked":["Turbo","Barrage"],"picked":"Capacitor+1","floor":18},{"not_picked":["Fusion","Compile Driver+1"],"picked":"Barrage","floor":19},{"not_picked":["Sweeping Beam","Go for the Eyes"],"picked":"Beam Cell+1","floor":21},{"not_picked":["Rebound","Stack"],"picked":"Chill","floor":22},{"not_picked":["Ball Lightning","Go for the Eyes"],"picked":"Defragment","floor":24},{"not_picked":["Capacitor","Redo"],"picked":"Heatsinks+1","floor":28}],"player_experience":133443,"relics_obtained":[{"floor":6,"key":"Omamori"},{"floor":9,"key":"Bag of Marbles"},{"floor":22,"key":"Red Mask"},{"floor":26,"key":"PreservedInsect"}],"event_choices":[{"event_name":"Liars Game","player_choice":"agreed","floor":2,"damage_taken":0},{"event_name":"Mushrooms","player_choice":"Healed and dodged fight","floor":14,"damage_taken":0},{"event_name":"Masked Bandits","player_choice":"Fought Bandits","floor":22,"damage_taken":0},{"event_name":"Transmorgrifier","player_choice":"Transform","floor":29,"damage_taken":0}],"is_beta":false,"boss_relics":[{"not_picked":["Snecko Eye","Black Star"],"picked":"Coffee Dripper"}],"items_purged_floors":[20,25],"is_endless":false,"potions_floor_spawned":[4,5,10,11,12,19,21,24],"killed_by":"Shelled Parasite and Fungi","ascension_level":0}