{"path_per_floor":["M","?","?","M","?","E","M","?","T","E","$","M","R","M","R","B",null,"M","M","M","?","$","E","?"],"character_chosen":"DEFECT","items_purchased":["Jack Of All Trades","Panache","Bottled Flame"],"gold_per_floor":[16,16,191,211,211,254,274,274,274,305,15,30,30,55,55,186,186,211,224,244,244,5,43,43,43],"floor_reached":25,"campfire_rested":1,"playtime":1010,"item_purchase_floors":[11,11,22],"current_hp_per_floor":[75,72,72,72,69,68,68,54,54,48,48,48,68,68,68,39,69,52,46,36,20,20,5,5,0],"items_purged":[],"gold":43,"score":231,"play_id":"a1d38579-9fb5-4147-a2fc-8c84d5cdc0a3","local_time":"20180520175813","is_prod":false,"is_daily":false,"chose_seed":false,"is_ascension_mode":false,"campfire_upgraded":1,"timestamp":1526803093,"campfire_choices":[{"floor":13,"key":"REST"},{"data":"Seek","floor":15,"key":"SMITH"}],"path_taken":["M","?","?","M","?","E","M","?","T","E","?","?","R","M","R","BOSS","M","M","M","?","$","E","?","E"],"build_version":"2018-05-18","seed_source_timestamp":337710002377756,"purchased_purges":0,"victory":false,"master_deck":["Strike_B","Strike_B","Strike_B","Strike_B","Defend_B","Defend_B","Defend_B+1","Defend_B","Zap","Dualcast+1","Barrage","Doubt","Cold Snap","Ball Lightning","Capacitor","Barrage","Jack Of All Trades","Panache","Capacitor","Doom and Gloom","Seek+1","Fission","Cold Snap","Doom and Gloom","Rebound+1","Echo Form"],"max_hp_per_floor":[75,75,75,75,69,69,69,69,69,69,69,69,69,69,69,69,69,69,69,69,69,69,69,69,69],"relics":["Cracked Core","Thread and Needle","Gremlin Horn","Golden Idol","Dream Catcher","Symbiotic Virus","Vajra","Black Star","Enchiridion","Bottled Flame","Juzu Bracelet","Bag of Preparation"],"card_choices":[{"not_picked":["Leap","Rebound"],"picked":"Barrage","floor":1},{"not_picked":["Sweeping Beam","Beam Cell"],"picked":"Cold Snap","floor":4},{"not_picked":["Leap","Nova"],"picked":"Ball Lightning","floor":6},{"not_picked":["Sweeping Beam","Blizzard"],"picked":"Capacitor","floor":7},{"not_picked":["Fusion","Skim"],"picked":"Barrage","floor":10},{"not_picked":["Streamline","Sweeping Beam"],"picked":"Capacitor","floor":12},{"not_picked":["Hologram","Rebound"],"picked":"Doom and Gloom","floor":13},{"not_picked":["Blizzard","Stack"],"picked":"Seek","floor":14},{"not_picked":["Amplify","Buffer"],"picked":"Fission","floor":16},{"not_picked":["Go for the Eyes+1","Axe Kick"],"picked":"Cold Snap","floor":18},{"not_picked":["Tempest","Conserve Battery"],"picked":"Doom and Gloom","floor":19},{"not_picked":["Blizzard","Self Repair"],"picked":"Rebound+1","floor":20},{"not_picked":["Leap","Cold Snap"],"picked":"Echo Form","floor":23}],"player_experience":229769,"potions_floor_usage":[10,12,23],"damage_taken":[{"damage":0,"enemies":"Cultist","floor":1,"turns":4},{"damage":0,"enemies":"Small Slimes","floor":4,"turns":3},{"damage":1,"enemies":"3 Sentries","floor":6,"turns":8},{"damage":0,"enemies":"2 Louse","floor":7,"turns":3},{"damage":6,"enemies":"Gremlin Nob","floor":10,"turns":3},{"damage":0,"enemies":"Large Slime","floor":12,"turns":3},{"damage":0,"enemies":"3 Louse","floor":14,"turns":1},{"damage":29,"enemies":"Slime Boss","floor":16,"turns":8},{"damage":17,"enemies":"Chosen","floor":18,"turns":4},{"damage":6,"enemies":"Shell Parasite","floor":19,"turns":5},{"damage":10,"enemies":"Snecko","floor":20,"turns":6},{"damage":15,"enemies":"Book of Stabbing","floor":23,"turns":5},{"damage":9,"enemies":"Gremlin Leader","floor":25,"turns":3}],"relics_obtained":[{"floor":6,"key":"Dream Catcher"},{"floor":9,"key":"Symbiotic Virus"},{"floor":10,"key":"Vajra"},{"floor":21,"key":"Enchiridion"},{"floor":23,"key":"Juzu Bracelet"},{"floor":23,"key":"Bag of Preparation"}],"event_choices":[{"event_name":"Scrap Ooze","player_choice":"success","floor":2,"damage_taken":3},{"event_name":"Liars Game","player_choice":"agreed","floor":3,"damage_taken":0},{"event_name":"Golden Idol","player_choice":"Lose Max HP","floor":5,"damage_taken":0},{"event_name":"Shining Light","player_choice":"Entered Light","floor":8,"damage_taken":0},{"event_name":"Cursed Tome","player_choice":"Obtained Book","floor":21,"damage_taken":0},{"event_name":"Beggar","player_choice":"Ignored","floor":24,"damage_taken":0}],"boss_relics":[{"not_picked":["Orrery","Snecko Eye"],"picked":"Black Star"}],"items_purged_floors":[],"potions_floor_spawned":[4,10,19,23],"seed_played":"3134091699926018171","killed_by":"Gremlin Leader","ascension_level":0,"potions_obtained":[{"floor":4,"key":"Dexterity Potion"},{"floor":10,"key":"Fire Potion"},{"floor":19,"key":"Block Potion"},{"floor":23,"key":"SteroidPotion"}],"is_trial":false}