{"gold_per_floor":[409,334,344,413,429,461,461,493,516,536,280,280],"floor_reached":12,"playtime":483,"items_purged":[],"score":154,"play_id":"14de70fd-ef1e-4aa2-a984-485e68907eff","local_time":"20180815214944","is_ascension_mode":true,"campfire_choices":[{"floor":7,"key":"REST"}],"neow_cost":"CURSE","seed_source_timestamp":3036923022524382,"circlet_count":0,"master_deck":["Strike_B","Strike_B","Strike_B","Strike_B","Defend_B","Defend_B","Defend_B","Defend_B","Zap","Dualcast","AscendersBane","Go for the Eyes+1","Melter+1","Defragment","Compile Driver","Self Repair"],"relics":["Cracked Core","Old Coin","Whetstone","Bag of Marbles","Boot","Singing Bowl"],"potions_floor_usage":[6,12,12],"damage_taken":[{"damage":3,"enemies":"Small Slimes","floor":1,"turns":3},{"damage":0,"enemies":"Jaw Worm","floor":3,"turns":3},{"damage":5,"enemies":"2 Louse","floor":5,"turns":2},{"damage":33,"enemies":"Gremlin Nob","floor":6,"turns":5},{"damage":15,"enemies":"Lagavulin","floor":8,"turns":7},{"damage":9,"enemies":"Red Slaver","floor":10,"turns":2},{"damage":20,"enemies":"3 Sentries","floor":12,"turns":5}],"seed_played":"-7712459326307842174","potions_obtained":[{"floor":3,"key":"SkillPotion"},{"floor":6,"key":"Fire Potion"},{"floor":8,"key":"Poison Potion"}],"is_trial":false,"path_per_floor":["M","?","M","?","M","E","R","E","T","M","$"],"character_chosen":"DEFECT","items_purchased":["Singing Bowl"],"campfire_rested":1,"item_purchase_floors":[11],"current_hp_per_floor":[61,61,61,61,56,23,44,29,29,20,20,0],"gold":280,"neow_bonus":"ONE_RARE_RELIC","is_prod":false,"is_daily":false,"chose_seed":false,"campfire_upgraded":0,"win_rate":0,"timestamp":1534362584,"path_taken":["M","?","M","?","M","E","R","E","T","M","$","E"],"build_version":"2018-08-09","purchased_purges":0,"victory":false,"max_hp_per_floor":[71,71,71,71,71,71,71,71,71,71,71,71],"card_choices":[{"not_picked":["Undo","Blizzard"],"picked":"Go for the Eyes","floor":1},{"not_picked":["Streamline","Steam"],"picked":"Melter","floor":3},{"not_picked":["Redo","Capacitor"],"picked":"Defragment","floor":5},{"not_picked":["Leap","Beam Cell"],"picked":"Compile Driver","floor":6},{"not_picked":["Sweeping Beam","Heatsinks","Gash"],"picked":"SKIP","floor":8},{"not_picked":["Scrape","Streamline"],"picked":"Self Repair","floor":10}],"player_experience":961033,"relics_obtained":[{"floor":6,"key":"Whetstone"},{"floor":8,"key":"Bag of Marbles"},{"floor":9,"key":"Boot"}],"event_choices":[{"event_name":"The Cleric","player_choice":"Card Removal","floor":2,"damage_taken":0},{"event_name":"Golden Wing","player_choice":"Gained Gold","floor":4,"damage_taken":0}],"is_beta":false,"boss_relics":[],"items_purged_floors":[],"is_endless":false,"potions_floor_spawned":[3,6,8],"killed_by":"3 Sentries","ascension_level":15}