{"gold_per_floor":[113,113,36,6,6,37,37,57,57,82,82,82,82,117,117,190,190,209,134,134,134,147,147,181,50,103,115,115,115,115,133,133,133],"floor_reached":33,"playtime":1077,"items_purged":["Strike_B+1"],"score":579,"play_id":"e2ee8f11-1f03-49d4-9ba6-afa2ef8ed289","local_time":"20190202131152","is_ascension_mode":true,"campfire_choices":[{"data":"Sunder","floor":7,"key":"SMITH"},{"data":"Zap","floor":11,"key":"SMITH"},{"floor":13,"key":"REST"},{"floor":15,"key":"REST"},{"floor":23,"key":"REST"},{"floor":28,"key":"REST"},{"floor":30,"key":"RECALL"},{"data":"Conserve Battery","floor":32,"key":"SMITH"}],"neow_cost":"TEN_PERCENT_HP_LOSS","seed_source_timestamp":3702487270538,"circlet_count":0,"master_deck":["AscendersBane","Strike_B+1","Strike_B+1","Defend_B+1","Defend_B+1","Defend_B+1","Defend_B+1","Zap+1","Dualcast","Ball Lightning","Sunder+1","Conserve Battery+1","BootSequence","Seek","Electrodynamics","Reinforced Body","Cold Snap","Conserve Battery"],"relics":["Cracked Core","Mango","Bag of Marbles","Pear","Omamori","Happy Flower","Sozu","Gambling Chip","Kunai"],"potions_floor_usage":[10,16,24,33],"damage_taken":[{"damage":10,"enemies":"Small Slimes","floor":1,"turns":3},{"damage":18,"enemies":"3 Sentries","floor":6,"turns":5},{"damage":0,"enemies":"Cultist","floor":8,"turns":2},{"damage":8,"enemies":"Gremlin Nob","floor":10,"turns":3},{"damage":25,"enemies":"Lagavulin","floor":14,"turns":5},{"damage":50,"enemies":"The Guardian","floor":16,"turns":11},{"damage":21,"enemies":"Shell Parasite","floor":18,"turns":4},{"damage":0,"enemies":"2 Thieves","floor":22,"turns":3},{"damage":33,"enemies":"Gremlin Leader","floor":24,"turns":8},{"damage":2,"enemies":"Centurion and Healer","floor":27,"turns":5},{"damage":2,"enemies":"Cultist and Chosen","floor":31,"turns":6},{"damage":75,"enemies":"Champ","floor":33,"turns":16}],"seed_played":"-8302229105013842555","potions_obtained":[{"floor":6,"key":"Fire Potion"},{"floor":10,"key":"EssenceOfSteel"},{"floor":14,"key":"Block Potion"},{"floor":16,"key":"PowerPotion"}],"is_trial":false,"path_per_floor":["M","?","$","$","?","E","R","M","T","E","R","?","R","E","R","B",null,"M","?","?","?","M","R","E","$","T","M","R","?","R","M","R","B"],"character_chosen":"DEFECT","items_purchased":["Sunder","Conserve Battery","Conserve Battery"],"campfire_rested":4,"item_purchase_floors":[3,4,25],"current_hp_per_floor":[68,68,68,68,73,55,55,55,65,57,57,57,84,59,86,36,79,58,58,58,58,58,85,52,52,52,50,77,77,77,75,75,0],"gold":133,"neow_bonus":"ONE_RARE_RELIC","is_prod":false,"is_daily":false,"chose_seed":false,"campfire_upgraded":3,"win_rate":0,"timestamp":1549141912,"path_taken":["M","?","?","$","?","E","R","?","T","E","R","?","R","E","R","BOSS","M","?","?","?","M","R","E","$","T","M","R","?","R","M","R","BOSS"],"build_version":"2019-01-23","purchased_purges":1,"victory":false,"max_hp_per_floor":[78,78,78,78,83,83,83,83,93,93,93,93,93,93,93,93,93,93,93,93,93,93,93,93,93,93,93,93,93,93,93,93,93],"card_choices":[{"not_picked":["Stack","Redo"],"picked":"Ball Lightning","floor":1},{"not_picked":["Turbo","Scrape","Go for the Eyes"],"picked":"SKIP","floor":6},{"not_picked":["Fusion","Steam","Leap"],"picked":"SKIP","floor":8},{"not_picked":["Force Field","Rebound"],"picked":"BootSequence","floor":10},{"not_picked":["Turbo","Cold Snap"],"picked":"Seek","floor":14},{"not_picked":["All For One","Biased Cognition"],"picked":"Electrodynamics","floor":16},{"not_picked":["Hologram","Beam Cell","Steam"],"picked":"SKIP","floor":18},{"not_picked":["Self Repair","Gash+1"],"picked":"Reinforced Body","floor":22},{"not_picked":["Rebound","Turbo"],"picked":"Cold Snap","floor":24},{"not_picked":["Barrage","Steam","Leap"],"picked":"SKIP","floor":27},{"not_picked":["Ball Lightning","Go for the Eyes","Steam+1"],"picked":"SKIP","floor":31}],"player_experience":698530,"relics_obtained":[{"floor":6,"key":"Bag of Marbles"},{"floor":9,"key":"Pear"},{"floor":10,"key":"Omamori"},{"floor":14,"key":"Happy Flower"},{"floor":24,"key":"Kunai"}],"event_choices":[{"damage_healed":0,"gold_gain":0,"player_choice":"0 cards matched","damage_taken":0,"max_hp_gain":0,"max_hp_loss":0,"event_name":"Match and Keep!","floor":2,"gold_loss":0,"cards_obtained":[]},{"damage_healed":0,"gold_gain":0,"player_choice":"Donut","damage_taken":0,"max_hp_gain":5,"max_hp_loss":0,"event_name":"Big Fish","floor":5,"gold_loss":0},{"damage_healed":0,"gold_gain":0,"player_choice":"Ignored","damage_taken":0,"max_hp_gain":0,"max_hp_loss":0,"event_name":"Liars Game","floor":12,"gold_loss":0},{"cards_removed":["Strike_B"],"damage_healed":0,"gold_gain":0,"player_choice":"Gave Gold","damage_taken":0,"max_hp_gain":0,"max_hp_loss":0,"event_name":"Beggar","floor":19,"gold_loss":75},{"damage_healed":0,"gold_gain":0,"player_choice":"Simplicity","damage_taken":0,"max_hp_gain":0,"max_hp_loss":0,"event_name":"Back to Basics","floor":20,"gold_loss":0,"cards_upgraded":["Strike_B","Strike_B","Strike_B","Defend_B","Defend_B","Defend_B","Defend_B"]},{"damage_healed":0,"gold_gain":0,"player_choice":"Opened","damage_taken":0,"relics_obtained":["Gambling Chip"],"max_hp_gain":0,"max_hp_loss":0,"event_name":"The Mausoleum","floor":21,"gold_loss":0,"cards_obtained":["Writhe"]},{"damage_healed":0,"gold_gain":0,"player_choice":"Ignored","damage_taken":0,"max_hp_gain":0,"max_hp_loss":0,"event_name":"Vampires","floor":29,"gold_loss":0}],"is_beta":false,"boss_relics":[{"not_picked":["Runic Dome","Calling Bell"],"picked":"Sozu"}],"items_purged_floors":[25],"is_endless":false,"potions_floor_spawned":[6,10,14,16,27,31],"killed_by":"Champ","ascension_level":20}