{"gold_per_floor":[113,113,124,142,142,156,170,199,248,281,281,308,308,343,343,343],"floor_reached":16,"playtime":783,"items_purged":[],"score":163,"play_id":"556ab160-1b03-48cc-989b-ded0580adfc8","local_time":"20190205203633","is_ascension_mode":true,"campfire_choices":[{"data":"Rampage","floor":13.0,"key":"SMITH"},{"data":"Bash","floor":15.0,"key":"SMITH"}],"neow_cost":"NONE","seed_source_timestamp":0,"circlet_count":0,"master_deck":["Strike_R","Strike_R","Strike_R","Defend_R","Defend_R","Defend_R","Defend_R","Bash+1","Metallicize","Battle Trance","Heavy Blade","Clash","Rampage+1","Whirlwind+1","Warcry+1"],"special_seed":0,"relics":["Burning Blood","Pen Nib","Red Skull","Molten Egg 2","Potion Belt","Toxic Egg 2"],"potions_floor_usage":[],"damage_taken":[{"damage":8.0,"enemies":"2 Louse","floor":1.0,"turns":3.0},{"damage":10.0,"enemies":"Cultist","floor":3.0,"turns":5.0},{"damage":1.0,"enemies":"Small Slimes","floor":4.0,"turns":4.0},{"damage":4.0,"enemies":"3 Louse","floor":6.0,"turns":5.0},{"damage":6.0,"enemies":"2 Fungi Beasts","floor":7.0,"turns":6.0},{"damage":17.0,"enemies":"3 Sentries","floor":8.0,"turns":10.0},{"damage":14.0,"enemies":"Lagavulin","floor":10.0,"turns":7.0},{"damage":7.0,"enemies":"3 Sentries","floor":12.0,"turns":7.0},{"damage":17.0,"enemies":"Lagavulin","floor":14.0,"turns":6.0},{"damage":64,"enemies":"Slime Boss","floor":16,"turns":5}],"seed_played":"-6313372494881937564","potions_obtained":[{"floor":1.0,"key":"BloodPotion"},{"floor":2.0,"key":"LiquidBronze"},{"floor":2.0,"key":"Fire Potion"},{"floor":2.0,"key":"SteroidPotion"},{"floor":7.0,"key":"Explosive Potion"},{"floor":10.0,"key":"Block Potion"},{"floor":12.0,"key":"SpeedPotion"},{"floor":14.0,"key":"Ancient Potion"}],"is_trial":false,"path_per_floor":["M","?","M","M","?","M","M","E","T","E","?","E","R","E","R","B"],"character_chosen":"IRONCLAD","items_purchased":[],"campfire_rested":0,"item_purchase_floors":[],"current_hp_per_floor":[78,78,74,79,79,80,80,69,69,61,61,60,60,49,49,0],"gold":343,"neow_bonus":"REMOVE_CARD","is_prod":false,"is_daily":false,"chose_seed":false,"campfire_upgraded":2,"win_rate":0,"timestamp":1549388193,"path_taken":["M","?","?","M","?","M","M","E","T","E","?","E","R","E","R","BOSS"],"build_version":"2019-01-23","purchased_purges":0,"victory":false,"max_hp_per_floor":[80,80,80,80,80,80,80,80,80,80,80,80,80,80,80,80],"card_choices":[{"not_picked":["Carnage","Fire Breathing","True Grit"],"picked":"SKIP","floor":1.0},{"not_picked":["Heavy Blade","Carnage"],"picked":"Metallicize","floor":3.0},{"not_picked":["Sever Soul","Combust"],"picked":"Battle Trance","floor":4.0},{"not_picked":["Flex","Clothesline"],"picked":"Heavy Blade","floor":6.0},{"not_picked":["Body Slam","Thunderclap"],"picked":"Clash","floor":7.0},{"not_picked":["Brutality","Flame Barrier"],"picked":"Rampage","floor":8.0},{"not_picked":["Thunderclap","Bloodletting","Power Through"],"picked":"SKIP","floor":10.0},{"not_picked":["Seeing Red","Thunderclap+1"],"picked":"Whirlwind+1","floor":12.0},{"not_picked":["Second Wind","Wild Strike+1"],"picked":"Warcry","floor":14.0}],"player_experience":257180,"relics_obtained":[{"floor":8.0,"key":"Pen Nib"},{"floor":9.0,"key":"Red Skull"},{"floor":10.0,"key":"Molten Egg 2"},{"floor":12.0,"key":"Potion Belt"},{"floor":14.0,"key":"Toxic Egg 2"}],"event_choices":[{"damage_healed":0.0,"max_hp_gain":0.0,"max_hp_loss":0.0,"gold_gain":0.0,"event_name":"Lab","player_choice":"Got Potions","floor":2.0,"gold_loss":0.0,"damage_taken":0.0},{"cards_removed":["Strike_R"],"damage_healed":0.0,"max_hp_gain":0.0,"max_hp_loss":0.0,"gold_gain":0.0,"event_name":"Living Wall","player_choice":"Forget","floor":5.0,"gold_loss":0.0,"damage_taken":0.0},{"damage_healed":0.0,"max_hp_gain":0.0,"max_hp_loss":0.0,"gold_gain":0.0,"event_name":"Liars Game","player_choice":"Ignored","floor":11.0,"gold_loss":0.0,"damage_taken":0.0}],"is_beta":false,"boss_relics":[],"items_purged_floors":[],"is_endless":false,"potions_floor_spawned":[1,7,10,12,14],"killed_by":"Slime Boss","ascension_level":5}