{"gold_per_floor":[114,39,39,39,55,90,90,106,106,106,119,119,29,52,52,176,176,201,201,10,25,25,65,65,90,117,117,117,128,143,168,168,264,264,277,152,168,182,182,182,210,210,281,291,2,19,19,31,31,31,31,31,31,31],"floor_reached":54,"playtime":4611,"items_purged":["Strike_B","Strike_B","Defend_B"],"score":989,"play_id":"a73739ed-3750-4ca1-9fc1-87748d835535","local_time":"20181120040852","is_ascension_mode":true,"campfire_choices":[{"floor":7,"key":"REST"},{"data":"Zap","floor":10,"key":"SMITH"},{"floor":12,"key":"REST"},{"data":"Fission","floor":15,"key":"SMITH"},{"data":"Defragment","floor":24,"key":"SMITH"},{"data":"Defragment","floor":28,"key":"SMITH"},{"floor":32,"key":"RECALL"},{"floor":40,"key":"REST"},{"floor":49,"key":"REST"},{"data":"Rainbow","floor":52,"key":"SMITH"}],"neow_cost":"NONE","seed_source_timestamp":47016899089597,"circlet_count":0,"master_deck":["Strike_B","Strike_B+1","Defend_B+1","Defend_B","Defend_B","Zap+1","Dualcast","Coolheaded+1","Barrage","All For One","Go for the Eyes","Self Repair","BootSequence+1","Biased Cognition","Hologram+1","Defragment+1","Reboot","Defragment+1","Rainbow+1","Capacitor","Recycle+1","Core Surge+1","Barrage+1","Reinforced Body+1","Stack+1","Ball Lightning+1","Rainbow","Barrage+1","Parasite","Conserve Battery+1"],"relics":["Cracked Core","PreservedInsect","Bloody Idol","Cables","Sozu","Nloth\u0027s Gift","Runic Capacitor","Molten Egg 2","Blue Candle","Inserter","Blood Vial","Bottled Lightning","War Paint"],"potions_floor_usage":[16,50,50],"damage_taken":[{"damage":0,"enemies":"2 Louse","floor":1,"turns":4},{"damage":0,"enemies":"Small Slimes","floor":5,"turns":3},{"damage":19,"enemies":"Lagavulin","floor":6,"turns":6},{"damage":0,"enemies":"Jaw Worm","floor":8,"turns":3},{"damage":5,"enemies":"Red Slaver","floor":11,"turns":2},{"damage":4,"enemies":"Looter","floor":14,"turns":3},{"damage":12,"enemies":"Slime Boss","floor":16,"turns":8},{"damage":13,"enemies":"Spheric Guardian","floor":18,"turns":4},{"damage":14,"enemies":"2 Thieves","floor":21,"turns":5},{"damage":18,"enemies":"Slavers","floor":23,"turns":4},{"damage":3,"enemies":"Cultist and Chosen","floor":25,"turns":4},{"damage":1,"enemies":"Shelled Parasite and Fungi","floor":29,"turns":5},{"damage":11,"enemies":"Centurion and Healer","floor":30,"turns":4},{"damage":4,"enemies":"Book of Stabbing","floor":31,"turns":4},{"damage":40,"enemies":"Collector","floor":33,"turns":10},{"damage":10,"enemies":"3 Shapes","floor":35,"turns":3},{"damage":10,"enemies":"Orb Walker","floor":37,"turns":3},{"damage":31,"enemies":"4 Shapes","floor":38,"turns":5},{"damage":40,"enemies":"Reptomancer","floor":41,"turns":5},{"damage":11,"enemies":"3 Darklings","floor":44,"turns":4},{"damage":21,"enemies":"Jaw Worm Horde","floor":46,"turns":4},{"damage":15,"enemies":"Writhing Mass","floor":48,"turns":4},{"damage":51,"enemies":"Time Eater","floor":50,"turns":7},{"damage":68,"enemies":"Shield and Spear","floor":54,"turns":4}],"seed_played":"1184824672841776587","potions_obtained":[{"floor":5,"key":"Weak Potion"},{"floor":8,"key":"Explosive Potion"},{"floor":14,"key":"PowerPotion"},{"floor":16,"key":"Regen Potion"}],"is_trial":false,"path_per_floor":["M","$","?","?","M","E","R","M","T","R","M","R","$","M","R","B",null,"M","?","$","M","?","E","R","M","T","?","R","M","M","E","R","B",null,"M","$","M","M","?","R","E","?","T","M","$","M","$","M","R","B",null,"R","$","E"],"character_chosen":"DEFECT","items_purchased":["Self Repair","Runic Capacitor","Rainbow","War Paint"],"campfire_rested":4,"item_purchase_floors":[13,20,45,45],"current_hp_per_floor":[68,68,50,35,35,16,38,38,38,38,33,55,55,51,51,46,68,62,62,62,55,55,44,44,48,48,48,48,59,60,68,68,40,66,68,68,70,51,51,73,45,45,50,53,53,39,39,38,60,23,62,62,62,0],"gold":31,"neow_bonus":"RANDOM_COMMON_RELIC","is_prod":false,"is_daily":false,"chose_seed":false,"campfire_upgraded":5,"win_rate":0,"timestamp":1542683332,"path_taken":["M","$","?","?","M","E","R","M","T","R","M","R","$","M","R","BOSS","M","?","$","?","?","E","R","M","T","?","R","M","M","E","R","BOSS","M","$","M","M","?","R","E","?","T","M","$","M","?","M","R","BOSS","R","$","E"],"build_version":"2018-11-15","purchased_purges":3,"victory":false,"max_hp_per_floor":[75,75,75,75,75,75,75,75,75,75,75,75,75,75,75,75,75,75,75,75,75,75,75,75,75,75,75,75,75,75,75,75,75,75,75,75,75,75,75,75,75,75,75,75,75,75,75,75,75,75,75,75,75,75],"card_choices":[{"not_picked":["Hologram","Melter"],"picked":"Coolheaded","floor":1},{"not_picked":["Beam Cell","Darkness"],"picked":"Barrage","floor":5},{"not_picked":["Static Discharge","Barrage"],"picked":"All For One","floor":6},{"not_picked":["Rebound","Hologram"],"picked":"Go for the Eyes","floor":8},{"not_picked":["Static Discharge","Compile Driver"],"picked":"Fission","floor":11},{"not_picked":["Rebound","Chaos"],"picked":"BootSequence","floor":14},{"not_picked":["Thunder Strike","Core Surge"],"picked":"Biased Cognition","floor":16},{"not_picked":["Gash","Streamline+1"],"picked":"Hologram+1","floor":18},{"not_picked":["Gash","Conserve Battery"],"picked":"Defragment","floor":21},{"not_picked":["Coolheaded","Cold Snap"],"picked":"Reboot","floor":23},{"not_picked":["Barrage+1","Redo+1"],"picked":"Defragment","floor":25},{"not_picked":["Hologram","Gash+1"],"picked":"Rainbow","floor":29},{"not_picked":["Stack","Machine Learning"],"picked":"Capacitor","floor":30},{"not_picked":["Reprogram","Aggregate"],"picked":"Recycle+1","floor":31},{"not_picked":["Machine Learning","Fission"],"picked":"Core Surge+1","floor":33},{"not_picked":["Conserve Battery","Sweeping Beam+1"],"picked":"Barrage+1","floor":35},{"not_picked":["Rebound+1","Double Energy+1"],"picked":"Reinforced Body+1","floor":37},{"not_picked":["Turbo+1","Streamline+1"],"picked":"Stack+1","floor":38},{"not_picked":["Barrage+1","Turbo+1"],"picked":"Ball Lightning+1","floor":41},{"not_picked":["Turbo","Rebound+1","Sweeping Beam+1"],"picked":"SKIP","floor":44},{"not_picked":["Leap+1","Amplify"],"picked":"Barrage+1","floor":46},{"not_picked":["Compile Driver+1","Redo"],"picked":"Conserve Battery+1","floor":48}],"player_experience":459121,"relics_obtained":[{"floor":6,"key":"Cables"},{"floor":9,"key":"Smiling Mask"},{"floor":23,"key":"Molten Egg 2"},{"floor":31,"key":"Blue Candle"},{"floor":41,"key":"Blood Vial"},{"floor":43,"key":"Bottled Lightning"}],"event_choices":[{"damage_healed":0,"gold_gain":0,"player_choice":"Take Damage","damage_taken":18,"relics_obtained":["Golden Idol"],"max_hp_gain":0,"max_hp_loss":0,"event_name":"Golden Idol","floor":3,"gold_loss":0},{"damage_healed":0,"gold_gain":0,"player_choice":"Entered Light","damage_taken":15,"max_hp_gain":0,"max_hp_loss":0,"event_name":"Shining Light","floor":4,"gold_loss":0,"cards_upgraded":["Coolheaded","Strike_B"]},{"damage_healed":0,"gold_gain":0,"player_choice":"Traded Relic","damage_taken":0,"relics_obtained":["Nloth\u0027s Gift"],"max_hp_gain":0,"max_hp_loss":0,"event_name":"N\u0027loth","floor":19,"relics_lost":["Smiling Mask"],"gold_loss":0},{"damage_healed":0,"gold_gain":0,"player_choice":"Ignored","damage_taken":0,"max_hp_gain":0,"max_hp_loss":0,"event_name":"Vampires","floor":22,"gold_loss":0},{"damage_healed":0,"gold_gain":0,"player_choice":"Gave Idol","damage_taken":0,"relics_obtained":["Bloody Idol"],"max_hp_gain":0,"max_hp_loss":0,"event_name":"Forgotten Altar","floor":27,"relics_lost":["Golden Idol"],"gold_loss":0},{"cards_removed":["Fission"],"damage_healed":0,"gold_gain":0,"player_choice":"Removed Skill","damage_taken":0,"max_hp_gain":0,"max_hp_loss":0,"event_name":"Falling","floor":39,"gold_loss":0},{"damage_healed":0,"gold_gain":0,"player_choice":"Ignored","damage_taken":0,"max_hp_gain":0,"max_hp_loss":0,"event_name":"Tomb of Lord Red Mask","floor":42,"gold_loss":0}],"is_beta":true,"boss_relics":[{"not_picked":["Astrolabe","Busted Crown"],"picked":"Sozu"},{"not_picked":["Calling Bell","Pandora\u0027s Box"],"picked":"Inserter"}],"items_purged_floors":[2,13,36],"is_endless":false,"potions_floor_spawned":[5,8,14,16,21,25,30,33,35,44,48],"killed_by":"Shield and Spear","ascension_level":9}