{"gold_per_floor":[110,121,21,36,51,82,97,172,253,266,286,64,64,64,64,141,141,158,158,173,223,237,237,251,251,274,274,294,294,313,329,329,402,402,418,518,518,48,68,68,83,83,83,83,118,42,59,78,78,78,78,78,4,36,36],"floor_reached":55,"playtime":3157,"items_purged":["Strike_B"],"score":1187,"play_id":"1a646db7-c9d6-4eee-9290-6d05cdfaac74","local_time":"20190116005211","is_ascension_mode":true,"campfire_choices":[{"floor":13,"key":"REST"},{"data":"Defragment","floor":15,"key":"SMITH"},{"floor":23,"key":"REST"},{"data":"Defragment","floor":25,"key":"SMITH"},{"data":"Blizzard","floor":27,"key":"SMITH"},{"floor":29,"key":"REST"},{"floor":32,"key":"REST"},{"floor":40,"key":"RECALL"},{"data":"Fission","floor":44,"key":"SMITH"},{"data":"Capacitor","floor":49,"key":"SMITH"},{"data":"Buffer","floor":52,"key":"SMITH"}],"neow_cost":"NONE","seed_source_timestamp":460099178404300,"circlet_count":0,"master_deck":["AscendersBane","Strike_B","Strike_B","Defend_B","Defend_B","Defend_B","Defend_B","Zap","Dualcast","Chaos","Fusion","Tempest","Glacier","Blizzard+1","White Noise","Defragment+1","Defragment+1","Buffer+1","Hologram","Glacier","Cold Snap","Redo","Auto Shields+1","Self Repair","Capacitor+1","Fission+1","Ball Lightning+1","Cold Snap","Compile Driver+1","Blizzard+1","Heatsinks","White Noise+1","Capacitor","Heatsinks"],"relics":["Cracked Core","NeowsBlessing","Boot","Turnip","Mummified Hand","Bag of Preparation","Bag of Marbles","Philosopher\u0027s Stone","MutagenicStrength","Potion Belt","Busted Crown","Incense Burner","Bottled Tornado","Oddly Smooth Stone","Regal Pillow","Art of War"],"potions_floor_usage":[10,10,30,33,45,45,48,50],"damage_taken":[{"damage":0,"enemies":"Cultist","floor":1,"turns":1},{"damage":0,"enemies":"Jaw Worm","floor":2,"turns":1},{"damage":0,"enemies":"Small Slimes","floor":4,"turns":1},{"damage":9,"enemies":"3 Louse","floor":5,"turns":3},{"damage":29,"enemies":"Lagavulin","floor":6,"turns":12},{"damage":1,"enemies":"Looter","floor":7,"turns":3},{"damage":11,"enemies":"Lots of Slimes","floor":10,"turns":4},{"damage":0,"enemies":"2 Fungi Beasts","floor":11,"turns":3},{"damage":16,"enemies":"Slime Boss","floor":16,"turns":12},{"damage":0,"enemies":"Shell Parasite","floor":18,"turns":4},{"damage":35,"enemies":"3 Byrds","floor":20,"turns":3},{"damage":13,"enemies":"Sentry and Sphere","floor":22,"turns":7},{"damage":0,"enemies":"Chosen and Byrds","floor":24,"turns":4},{"damage":18,"enemies":"Snake Plant","floor":28,"turns":4},{"damage":19,"enemies":"Shelled Parasite and Fungi","floor":30,"turns":5},{"damage":5,"enemies":"Centurion and Healer","floor":31,"turns":12},{"damage":11,"enemies":"Automaton","floor":33,"turns":8},{"damage":20,"enemies":"3 Darklings","floor":35,"turns":7},{"damage":0,"enemies":"Mind Bloom Boss Battle","floor":36,"turns":9},{"damage":0,"enemies":"Orb Walker","floor":39,"turns":3},{"damage":0,"enemies":"3 Darklings","floor":41,"turns":3},{"damage":0,"enemies":"Reptomancer","floor":45,"turns":6},{"damage":38,"enemies":"Spire Growth","floor":47,"turns":4},{"damage":0,"enemies":"Jaw Worm Horde","floor":48,"turns":4},{"damage":39,"enemies":"Time Eater","floor":50,"turns":13},{"damage":48,"enemies":"Shield and Spear","floor":54,"turns":9},{"damage":16,"enemies":"The Heart","floor":55,"turns":2}],"seed_played":"4625033339331030447","potions_obtained":[{"floor":4,"key":"LiquidBronze"},{"floor":5,"key":"Energy Potion"},{"floor":24,"key":"Block Potion"},{"floor":30,"key":"AttackPotion"},{"floor":33,"key":"Poison Potion"},{"floor":39,"key":"Poison Potion"},{"floor":45,"key":"SpeedPotion"},{"floor":47,"key":"Weak Potion"}],"is_trial":false,"path_per_floor":["M","M","?","M","M","E","M","?","T","M","M","$","R","?","R","B",null,"M","?","M","?","M","R","M","R","T","R","M","R","M","M","R","B",null,"M","?","?","$","M","R","M","?","T","R","E","$","M","M","R","B",null,"R","$","E","B"],"character_chosen":"DEFECT","items_purchased":["Defragment","Bag of Preparation","Bottled Tornado","Oddly Smooth Stone","Heatsinks","Capacitor"],"campfire_rested":4,"item_purchase_floors":[12,12,38,38,46,53],"current_hp_per_floor":[64,64,64,64,55,26,25,14,14,3,3,3,24,19,19,3,54,54,54,19,19,6,27,27,27,27,27,9,30,11,13,34,37,63,50,57,57,57,57,57,57,57,57,57,64,64,33,40,40,8,55,55,55,14,0],"gold":36,"neow_bonus":"THREE_ENEMY_KILL","is_prod":false,"is_daily":false,"chose_seed":false,"campfire_upgraded":6,"win_rate":0,"timestamp":1547628731,"path_taken":["M","?","?","M","?","E","M","?","T","M","M","$","R","?","R","BOSS","M","?","M","?","M","R","M","R","T","R","M","R","M","?","R","BOSS","M","?","?","$","?","R","M","?","T","R","E","?","M","M","R","BOSS","R","$","E","BOSS"],"build_version":"2019-01-10","purchased_purges":1,"victory":false,"max_hp_per_floor":[71,71,71,71,71,71,71,71,71,71,71,71,71,71,71,71,71,71,71,71,71,71,71,71,71,71,71,71,71,71,71,71,71,71,71,71,71,71,71,71,71,71,71,71,71,71,71,71,71,71,71,71,71,71,71],"card_choices":[{"not_picked":["Steam","Beam Cell"],"picked":"Chaos","floor":1},{"not_picked":["Turbo","Stack"],"picked":"Fusion","floor":2},{"not_picked":["Steam","Beam Cell"],"picked":"Tempest","floor":4},{"not_picked":["Coolheaded","Steam"],"picked":"Glacier","floor":5},{"not_picked":["Doom and Gloom","White Noise"],"picked":"Blizzard","floor":6},{"not_picked":["Steam","Gash"],"picked":"White Noise","floor":7},{"not_picked":["Consume","Go for the Eyes"],"picked":"Defragment","floor":10},{"not_picked":["Recycle","Fusion","Go for the Eyes"],"picked":"SKIP","floor":11},{"not_picked":["Core Surge","Reboot"],"picked":"Buffer","floor":16},{"not_picked":["FTL","Rebound"],"picked":"Hologram","floor":18},{"not_picked":["Conserve Battery","Rebound"],"picked":"Glacier","floor":20},{"not_picked":["Genetic Algorithm","Leap"],"picked":"Cold Snap","floor":22},{"not_picked":["Streamline","FTL"],"picked":"Redo","floor":24},{"not_picked":["Cold Snap","Go for the Eyes"],"picked":"Auto Shields+1","floor":28},{"not_picked":["Conserve Battery","Force Field"],"picked":"Self Repair","floor":30},{"not_picked":["Double Energy","Storm"],"picked":"Capacitor","floor":31},{"not_picked":["Biased Cognition","All For One"],"picked":"Fission","floor":33},{"not_picked":[],"picked":"Ball Lightning+1","floor":35},{"not_picked":[],"picked":"Cold Snap","floor":36},{"not_picked":[],"picked":"Compile Driver+1","floor":39},{"not_picked":["Go for the Eyes+1"],"picked":"SKIP","floor":41},{"not_picked":[],"picked":"Blizzard+1","floor":45},{"not_picked":[],"picked":"White Noise+1","floor":47},{"not_picked":["Gash+1"],"picked":"SKIP","floor":48},{"not_picked":[],"picked":"Heatsinks","floor":54}],"player_experience":486785,"relics_obtained":[{"floor":6,"key":"Turnip"},{"floor":9,"key":"Mummified Hand"},{"floor":26,"key":"Potion Belt"},{"floor":36,"key":"Incense Burner"},{"floor":45,"key":"Regal Pillow"},{"floor":54,"key":"Art of War"}],"event_choices":[{"damage_healed":0,"gold_gain":0,"player_choice":"Paid Gold","damage_taken":0,"relics_obtained":["Boot"],"max_hp_gain":0,"max_hp_loss":0,"event_name":"WeMeetAgain","floor":3,"gold_loss":100},{"damage_healed":0,"gold_gain":75,"player_choice":"Gather Gold","damage_taken":11,"max_hp_gain":0,"max_hp_loss":0,"event_name":"World of Goop","floor":8,"gold_loss":0},{"damage_healed":0,"gold_gain":0,"player_choice":"Success","damage_taken":5,"relics_obtained":["Bag of Marbles"],"max_hp_gain":0,"max_hp_loss":0,"event_name":"Scrap Ooze","floor":14,"gold_loss":0},{"damage_healed":0,"gold_gain":0,"player_choice":"Inject Mutagens","damage_taken":0,"relics_obtained":["MutagenicStrength"],"max_hp_gain":0,"max_hp_loss":0,"event_name":"Drug Dealer","floor":19,"gold_loss":0},{"damage_healed":0,"gold_gain":50,"player_choice":"Pray","damage_taken":0,"max_hp_gain":0,"max_hp_loss":0,"event_name":"Golden Shrine","floor":21,"gold_loss":0},{"damage_healed":0,"gold_gain":0,"player_choice":"Fight","damage_taken":0,"max_hp_gain":0,"max_hp_loss":0,"event_name":"MindBloom","floor":36,"gold_loss":0},{"cards_removed":["Strike_B"],"damage_healed":0,"gold_gain":0,"player_choice":"Purged","damage_taken":0,"max_hp_gain":0,"max_hp_loss":0,"event_name":"Purifier","floor":37,"gold_loss":0},{"damage_healed":0,"gold_gain":0,"player_choice":"Leave","damage_taken":0,"max_hp_gain":0,"max_hp_loss":0,"event_name":"FaceTrader","floor":42,"gold_loss":0}],"is_beta":false,"boss_relics":[{"not_picked":["Runic Pyramid","White Beast Statue"],"picked":"Philosopher\u0027s Stone"},{"not_picked":["Velvet Choker","Black Star"],"picked":"Busted Crown"}],"items_purged_floors":[38],"is_endless":false,"potions_floor_spawned":[4,5,7,24,30,33,39,45,47],"killed_by":"The Heart","ascension_level":15}