{"gold_per_floor":[116,131,131,148,158,158,158,83,160,174,174,174,174,208,208,208],"floor_reached":16,"playtime":413,"items_purged":["Strike_R"],"score":105,"play_id":"ec8ee51b-be82-43e4-996b-f5ed544857ed","local_time":"20190128185119","is_ascension_mode":true,"campfire_choices":[{"data":"Flame Barrier","floor":6,"key":"SMITH"},{"floor":13,"key":"REST"},{"floor":15,"key":"REST"}],"neow_cost":"NONE","seed_source_timestamp":1697680301675038,"circlet_count":0,"master_deck":["Strike_R","Strike_R","Strike_R","Strike_R","Defend_R+1","Defend_R+1","Defend_R","Defend_R+1","Bash+1","Flame Barrier+1"],"relics":["Burning Blood","Matryoshka","Omamori","War Paint"],"potions_floor_usage":[],"damage_taken":[{"damage":8,"enemies":"Jaw Worm","floor":1,"turns":4},{"damage":0,"enemies":"Small Slimes","floor":2,"turns":4},{"damage":6,"enemies":"Cultist","floor":4,"turns":4},{"damage":27,"enemies":"Large Slime","floor":5,"turns":9},{"damage":2,"enemies":"Looter","floor":10,"turns":5},{"damage":37,"enemies":"Lagavulin","floor":14,"turns":9},{"damage":35,"enemies":"Slime Boss","floor":16,"turns":4}],"seed_played":"-1186442185565804690","potions_obtained":[{"floor":1,"key":"SteroidPotion"},{"floor":5,"key":"Energy Potion"}],"is_trial":false,"path_per_floor":["M","M","?","M","M","R","?","$","T","M","?","?","R","E","R","B"],"character_chosen":"IRONCLAD","items_purchased":[],"campfire_rested":2,"item_purchase_floors":[],"current_hp_per_floor":[78,80,85,85,64,64,64,64,64,68,51,51,76,45,70,35],"gold":208,"neow_bonus":"THREE_CARDS","is_prod":false,"is_daily":false,"chose_seed":false,"campfire_upgraded":1,"win_rate":0,"timestamp":1548719479,"path_taken":["M","M","?","M","M","R","?","$","T","M","?","?","R","E","R","BOSS"],"build_version":"2019-01-23","purchased_purges":1,"victory":false,"max_hp_per_floor":[80,80,85,85,85,85,85,85,85,85,85,85,85,85,85,85],"card_choices":[{"not_picked":["Rage","Ghostly Armor","Twin Strike"],"picked":"SKIP","floor":1},{"not_picked":["Heavy Blade","Havoc"],"picked":"Flame Barrier","floor":2},{"not_picked":["Seeing Red","Whirlwind","Flex"],"picked":"SKIP","floor":4},{"not_picked":["Intimidate","Cleave","Burning Pact"],"picked":"SKIP","floor":5},{"not_picked":["Cleave","Entrench","Sever Soul"],"picked":"SKIP","floor":10},{"not_picked":["Sentinel","Pommel Strike","True Grit"],"picked":"SKIP","floor":14}],"player_experience":526421,"relics_obtained":[{"floor":9,"key":"Matryoshka"},{"floor":14,"key":"War Paint"}],"event_choices":[{"damage_healed":0,"gold_gain":0,"player_choice":"Donut","damage_taken":0,"max_hp_gain":5,"max_hp_loss":0,"event_name":"Big Fish","floor":3,"gold_loss":0},{"damage_healed":0,"gold_gain":0,"player_choice":"Ignored","damage_taken":0,"max_hp_gain":0,"max_hp_loss":0,"event_name":"Liars Game","floor":7,"gold_loss":0},{"damage_healed":0,"gold_gain":0,"player_choice":"Entered Light","damage_taken":17,"max_hp_gain":0,"max_hp_loss":0,"event_name":"Shining Light","floor":11,"gold_loss":0,"cards_upgraded":["Defend_R","Bash"]},{"damage_healed":0,"gold_gain":0,"player_choice":"Gave Potion","damage_taken":0,"relics_obtained":["Omamori"],"max_hp_gain":0,"max_hp_loss":0,"event_name":"WeMeetAgain","floor":12,"gold_loss":0}],"is_beta":true,"boss_relics":[],"items_purged_floors":[8],"is_endless":false,"potions_floor_spawned":[1,5],"killed_by":"Slime Boss","ascension_level":1}