{"path_per_floor":["M","?","M","$","M","R","E","R","T","E","$","?","M","?","R","B",null,"M","M","$","?","T","M","R","M","T","?","M"],"character_chosen":"IRONCLAD","items_purchased":["True Grit","True Grit"],"gold_per_floor":[19,19,31,8,18,18,53,53,77,109,34,34,46,46,46,150,150,161,179,33,33,59,77,77,97,97,97,113,113],"floor_reached":29,"campfire_rested":0,"playtime":3756,"current_hp_per_floor":[80,80,80,80,80,80,80,80,80,80,80,80,80,80,80,68,80,80,77,77,77,77,61,61,51,51,35,19,0],"items_purged":["Power Through","Defend_R"],"gold":113,"score":233,"play_id":"5b344cf6-356b-45b7-b9f7-17d404020546","local_time":"20180406185942","is_prod":false,"is_daily":false,"is_ascension_mode":false,"campfire_upgraded":4,"timestamp":1523033982,"path_taken":["M","?","M","$","?","R","E","R","T","E","$","?","M","?","R","BOSS","M","M","$","?","?","M","R","M","T","?","M","M"],"build_version":"2018-04-05v2","purchased_purges":2,"victory":false,"master_deck":["Strike_R","Strike_R","Strike_R","Strike_R","Defend_R","Defend_R","Battle Trance","Warcry+1","Armaments+1","Metallicize+1","Shrug It Off","True Grit+1","Pommel Strike+1","Dark Embrace","Headbutt","Bloodletting+1","Double Tap+1","Shrug It Off+1","Flex+1","True Grit+1","Fire Breathing+1","Headbutt","Necronomicurse","Burning Pact+1"],"max_hp_per_floor":[80,80,80,80,80,80,80,80,80,80,80,80,80,80,80,80,80,80,80,80,80,80,80,80,80,80,80,80,80],"relics":["Burning Blood","Toxic Egg 2","Lantern","Juzu Bracelet","Black Star","Orichalcum","Bag of Preparation","Necronomicon"],"card_choices":[{"not_picked":["Carnage","Blood for Blood"],"picked":"Warcry","floor":1},{"not_picked":["Rupture","Heavy Blade"],"picked":"Shrug It Off","floor":3},{"not_picked":["Intimidate","Flex"],"picked":"Pommel Strike","floor":5},{"not_picked":["Ghostly Armor","Iron Wave"],"picked":"Dark Embrace","floor":7},{"not_picked":["Flex","Anger"],"picked":"Headbutt","floor":10},{"not_picked":["Cleave","Hemokinesis"],"picked":"Bloodletting","floor":13},{"not_picked":["Berserk","Feed"],"picked":"Double Tap","floor":16},{"not_picked":["Combust","Perfected Strike"],"picked":"Shrug It Off","floor":18},{"not_picked":["Cleave","Headbutt"],"picked":"Flex","floor":19},{"not_picked":["Whirlwind","Intimidate"],"picked":"Fire Breathing","floor":23},{"not_picked":["Whirlwind","Second Wind"],"picked":"Headbutt","floor":25},{"not_picked":["Pommel Strike","Metallicize"],"picked":"Burning Pact","floor":28}],"player_experience":14215,"potions_floor_usage":[16,16,29],"damage_taken":[{"damage":3,"enemies":"Jaw Worm","floor":1,"turns":5},{"damage":4,"enemies":"Cultist","floor":3,"turns":4},{"damage":0,"enemies":"Small Slimes","floor":5,"turns":4},{"damage":3,"enemies":"Lagavulin","floor":7,"turns":9},{"damage":4,"enemies":"3 Sentries","floor":10,"turns":9},{"damage":5,"enemies":"Red Slaver","floor":13,"turns":6},{"damage":18,"enemies":"Slime Boss","floor":16,"turns":14},{"damage":2,"enemies":"Spheric Guardian","floor":18,"turns":4},{"damage":9,"enemies":"2 Thieves","floor":19,"turns":5},{"damage":22,"enemies":"Slaver and Parasite","floor":23,"turns":7},{"damage":16,"enemies":"Cultist and Chosen","floor":25,"turns":10},{"damage":22,"enemies":"Snake Plant","floor":28,"turns":5},{"damage":22,"enemies":"Snecko","floor":29,"turns":4}],"event_choices":[{"event_name":"Match and Keep!","player_choice":"2 cards matched","floor":2,"damage_taken":0},{"event_name":"Bonfire Elementals","player_choice":"BASIC","floor":12,"damage_taken":0},{"event_name":"Upgrade Shrine","player_choice":"Upgraded","floor":14,"damage_taken":0},{"event_name":"Vampires","player_choice":"Ignored","floor":21,"damage_taken":0},{"event_name":"Cursed Tome","player_choice":"Obtained Book","floor":27,"damage_taken":0}],"boss_relics":[{"not_picked":["Runic Pyramid","Runic Dome"],"picked":"Black Star"}],"potions_floor_spawned":[3,5,13,28],"seed_played":"-1292533095850376738","killed_by":"Snecko","ascension_level":0,"is_trial":false}