{"gold_per_floor":[119,138,138,158,176,176,205,9,9,24,24,89,105,115,115,115],"floor_reached":16,"playtime":683,"items_purged":["Strike_R"],"score":187,"play_id":"1d41e2db-2c79-47fd-8b62-94870c4dcd48","local_time":"20190110200608","is_ascension_mode":true,"campfire_choices":[{"data":"Bash","floor":6,"key":"SMITH"},{"data":"Inflame","floor":11,"key":"SMITH"},{"data":"Battle Trance","floor":15,"key":"SMITH"}],"neow_cost":"NONE","seed_source_timestamp":146611729621410,"circlet_count":0,"master_deck":["AscendersBane","Strike_R","Strike_R","Strike_R","Strike_R","Defend_R","Defend_R","Defend_R","Defend_R","Bash+1","Dramatic Entrance","Shrug It Off+1","Corruption","Headbutt","Battle Trance+1","Feel No Pain","Seeing Red","Inflame+1","Brutality"],"relics":["Burning Blood","StoneCalendar","Sundial","Blue Candle"],"potions_floor_usage":[12,13,13],"damage_taken":[{"damage":1,"enemies":"Cultist","floor":1,"turns":3},{"damage":0,"enemies":"Small Slimes","floor":2,"turns":2},{"damage":7,"enemies":"Jaw Worm","floor":4,"turns":4},{"damage":9,"enemies":"2 Fungi Beasts","floor":5,"turns":4},{"damage":52,"enemies":"Gremlin Nob","floor":7,"turns":5},{"damage":4,"enemies":"Red Slaver","floor":10,"turns":3},{"damage":26,"enemies":"Gremlin Nob","floor":12,"turns":4},{"damage":4,"enemies":"Gremlin Gang","floor":13,"turns":5},{"damage":0,"enemies":"Lots of Slimes","floor":14,"turns":3},{"damage":0,"enemies":"Hexaghost","floor":16,"turns":1}],"seed_played":"4441966635790007657","potions_obtained":[{"floor":2,"key":"EssenceOfSteel"},{"floor":10,"key":"Fire Potion"},{"floor":12,"key":"EssenceOfSteel"},{"floor":14,"key":"Weak Potion"}],"is_trial":false,"path_per_floor":["M","M","?","M","M","R","E","$","T","M","R","?","M","M","R","B"],"character_chosen":"IRONCLAD","items_purchased":["Feel No Pain","Seeing Red"],"campfire_rested":0,"item_purchase_floors":[8,8],"current_hp_per_floor":[73,75,75,74,71,71,25,25,25,27,27,7,9,15,15,15],"gold":115,"neow_bonus":"RANDOM_COLORLESS","is_prod":false,"is_daily":false,"chose_seed":false,"campfire_upgraded":3,"win_rate":0,"timestamp":1547168768,"path_taken":["M","M","?","M","M","R","E","$","T","M","R","?","M","M","R","BOSS"],"build_version":"2019-01-09","purchased_purges":1,"victory":false,"max_hp_per_floor":[75,75,75,75,75,75,75,75,75,75,75,75,75,75,75,75],"card_choices":[{"not_picked":["Second Wind","Flex"],"picked":"Shrug It Off","floor":1},{"not_picked":["Warcry","Sever Soul"],"picked":"Corruption","floor":2},{"not_picked":["Perfected Strike","Reckless Charge"],"picked":"Headbutt","floor":4},{"not_picked":["Corruption","Whirlwind","Havoc"],"picked":"SKIP","floor":5},{"not_picked":["Flame Barrier","Anger"],"picked":"Battle Trance","floor":7},{"not_picked":["Cleave","Shrug It Off"],"picked":"Inflame","floor":10},{"not_picked":["Headbutt","Perfected Strike"],"picked":"Brutality","floor":12},{"not_picked":["Warcry","Infernal Blade","Thunderclap"],"picked":"SKIP","floor":13},{"not_picked":["Bloodletting","Thunderclap","Clothesline"],"picked":"SKIP","floor":14}],"player_experience":450296,"relics_obtained":[{"floor":7,"key":"StoneCalendar"},{"floor":9,"key":"Sundial"},{"floor":12,"key":"Blue Candle"}],"event_choices":[{"damage_healed":0,"gold_gain":0,"player_choice":"Grow","damage_taken":0,"max_hp_gain":0,"max_hp_loss":0,"event_name":"Living Wall","floor":3,"gold_loss":0,"cards_upgraded":["Shrug It Off"]},{"damage_healed":0,"gold_gain":0,"player_choice":"Searched \u00271\u0027 times","damage_taken":0,"max_hp_gain":0,"max_hp_loss":0,"event_name":"Dead Adventurer","floor":12,"gold_loss":0}],"is_beta":true,"boss_relics":[],"items_purged_floors":[8],"is_endless":false,"potions_floor_spawned":[2,10,12,14],"killed_by":"Hexaghost","ascension_level":16}