{"gold_per_floor":[111,186,254,268,36,36,52,82,108,383,45,55,55,69,69,168,168,188,170,170,170,188,188,188,216,216,234,234,245,190,190,190,291,291,309,309,309,329,352,683,699,699,699,716,85,120,120,130,130,130,130,130,11,44,44],"floor_reached":55,"playtime":5072,"items_purged":["Headbutt+1"],"score":795,"play_id":"a0f2ba98-d420-4cc6-b797-a3b9a0c6203b","local_time":"20190305223609","is_ascension_mode":false,"campfire_choices":[{"floor":6.0,"key":"RECALL"},{"data":"Corruption","floor":13.0,"key":"SMITH"},{"floor":15.0,"key":"REST"},{"data":"Infernal Blade","floor":24.0,"key":"SMITH"},{"floor":28.0,"key":"REST"},{"floor":32.0,"key":"REST"},{"floor":42.0,"key":"REST"},{"floor":49.0,"key":"REST"},{"floor":52.0,"key":"REST"}],"neow_cost":"NONE","seed_source_timestamp":0,"circlet_count":0,"master_deck":["Defend_R","Defend_R+1","Defend_R","Defend_R","Bash","Infernal Blade+1","Feel No Pain","Purity","Infernal Blade+1","Sever Soul","Dropkick","Bludgeon","Finesse","Corruption+1","Second Wind+1","Demon Form","Disarm","Bite","Bite","Bite","Bite","Seeing Red","Fiend Fire","Feel No Pain","Corruption","Reaper","Sever Soul+1","Dark Shackles","Disarm","Infernal Blade+1","Rage","Parasite","Seeing Red+1","Feel No Pain","Sadistic Nature","Rampage+1","Seeing Red","Sentinel","Cleave+1"],"special_seed":0,"relics":["Runic Pyramid","Question Card","Turnip","Bottled Lightning","Empty Cage","Lantern","Centennial Puzzle","Bottled Tornado","Tiny Chest","Fusion Hammer","War Paint","Old Coin","Pear","Calipers","Mercury Hourglass","Dodecahedron"],"potions_floor_usage":[55],"damage_taken":[{"damage":5.0,"enemies":"Small Slimes","floor":1.0,"turns":3.0},{"damage":16.0,"enemies":"Jaw Worm","floor":4.0,"turns":4.0},{"damage":6.0,"enemies":"Cultist","floor":7.0,"turns":3.0},{"damage":16.0,"enemies":"Gremlin Nob","floor":8.0,"turns":4.0},{"damage":7.0,"enemies":"2 Fungi Beasts","floor":12.0,"turns":3.0},{"damage":6.0,"enemies":"Large Slime","floor":14.0,"turns":6.0},{"damage":27.0,"enemies":"Hexaghost","floor":16.0,"turns":8.0},{"damage":10.0,"enemies":"Shell Parasite","floor":18.0,"turns":3.0},{"damage":19.0,"enemies":"2 Thieves","floor":19.0,"turns":4.0},{"damage":22.0,"enemies":"Centurion and Healer","floor":22.0,"turns":6.0},{"damage":28.0,"enemies":"Gremlin Leader","floor":25.0,"turns":6.0},{"damage":9.0,"enemies":"Snake Plant","floor":27.0,"turns":4.0},{"damage":10.0,"enemies":"Cultist and Chosen","floor":29.0,"turns":7.0},{"damage":1.0,"enemies":"Champ","floor":33.0,"turns":9.0},{"damage":12.0,"enemies":"Orb Walker","floor":35.0,"turns":5.0},{"damage":40.0,"enemies":"3 Shapes","floor":38.0,"turns":4.0},{"damage":24.0,"enemies":"Reptomancer","floor":40.0,"turns":7.0},{"damage":25.0,"enemies":"Transient","floor":41.0,"turns":5.0},{"damage":0.0,"enemies":"Writhing Mass","floor":44.0,"turns":7.0},{"damage":10.0,"enemies":"Nemesis","floor":46.0,"turns":5.0},{"damage":23.0,"enemies":"Spire Growth","floor":48.0,"turns":6.0},{"damage":60.0,"enemies":"Time Eater","floor":50.0,"turns":11.0},{"damage":72.0,"enemies":"Shield and Spear","floor":54.0,"turns":8.0},{"damage":75,"enemies":"The Heart","floor":55,"turns":3}],"seed_played":"329246040885790477","potions_obtained":[{"floor":1.0,"key":"Fruit Juice"},{"floor":7.0,"key":"FairyPotion"},{"floor":8.0,"key":"BloodPotion"},{"floor":25.0,"key":"SteroidPotion"},{"floor":29.0,"key":"Fire Potion"},{"floor":33.0,"key":"GamblersBrew"},{"floor":41.0,"key":"SkillPotion"},{"floor":46.0,"key":"Ancient Potion"},{"floor":48.0,"key":"Swift Potion"}],"is_trial":false,"path_per_floor":["M","?","T","M","$","R","M","E","T","?","$","M","R","M","R","B",null,"M","M","?","?","M","?","R","E","T","M","R","M","?","?","R","B",null,"M","?","?","M","T","E","M","R","T","M","$","E","?","M","R","B",null,"R","$","E","B"],"character_chosen":"IRONCLAD","items_purchased":["Purity","Infernal Blade","Sever Soul","Bottled Lightning","Finesse","Calipers","Feel No Pain","Sadistic Nature","Sentinel","Strength Potion"],"campfire_rested":6,"item_purchase_floors":[5,5,5,11,11,45,45,45,53,53],"current_hp_per_floor":[75,64,64,53,53,53,47,31,31,31,31,24,24,26,51,24,85,75,56,56,56,42,42,42,20,20,15,32,32,32,22,41,48,64,56,56,56,22,22,32,27,46,56,72,72,70,70,63,74,34,74,74,74,21,0],"gold":44,"neow_bonus":"BOSS_RELIC","is_prod":false,"is_daily":false,"chose_seed":false,"campfire_upgraded":2,"win_rate":0,"timestamp":1551792969,"path_taken":["M","?","?","M","$","R","M","E","T","?","$","M","R","?","R","BOSS","M","M","?","?","M","?","R","E","T","?","R","M","?","?","R","BOSS","M","?","?","M","?","E","M","R","T","?","$","E","?","M","R","BOSS","R","$","E","BOSS"],"build_version":"2019-01-23","purchased_purges":1,"victory":false,"max_hp_per_floor":[80,80,80,85,85,85,85,85,85,85,85,85,85,85,85,85,85,85,85,59,59,59,59,59,59,59,59,59,59,59,64,64,64,64,64,64,64,64,64,64,64,64,74,74,74,74,74,74,74,74,74,74,74,74,74],"card_choices":[{"not_picked":["Thunderclap","Carnage"],"picked":"Infernal Blade","floor":1.0},{"not_picked":["Heavy Blade","Iron Wave","Wild Strike"],"picked":"Feel No Pain","floor":4.0},{"not_picked":["Headbutt","Heavy Blade","Twin Strike"],"picked":"Dropkick","floor":7.0},{"not_picked":["Immolate","Bloodletting","Intimidate"],"picked":"Bludgeon","floor":8.0},{"not_picked":["Pommel Strike","Twin Strike","Thunderclap"],"picked":"Corruption","floor":12.0},{"not_picked":["Headbutt","Clash","Flex"],"picked":"Second Wind","floor":14.0},{"not_picked":["Double Tap","Barricade","Limit Break"],"picked":"Demon Form","floor":16.0},{"not_picked":["Iron Wave","Clothesline","Infernal Blade"],"picked":"Disarm","floor":18.0},{"not_picked":["Ghostly Armor","Heavy Blade","Sever Soul"],"picked":"Headbutt+1","floor":19.0},{"not_picked":["Havoc","Evolve","Power Through"],"picked":"Seeing Red","floor":22.0},{"not_picked":["Clothesline","Iron Wave","Uppercut"],"picked":"Fiend Fire","floor":25.0},{"not_picked":["Anger+1","Corruption","Sword Boomerang"],"picked":"Feel No Pain","floor":27.0},{"not_picked":["Clash","Twin Strike","Thunderclap"],"picked":"Corruption","floor":29.0},{"not_picked":["Bludgeon","Brutality","Offering"],"picked":"Reaper","floor":33.0},{"not_picked":["Perfected Strike","Fire Breathing","Sword Boomerang+1"],"picked":"Sever Soul+1","floor":35.0},{"not_picked":["Blind","Bandage Up","HandOfGreed"],"picked":"Dark Shackles","floor":37.0},{"not_picked":["Perfected Strike","Anger","Pommel Strike"],"picked":"Disarm","floor":38.0},{"not_picked":["Corruption+1","Body Slam","Flame Barrier+1"],"picked":"Infernal Blade+1","floor":40.0},{"not_picked":["Clash+1","Flex+1","Heavy Blade+1"],"picked":"Rage","floor":41.0},{"not_picked":["Evolve","Anger","Sword Boomerang"],"picked":"Seeing Red+1","floor":44.0},{"not_picked":["Power Through+1","Cleave","Heavy Blade"],"picked":"Rampage+1","floor":46.0},{"not_picked":["Headbutt","Anger+1","Berserk"],"picked":"Seeing Red","floor":48.0},{"not_picked":["Clothesline+1","Berserk","Anger"],"picked":"Cleave+1","floor":54.0}],"player_experience":94648,"relics_obtained":[{"floor":3.0,"key":"Question Card"},{"floor":8.0,"key":"Turnip"},{"floor":25.0,"key":"Centennial Puzzle"},{"floor":26.0,"key":"Bottled Tornado"},{"floor":39.0,"key":"War Paint"},{"floor":40.0,"key":"Old Coin"},{"floor":43.0,"key":"Pear"},{"floor":46.0,"key":"Mercury Hourglass"},{"floor":54.0,"key":"Dodecahedron"}],"event_choices":[{"damage_healed":0.0,"max_hp_gain":0.0,"max_hp_loss":0.0,"gold_gain":75.0,"event_name":"World of Goop","player_choice":"Gather Gold","floor":2.0,"gold_loss":0.0,"damage_taken":11.0},{"damage_healed":0.0,"max_hp_gain":0.0,"max_hp_loss":0.0,"gold_gain":275.0,"event_name":"Golden Shrine","player_choice":"Desecrate","floor":10.0,"gold_loss":0.0,"damage_taken":0.0,"cards_obtained":["Regret"]},{"damage_healed":0.0,"max_hp_gain":0.0,"max_hp_loss":26.0,"gold_gain":0.0,"event_name":"Vampires","player_choice":"Became a vampire","floor":20.0,"gold_loss":0.0,"damage_taken":0.0,"cards_obtained":["Bite","Bite","Bite","Bite","Bite"]},{"damage_healed":0.0,"max_hp_gain":0.0,"max_hp_loss":0.0,"gold_gain":0.0,"event_name":"The Mausoleum","player_choice":"Opened","floor":21.0,"gold_loss":0.0,"damage_taken":0.0,"relics_obtained":["Lantern"]},{"damage_healed":0.0,"max_hp_gain":0.0,"max_hp_loss":0.0,"gold_gain":0.0,"event_name":"Upgrade Shrine","player_choice":"Upgraded","floor":23.0,"gold_loss":0.0,"damage_taken":0.0,"cards_upgraded":["Infernal Blade"]},{"damage_healed":0.0,"max_hp_gain":0.0,"max_hp_loss":0.0,"gold_gain":0.0,"event_name":"Addict","player_choice":"Obtained Relic","floor":30.0,"gold_loss":85.0,"damage_taken":0.0,"relics_obtained":["Tiny Chest"]},{"damage_healed":0.0,"max_hp_gain":5.0,"max_hp_loss":0.0,"gold_gain":0.0,"event_name":"Forgotten Altar","player_choice":"Shed Blood","floor":31.0,"gold_loss":0.0,"damage_taken":15.0},{"damage_healed":0.0,"max_hp_gain":0.0,"max_hp_loss":0.0,"gold_gain":0.0,"event_name":"Tomb of Lord Red Mask","player_choice":"Ignored","floor":36.0,"gold_loss":0.0,"damage_taken":0.0},{"damage_healed":0.0,"max_hp_gain":0.0,"max_hp_loss":0.0,"gold_gain":0.0,"event_name":"SensoryStone","player_choice":"Memory 1","floor":37.0,"gold_loss":0.0,"damage_taken":0.0},{"cards_removed":["Bite"],"damage_healed":0.0,"max_hp_gain":0.0,"max_hp_loss":0.0,"gold_gain":0.0,"event_name":"Falling","player_choice":"Removed Attack","floor":47.0,"gold_loss":0.0,"damage_taken":0.0}],"is_beta":false,"boss_relics":[{"not_picked":["Velvet Choker","Mark of Pain"],"picked":"Empty Cage"},{"not_picked":["Sozu","Philosopher\u0027s Stone"],"picked":"Fusion Hammer"}],"items_purged_floors":[45],"is_endless":false,"potions_floor_spawned":[1,7,8,25,29,33,35,41,46,48],"killed_by":"The Heart","ascension_level":0}