{"path_per_floor":["M","M","?","?","$","E","M","?","T","?","M","R","M","M","R"],"character_chosen":"THE_SILENT","items_purchased":["Anchor"],"gold_per_floor":[113,126,126,196,53,82,92,92,92,92,110,110,121,121,121,121],"floor_reached":16,"campfire_rested":2,"playtime":1640,"current_hp_per_floor":[70,69,69,69,69,40,40,40,40,40,35,56,56,56,70,0],"items_purged":[],"gold":121,"score":102,"play_id":"1eb3c31c-5258-4ec0-a8c1-bb0d45e86a32","local_time":"20180407212023","is_prod":false,"is_daily":false,"is_ascension_mode":false,"campfire_upgraded":0,"timestamp":1523100023,"path_taken":["M","M","?","?","?","E","M","?","T","?","M","R","M","M","R","BOSS"],"build_version":"2018-04-05","purchased_purges":0,"victory":false,"master_deck":["Defend_G","Defend_G","Defend_G","Defend_G","Strike_G","Strike_G","Strike_G","Strike_G","Strike_G","Survivor","Neutralize","Die Die Die","Dagger Spray","Deadly Poison","Poisoned Stab","Slice","Well Laid Plans","Deadly Poison","Deadly Poison","Bullet Time"],"max_hp_per_floor":[70,70,70,70,70,70,70,70,70,70,70,70,70,70,70,70],"relics":["Ring of the Snake","Anchor","The Courier","Ancient Tea Set"],"card_choices":[{"not_picked":["Endless Agony","Acrobatics"],"picked":"Dagger Spray","floor":1},{"not_picked":["Sucker Punch","Catalyst"],"picked":"Deadly Poison","floor":2},{"not_picked":["Slice","Masterful Stab"],"picked":"Poisoned Stab","floor":6},{"not_picked":["Backflip","Calculated Gamble"],"picked":"Slice","floor":7},{"not_picked":["Infinite Blades","Sucker Punch"],"picked":"Deadly Poison","floor":11},{"not_picked":["PiercingWail","Deflect"],"picked":"Deadly Poison","floor":13},{"not_picked":["Escape Plan","Acrobatics"],"picked":"Bullet Time","floor":14}],"player_experience":90005,"potions_floor_usage":[6,16,16,16],"damage_taken":[{"damage":0,"enemies":"Small Slimes","floor":1,"turns":1},{"damage":1,"enemies":"Cultist","floor":2,"turns":4},{"damage":29,"enemies":"Gremlin Nob","floor":6,"turns":5},{"damage":0,"enemies":"Jaw Worm","floor":7,"turns":3},{"damage":5,"enemies":"Looter","floor":11,"turns":3},{"damage":0,"enemies":"Exordium Thugs","floor":13,"turns":3},{"damage":0,"enemies":"3 Louse","floor":14,"turns":2},{"damage":90,"enemies":"Slime Boss","floor":16,"turns":11}],"event_choices":[{"event_name":"The Lab","player_choice":"Got Potions","floor":3,"damage_taken":0},{"event_name":"Golden Wing","player_choice":"Gained Gold","floor":4,"damage_taken":0},{"event_name":"Match and Keep!","player_choice":"0 cards matched","floor":8,"damage_taken":0},{"event_name":"Transmorgrifier","player_choice":"Transform","floor":10,"damage_taken":0}],"boss_relics":[],"potions_floor_spawned":[1,7,13,14],"seed_played":"772338652539419643","killed_by":"Slime Boss","ascension_level":0,"is_trial":false}