{"gold_per_floor":[116,116,136,185,200,234,234,198,225,282,282,302,257,179,179,281,281,299,399,207,223,80,108,108,137,209,227,227,261,261,281,281,281],"floor_reached":33,"playtime":1904,"items_purged":[],"score":311,"play_id":"9d5a9ada-fd34-4b3f-a860-003f4263831e","local_time":"20190119115806","is_ascension_mode":false,"campfire_choices":[{"floor":7,"key":"RECALL"},{"floor":11,"key":"REST"},{"floor":15,"key":"REST"},{"floor":24,"key":"REST"},{"floor":28,"key":"REST"},{"floor":32,"key":"REST"}],"neow_cost":"NONE","seed_source_timestamp":908058116655104,"circlet_count":0,"master_deck":["Strike_R","Strike_R","Strike_R","Strike_R","Strike_R","Defend_R+1","Defend_R","Defend_R","Defend_R+1","Bash+1","Deep Breath","Combust","Headbutt","Clothesline","Combust","Impervious","True Grit","Spot Weakness","Immolate","Battle Trance","Thunderclap","Spot Weakness","Metallicize+1","Combust","Juggernaut","Perfected Strike","Dual Wield+1","Spot Weakness+1"],"relics":["Burning Blood","PreservedInsect","Bronze Scales","Tiny Chest","Eternal Feather","Nunchaku","Mummified Hand","Red Skull","Vajra","War Paint","Bag of Preparation","Toxic Egg 2","Mercury Hourglass","Frozen Egg 2"],"potions_floor_usage":[19,19,23,23,23,33,33],"damage_taken":[{"damage":1,"enemies":"2 Louse","floor":1,"turns":3},{"damage":5,"enemies":"Cultist","floor":3,"turns":4},{"damage":3,"enemies":"Jaw Worm","floor":5,"turns":4},{"damage":38,"enemies":"3 Sentries","floor":6,"turns":7},{"damage":27,"enemies":"Lagavulin","floor":10,"turns":5},{"damage":13,"enemies":"Exordium Wildlife","floor":12,"turns":4},{"damage":53,"enemies":"Hexaghost","floor":16,"turns":9},{"damage":30,"enemies":"Shell Parasite","floor":18,"turns":6},{"damage":36,"enemies":"Colosseum Slavers","floor":19,"turns":4},{"damage":31,"enemies":"Colosseum Nobs","floor":19,"turns":4},{"damage":5,"enemies":"Chosen","floor":21,"turns":5},{"damage":2,"enemies":"Book of Stabbing","floor":23,"turns":5},{"damage":43,"enemies":"Slavers","floor":25,"turns":4},{"damage":20,"enemies":"Centurion and Healer","floor":27,"turns":5},{"damage":38,"enemies":"Book of Stabbing","floor":29,"turns":4},{"damage":6,"enemies":"Chosen and Byrds","floor":31,"turns":4},{"damage":68,"enemies":"Automaton","floor":33,"turns":6}],"seed_played":"-4872821638523387899","potions_obtained":[{"floor":6,"key":"BloodPotion"},{"floor":12,"key":"Regen Potion"},{"floor":16,"key":"Weak Potion"},{"floor":19,"key":"AttackPotion"},{"floor":21,"key":"Block Potion"},{"floor":27,"key":"Fire Potion"},{"floor":31,"key":"FearPotion"}],"is_trial":false,"path_per_floor":["M","?","M","T","M","E","R","$","T","E","R","M","?","$","R","B",null,"M","?","$","M","$","E","R","E","T","M","R","E","T","M","R","B"],"character_chosen":"IRONCLAD","items_purchased":["Combust","Spot Weakness","Red Skull","Spot Weakness","Vajra"],"campfire_rested":5,"item_purchase_floors":[8,14,20,20,22],"current_hp_per_floor":[80,80,80,80,80,48,48,48,48,27,51,44,44,44,68,21,80,56,21,21,22,22,26,62,25,25,11,50,18,18,18,57,0],"gold":281,"neow_bonus":"RANDOM_COLORLESS","is_prod":false,"is_daily":false,"chose_seed":false,"campfire_upgraded":0,"win_rate":0,"timestamp":1547917086,"path_taken":["M","?","?","?","M","E","R","$","T","E","R","M","?","$","R","BOSS","M","?","$","M","$","E","R","E","T","M","R","E","?","?","R","BOSS"],"build_version":"2019-01-17v2","purchased_purges":0,"victory":false,"max_hp_per_floor":[80,80,80,80,80,80,80,80,80,80,80,80,80,80,80,80,80,80,80,80,80,80,80,80,80,80,80,80,80,80,80,80,80],"card_choices":[{"not_picked":["Clash","Evolve","Searing Blow"],"picked":"SKIP","floor":1},{"not_picked":["Wild Strike","Cleave"],"picked":"Combust","floor":3},{"not_picked":["Reckless Charge","Perfected Strike"],"picked":"Headbutt","floor":5},{"not_picked":["Shockwave","Burning Pact"],"picked":"Clothesline","floor":6},{"not_picked":["Whirlwind","Combust"],"picked":"Impervious","floor":10},{"not_picked":["Reckless Charge","Seeing Red"],"picked":"True Grit","floor":12},{"not_picked":["Fiend Fire","Barricade"],"picked":"Immolate","floor":16},{"not_picked":["Iron Wave","Twin Strike"],"picked":"Battle Trance","floor":18},{"not_picked":["Seeing Red","Sword Boomerang"],"picked":"Thunderclap","floor":19},{"not_picked":["True Grit","Clash"],"picked":"Metallicize+1","floor":21},{"not_picked":["Shrug It Off","Anger"],"picked":"Combust","floor":23},{"not_picked":["Carnage","Second Wind"],"picked":"Juggernaut","floor":25},{"not_picked":["Pommel Strike","Wild Strike"],"picked":"Perfected Strike","floor":27},{"not_picked":["Rampage","Brutality"],"picked":"Dual Wield+1","floor":29},{"not_picked":["Flex+1","Dual Wield+1"],"picked":"Spot Weakness+1","floor":31}],"player_experience":63680,"relics_obtained":[{"floor":6,"key":"PreservedInsect"},{"floor":9,"key":"Bronze Scales"},{"floor":10,"key":"Tiny Chest"},{"floor":19,"key":"Nunchaku"},{"floor":19,"key":"Mummified Hand"},{"floor":23,"key":"War Paint"},{"floor":25,"key":"Bag of Preparation"},{"floor":26,"key":"Toxic Egg 2"},{"floor":29,"key":"Mercury Hourglass"},{"floor":30,"key":"Frozen Egg 2"}],"event_choices":[{"damage_healed":0,"gold_gain":0,"player_choice":"Upgraded","damage_taken":0,"max_hp_gain":0,"max_hp_loss":0,"event_name":"Upgrade Shrine","floor":2,"gold_loss":0,"cards_upgraded":["Bash"]},{"damage_healed":0,"gold_gain":0,"player_choice":"Left Gold","damage_taken":0,"max_hp_gain":0,"max_hp_loss":0,"event_name":"World of Goop","floor":13,"gold_loss":45},{"damage_healed":0,"gold_gain":0,"player_choice":"Fight","damage_taken":0,"max_hp_gain":0,"max_hp_loss":0,"event_name":"Colosseum","floor":19,"gold_loss":0},{"damage_healed":0,"gold_gain":0,"player_choice":"Fought Nobs","damage_taken":0,"max_hp_gain":0,"max_hp_loss":0,"event_name":"Colosseum","floor":19,"gold_loss":0}],"is_beta":false,"boss_relics":[{"not_picked":["Coffee Dripper","Busted Crown"],"picked":"Eternal Feather"}],"items_purged_floors":[],"is_endless":false,"potions_floor_spawned":[6,12,16,19,19,21,27,31],"killed_by":"Automaton","ascension_level":0}