{"gold_per_floor":[117,117,117,45,61,61,89,89,89,120,120,133,133,133,133,262,262,285,240,264,34,34,34,54,54,54,153,166,186,210,75,75,196,196,209,209,222,222,237,237,237,202,228,228,266,266,281,406,406,406,406,406,112,146,146],"floor_reached":56,"playtime":2683,"items_purged":["Trip"],"score":1281,"play_id":"f6f0ec9b-2340-4ccc-a645-deb5ceda91cf","local_time":"20190108232242","daily_mods":["SealedDeck"],"is_ascension_mode":false,"campfire_choices":[{"data":"Catalyst","floor":6.0,"key":"SMITH"},{"data":"Catalyst","floor":11.0,"key":"SMITH"},{"data":"PiercingWail","floor":13.0,"key":"SMITH"},{"floor":15.0,"key":"REST"},{"data":"Night Terror","floor":23.0,"key":"SMITH"},{"floor":25.0,"key":"REST"},{"floor":32.0,"key":"REST"},{"floor":41.0,"key":"RECALL"},{"floor":44.0,"key":"REST"},{"floor":46.0,"key":"REST"},{"floor":49.0,"key":"REST"},{"floor":52.0,"key":"REST"}],"neow_cost":"","seed_source_timestamp":0,"circlet_count":0,"master_deck":["Deadly Poison+1","Leg Sweep","Deflect","PiercingWail+1","Well Laid Plans","Deadly Poison","Catalyst+1","Caltrops","Well Laid Plans","Deflect","Well Laid Plans","Catalyst+1","PiercingWail+1","Night Terror+1","Deflect","Noxious Fumes","Deadly Poison","Catalyst+1","Noxious Fumes","Bullet Time","Deflect+1","Blur","Bouncing Flask+1","Backflip","PiercingWail+1"],"special_seed":0,"relics":["Ring of the Snake","Blood Vial","Happy Flower","Golden Idol","Membership Card","MutagenicStrength","Peace Pipe","DollysMirror","Fusion Hammer","Omamori","Gremlin Horn","FossilizedHelix","Vajra","OrangePellets","Letter Opener"],"potions_floor_usage":[55,55],"damage_taken":[{"damage":0.0,"enemies":"Small Slimes","floor":1.0,"turns":3.0},{"damage":0.0,"enemies":"Jaw Worm","floor":5.0,"turns":3.0},{"damage":2.0,"enemies":"Lagavulin","floor":7.0,"turns":3.0},{"damage":12.0,"enemies":"Gremlin Nob","floor":10.0,"turns":3.0},{"damage":0.0,"enemies":"2 Louse","floor":12.0,"turns":2.0},{"damage":0.0,"enemies":"The Guardian","floor":16.0,"turns":4.0},{"damage":19.0,"enemies":"Spheric Guardian","floor":18.0,"turns":4.0},{"damage":6.0,"enemies":"3 Byrds","floor":20.0,"turns":4.0},{"damage":26.0,"enemies":"Snecko","floor":24.0,"turns":4.0},{"damage":12.0,"enemies":"Centurion and Healer","floor":28.0,"turns":5.0},{"damage":2.0,"enemies":"Cultist and Chosen","floor":29.0,"turns":5.0},{"damage":0.0,"enemies":"3 Cultists","floor":30.0,"turns":6.0},{"damage":20.0,"enemies":"Collector","floor":33.0,"turns":5.0},{"damage":7.0,"enemies":"Orb Walker","floor":35.0,"turns":3.0},{"damage":12.0,"enemies":"3 Darklings","floor":37.0,"turns":4.0},{"damage":14.0,"enemies":"Transient","floor":39.0,"turns":5.0},{"damage":0.0,"enemies":"Reptomancer","floor":45.0,"turns":5.0},{"damage":2.0,"enemies":"Spire Growth","floor":47.0,"turns":2.0},{"damage":0.0,"enemies":"Mind Bloom Boss Battle","floor":48.0,"turns":3.0},{"damage":26.0,"enemies":"Donu and Deca","floor":50.0,"turns":6.0},{"damage":6.0,"enemies":"Shield and Spear","floor":54.0,"turns":5.0},{"damage":18,"enemies":"The Heart","floor":55,"turns":7}],"seed_played":"-5193825229550900329","potions_obtained":[{"floor":1.0,"key":"EssenceOfSteel"},{"floor":7.0,"key":"Energy Potion"},{"floor":10.0,"key":"Strength Potion"},{"floor":12.0,"key":"GhostInAJar"},{"floor":48.0,"key":"LiquidBronze"}],"is_trial":true,"path_per_floor":["M","?","?","$","M","R","E","?","T","E","R","M","R","?","R","B",null,"M","$","M","$","?","R","M","R","T","?","M","M","M","$","R","B",null,"M","?","M","?","M","?","R","$","T","R","E","R","M","?","R","B",null,"R","$","E","B",null],"character_chosen":"THE_SILENT","items_purchased":["Well Laid Plans","Deflect","Membership Card","Noxious Fumes","DollysMirror","Noxious Fumes","Blur","Backflip","Vajra","Trip","OrangePellets"],"campfire_rested":7,"item_purchase_floors":[4,19,21,21,31,31,42,53,53,53,53],"current_hp_per_floor":[70,70,56,56,56,56,54,54,54,44,44,46,46,29,50,52,70,51,51,47,47,47,47,23,44,44,44,34,34,36,36,57,39,70,63,63,53,53,41,41,41,41,41,60,62,66,64,66,66,40,66,66,66,60,44],"gold":146,"neow_bonus":"","is_prod":false,"is_daily":false,"chose_seed":false,"campfire_upgraded":4,"win_rate":0,"timestamp":1547007762,"path_taken":["M","?","?","$","M","R","E","?","T","E","R","M","R","?","R","BOSS","M","$","M","$","?","R","M","R","T","?","M","M","M","$","R","BOSS","M","?","M","?","M","?","R","?","T","R","E","R","M","?","R","BOSS","R","$","E","BOSS"],"build_version":"2019-01-03v4","purchased_purges":1,"victory":true,"max_hp_per_floor":[70,70,70,70,70,70,70,70,70,70,70,70,70,70,70,70,70,70,70,70,70,70,70,70,70,70,70,70,70,70,70,70,70,70,70,70,70,66,66,66,66,66,66,66,66,66,66,66,66,66,66,66,66,66,66],"card_choices":[{"not_picked":["Blade Dance","Acrobatics","Underhanded Strike"],"picked":"SKIP","floor":1.0},{"not_picked":["Underhanded Strike","Sucker Punch","Reflex"],"picked":"SKIP","floor":5.0},{"not_picked":["Bane","Poisoned Stab","Dagger Throw"],"picked":"SKIP","floor":7.0},{"not_picked":["Quick Slash","Dash"],"picked":"Catalyst","floor":10.0},{"not_picked":["Crippling Poison","Tactician"],"picked":"PiercingWail","floor":12.0},{"not_picked":["Envenom","Phantasmal Killer"],"picked":"Night Terror","floor":16.0},{"not_picked":["Expertise","Underhanded Strike","Masterful Stab"],"picked":"SKIP","floor":18.0},{"not_picked":["Prepared","Expertise","Outmaneuver"],"picked":"SKIP","floor":20.0},{"not_picked":["Dagger Spray","Quick Slash+1","Sucker Punch+1"],"picked":"SKIP","floor":24.0},{"not_picked":["Infinite Blades","Slice+1","Poisoned Stab"],"picked":"SKIP","floor":28.0},{"not_picked":["Acrobatics","Predator"],"picked":"Deadly Poison","floor":29.0},{"not_picked":["Leg Sweep+1","Concentrate+1","Blade Dance"],"picked":"SKIP","floor":30.0},{"not_picked":["Unload","Storm of Steel"],"picked":"Bullet Time","floor":33.0},{"not_picked":["Acrobatics+1","Masterful Stab+1","Dodge and Roll"],"picked":"SKIP","floor":35.0},{"not_picked":["Dagger Throw","Noxious Fumes","Bane"],"picked":"SKIP","floor":37.0},{"not_picked":["A Thousand Cuts","Prepared+1"],"picked":"Deflect+1","floor":39.0},{"not_picked":["Prepared+1","Night Terror","Underhanded Strike+1"],"picked":"SKIP","floor":45.0},{"not_picked":["Flying Knee+1","Blade Dance+1","Setup+1"],"picked":"SKIP","floor":47.0},{"not_picked":["Outmaneuver+1","Dash"],"picked":"Bouncing Flask+1","floor":48.0},{"not_picked":["Accuracy+1","Dodge and Roll+1"],"picked":"PiercingWail+1","floor":54.0}],"player_experience":475717,"relics_obtained":[{"floor":7.0,"key":"Blood Vial"},{"floor":10.0,"key":"Happy Flower"},{"floor":26.0,"key":"Peace Pipe"},{"floor":43.0,"key":"Omamori"},{"floor":45.0,"key":"Gremlin Horn"},{"floor":48.0,"key":"FossilizedHelix"},{"floor":54.0,"key":"Letter Opener"}],"event_choices":[{"damage_healed":0.0,"max_hp_gain":0.0,"max_hp_loss":0.0,"gold_gain":0.0,"event_name":"The Cleric","player_choice":"Leave","floor":2.0,"gold_loss":0.0,"damage_taken":0.0},{"damage_healed":0.0,"max_hp_gain":0.0,"max_hp_loss":0.0,"gold_gain":0.0,"event_name":"Shining Light","player_choice":"Entered Light","floor":3.0,"gold_loss":0.0,"damage_taken":14.0,"cards_upgraded":["PiercingWail","Deadly Poison"]},{"damage_healed":0.0,"max_hp_gain":0.0,"max_hp_loss":0.0,"gold_gain":0.0,"event_name":"Golden Wing","player_choice":"Ignored","floor":8.0,"gold_loss":0.0,"damage_taken":0.0},{"damage_healed":0.0,"max_hp_gain":0.0,"max_hp_loss":0.0,"gold_gain":0.0,"event_name":"Golden Idol","player_choice":"Take Damage","floor":14.0,"gold_loss":0.0,"damage_taken":17.0,"relics_obtained":["Golden Idol"]},{"damage_healed":0.0,"max_hp_gain":0.0,"max_hp_loss":0.0,"gold_gain":0.0,"event_name":"Drug Dealer","player_choice":"Inject Mutagens","floor":22.0,"gold_loss":0.0,"damage_taken":0.0,"relics_obtained":["MutagenicStrength"]},{"damage_healed":0.0,"max_hp_gain":0.0,"max_hp_loss":0.0,"gold_gain":99.0,"event_name":"Nest","player_choice":"Stole From Cult","floor":27.0,"gold_loss":0.0,"damage_taken":0.0},{"damage_healed":0.0,"max_hp_gain":0.0,"max_hp_loss":0.0,"gold_gain":0.0,"event_name":"SensoryStone","player_choice":"Memory 1","floor":36.0,"gold_loss":0.0,"damage_taken":0.0},{"damage_healed":0.0,"max_hp_gain":0.0,"max_hp_loss":4.0,"gold_gain":0.0,"event_name":"Winding Halls","player_choice":"Max HP","floor":38.0,"gold_loss":0.0,"damage_taken":0.0},{"damage_healed":0.0,"max_hp_gain":0.0,"max_hp_loss":0.0,"gold_gain":0.0,"event_name":"Tomb of Lord Red Mask","player_choice":"Ignored","floor":40.0,"gold_loss":0.0,"damage_taken":0.0},{"damage_healed":0.0,"max_hp_gain":0.0,"max_hp_loss":0.0,"gold_gain":0.0,"event_name":"MindBloom","player_choice":"Fight","floor":48.0,"gold_loss":0.0,"damage_taken":0.0}],"is_beta":false,"boss_relics":[{"not_picked":["Astrolabe","Empty Cage","Runic Pyramid"]},{"not_picked":["Snecko Eye","Velvet Choker"],"picked":"Fusion Hammer"}],"items_purged_floors":[53],"is_endless":false,"potions_floor_spawned":[1,7,10,12,18,28,30,37,39,48],"ascension_level":0}