{"gold_per_floor":[361,10,10,10,23,23,23,36,89,103,103,44,44,60,60,60],"floor_reached":16,"playtime":725,"items_purged":[],"score":200,"play_id":"664d4d73-b3f0-4032-8fb2-37f5224de86f","local_time":"20190203111531","is_ascension_mode":true,"campfire_choices":[{"data":"Neutralize","floor":7.0,"key":"SMITH"},{"floor":11,"key":"REST"},{"data":"Blade Dance","floor":13,"key":"SMITH"},{"data":"Footwork","floor":15,"key":"SMITH"}],"neow_cost":"TEN_PERCENT_HP_LOSS","seed_source_timestamp":82833283583526,"circlet_count":0,"master_deck":["AscendersBane","Defend_G","Defend_G","Defend_G","Defend_G","Defend_G","Strike_G","Strike_G","Strike_G","Strike_G","Strike_G","Survivor","Neutralize+1","Footwork+1","Injury","Blade Dance+1","Backflip","Backflip"],"special_seed":0,"relics":["Ring of the Snake","Shuriken","Juzu Bracelet","Golden Idol","Tiny Chest"],"potions_floor_usage":[14,16],"damage_taken":[{"damage":1.0,"enemies":"Small Slimes","floor":1.0,"turns":4.0},{"damage":1.0,"enemies":"2 Louse","floor":5.0,"turns":3.0},{"damage":0.0,"enemies":"Lagavulin","floor":6.0,"turns":1.0},{"damage":7.0,"enemies":"Jaw Worm","floor":8.0,"turns":6.0},{"damage":10,"enemies":"Exordium Wildlife","floor":10,"turns":6},{"damage":1,"enemies":"Red Slaver","floor":14,"turns":3},{"damage":47,"enemies":"Hexaghost","floor":16,"turns":14}],"seed_played":"2139261147129140370","potions_obtained":[{"floor":1.0,"key":"SmokeBomb"},{"floor":5.0,"key":"Energy Potion"},{"floor":8.0,"key":"GhostInAJar"},{"floor":14,"key":"Energy Potion"}],"is_trial":false,"path_per_floor":["M","$","?","?","M","E","R","M","T","M","R","$","R","M","R","B"],"character_chosen":"THE_SILENT","items_purchased":["Shuriken","Footwork","Backflip"],"campfire_rested":1,"item_purchase_floors":[2,2,12],"current_hp_per_floor":[58,58,47,47,46,46,46,39,39,29,47,47,47,46,46,0],"gold":60,"neow_bonus":"TWO_FIFTY_GOLD","is_prod":false,"is_daily":false,"chose_seed":false,"campfire_upgraded":3,"win_rate":0,"timestamp":1549221331,"path_taken":["M","$","?","?","M","E","R","M","T","M","R","$","R","M","R","BOSS"],"build_version":"2019-01-23","purchased_purges":0,"victory":false,"max_hp_per_floor":[60,60,60,60,60,60,60,60,60,60,60,60,60,60,60,60],"card_choices":[{"not_picked":["Skewer","Dagger Spray","Setup"],"picked":"SKIP","floor":1.0},{"not_picked":["Slice","Underhanded Strike","Deflect"],"picked":"SKIP","floor":5.0},{"not_picked":["Dagger Spray","Endless Agony"],"picked":"Blade Dance","floor":8.0},{"not_picked":["Acrobatics","Deadly Poison","Distraction"],"picked":"SKIP","floor":10},{"not_picked":["Dodge and Roll","Sucker Punch"],"picked":"Backflip","floor":14}],"player_experience":701077,"relics_obtained":[{"floor":9,"key":"Tiny Chest"}],"event_choices":[{"damage_healed":0.0,"max_hp_gain":0.0,"max_hp_loss":0.0,"gold_gain":0.0,"event_name":"Scrap Ooze","player_choice":"Success","floor":3.0,"gold_loss":0.0,"damage_taken":11.0,"relics_obtained":["Juzu Bracelet"]},{"damage_healed":0.0,"max_hp_gain":0.0,"max_hp_loss":0.0,"gold_gain":0.0,"event_name":"Golden Idol","player_choice":"Take Wound","floor":4.0,"gold_loss":0.0,"damage_taken":0.0,"relics_obtained":["Golden Idol"],"cards_obtained":["Injury"]}],"is_beta":false,"boss_relics":[],"items_purged_floors":[],"is_endless":false,"potions_floor_spawned":[1,5,8,14],"killed_by":"Hexaghost","ascension_level":20}