{"gold_per_floor":[119,119,81,105,105,145,164,13,61,61,81,99,112,133,133,254,254,270,172,185,185,199,199,242,257,257,257,257,276,276,299,299,428,428,453,477,500,514,514,514,0,0,0,0,0,14,14,29,29,29],"floor_reached":50,"playtime":3860,"items_purged":[],"score":491,"play_id":"c5c63dab-c9d7-4c53-8e7d-4e59e97a90f5","local_time":"20190106190851","is_ascension_mode":false,"campfire_choices":[{"floor":10.0,"key":"REST"},{"floor":15.0,"key":"REST"},{"floor":23.0,"key":"REST"},{"floor":28.0,"key":"REST"},{"floor":32.0,"key":"REST"},{"floor":40,"key":"REST"},{"floor":45,"key":"REST"},{"floor":49,"key":"REST"}],"neow_cost":"NONE","seed_source_timestamp":0,"circlet_count":0,"master_deck":["Strike_R","Strike_R","Strike_R","Strike_R","Defend_R","Defend_R","Defend_R","Defend_R","Bash","Clothesline+1","Blood for Blood","Demon Form","Cleave","Iron Wave","Clothesline","Headbutt","Uppercut","Impervious","Searing Blow","Combust","Warcry","Combust","Impervious","Rupture","Offering","Anger","Battle Trance","Disarm+1","RitualDagger","Demon Form+1","Twin Strike+1","Thunderclap+1","Warcry","Power Through+1","Enlightenment","Headbutt+1","Doubt","Thunderclap+1"],"special_seed":0,"relics":["Burning Blood","Bronze Scales","Golden Idol","Juzu Bracelet","Red Skull","Anchor","Fusion Hammer","StoneCalendar","Frozen Egg 2","PreservedInsect","White Beast Statue","Red Mask","Gremlin Horn"],"potions_floor_usage":[46,50,50,50],"damage_taken":[{"damage":4.0,"enemies":"Jaw Worm","floor":1.0,"turns":4.0},{"damage":5.0,"enemies":"Small Slimes","floor":4.0,"turns":3.0},{"damage":39.0,"enemies":"Lagavulin","floor":6.0,"turns":6.0},{"damage":1.0,"enemies":"Cultist","floor":7.0,"turns":4.0},{"damage":10.0,"enemies":"Large Slime","floor":11.0,"turns":4.0},{"damage":3.0,"enemies":"Exordium Wildlife","floor":12.0,"turns":2.0},{"damage":12.0,"enemies":"3 Louse","floor":13.0,"turns":3.0},{"damage":9.0,"enemies":"Blue Slaver","floor":14.0,"turns":4.0},{"damage":57.0,"enemies":"The Guardian","floor":16.0,"turns":8.0},{"damage":11.0,"enemies":"Spheric Guardian","floor":18.0,"turns":4.0},{"damage":2.0,"enemies":"3 Byrds","floor":20.0,"turns":2.0},{"damage":18.0,"enemies":"Snake Plant","floor":22.0,"turns":4.0},{"damage":39.0,"enemies":"Book of Stabbing","floor":24.0,"turns":5.0},{"damage":11.0,"enemies":"Centurion and Healer","floor":25.0,"turns":4.0},{"damage":25.0,"enemies":"Shelled Parasite and Fungi","floor":29.0,"turns":4.0},{"damage":53.0,"enemies":"Champ","floor":33.0,"turns":7.0},{"damage":11.0,"enemies":"3 Shapes","floor":35.0,"turns":4.0},{"damage":31.0,"enemies":"3 Darklings","floor":36.0,"turns":4.0},{"damage":34.0,"enemies":"Spire Growth","floor":37.0,"turns":5.0},{"damage":16.0,"enemies":"4 Shapes","floor":38.0,"turns":5.0},{"damage":37,"enemies":"Jaw Worm Horde","floor":46,"turns":5},{"damage":25,"enemies":"Maw","floor":48,"turns":8},{"damage":84,"enemies":"Time Eater","floor":50,"turns":6}],"seed_played":"-2168517576841840028","potions_obtained":[{"floor":1.0,"key":"Ancient Potion"},{"floor":4.0,"key":"Ancient Potion"},{"floor":7.0,"key":"Explosive Potion"},{"floor":11.0,"key":"SpeedPotion"},{"floor":18.0,"key":"Strength Potion"},{"floor":29.0,"key":"SkillPotion"},{"floor":33.0,"key":"PowerPotion"},{"floor":35.0,"key":"Weak Potion"},{"floor":36.0,"key":"AttackPotion"},{"floor":37.0,"key":"AttackPotion"},{"floor":46,"key":"Weak Potion"},{"floor":48,"key":"PowerPotion"}],"is_trial":false,"path_per_floor":["M","?","?","M","?","E","M","$","T","R","M","M","M","M","R","B",null,"M","$","M","?","M","R","E","M","T","?","R","M","?","T","R","B",null,"M","M","M","M","?","R","?","$","T","?","R","M","?","M","R","B"],"character_chosen":"IRONCLAD","items_purchased":["Red Skull","Combust","Warcry"],"campfire_rested":8,"item_purchase_floors":[8,19,19],"current_hp_per_floor":[80,60,60,61,61,28,33,33,33,57,53,56,50,47,71,20,80,75,75,79,79,67,80,47,42,42,42,66,47,41,41,65,18,80,75,50,22,12,12,36,36,36,36,36,60,29,80,61,80,0],"gold":29,"neow_bonus":"RANDOM_COMMON_RELIC","is_prod":false,"is_daily":false,"chose_seed":false,"campfire_upgraded":0,"win_rate":0.0,"timestamp":1546819731,"path_taken":["M","?","?","M","?","E","M","$","T","R","M","M","M","M","R","BOSS","M","$","M","?","M","R","E","M","T","?","R","M","?","?","R","BOSS","M","M","M","M","?","R","?","?","T","?","R","M","?","M","R","BOSS"],"build_version":"2019-01-03v4","purchased_purges":0,"victory":false,"max_hp_per_floor":[80,80,80,80,80,80,80,80,80,80,80,80,80,80,80,80,80,80,80,80,80,80,80,80,80,80,80,80,80,80,80,80,80,80,80,80,80,80,80,80,80,80,80,80,80,80,80,80,80,80],"card_choices":[{"not_picked":["Ghostly Armor","True Grit"],"picked":"Clothesline","floor":1.0},{"not_picked":["Entrench","Shrug It Off"],"picked":"Blood for Blood","floor":4.0},{"not_picked":["Shockwave","Reckless Charge"],"picked":"Demon Form","floor":6.0},{"not_picked":["Shrug It Off","Anger"],"picked":"Cleave","floor":7.0},{"not_picked":["Anger","Searing Blow"],"picked":"Iron Wave","floor":11.0},{"not_picked":["Sword Boomerang","Iron Wave"],"picked":"Clothesline","floor":12.0},{"not_picked":["Ghostly Armor","Corruption"],"picked":"Headbutt","floor":13.0},{"not_picked":["Shrug It Off","Anger"],"picked":"Uppercut","floor":14.0},{"not_picked":["Offering","Fiend Fire"],"picked":"Impervious","floor":16.0},{"not_picked":["Clash","Disarm"],"picked":"Searing Blow","floor":18.0},{"not_picked":["True Grit","Infernal Blade+1"],"picked":"Combust","floor":20.0},{"not_picked":["Anger","Searing Blow"],"picked":"Rupture","floor":22.0},{"not_picked":["Infernal Blade","Warcry"],"picked":"Offering","floor":24.0},{"not_picked":["Flex","Sword Boomerang"],"picked":"Anger","floor":25.0},{"not_picked":["Corruption+1","Clash"],"picked":"Disarm+1","floor":29.0},{"not_picked":["Double Tap","Bludgeon"],"picked":"Demon Form+1","floor":33.0},{"not_picked":["Dropkick+1","Sever Soul"],"picked":"Twin Strike+1","floor":35.0},{"not_picked":["Anger","Shockwave"],"picked":"Thunderclap+1","floor":36.0},{"not_picked":["Bloodletting+1","Cleave"],"picked":"Warcry","floor":37.0},{"not_picked":["Anger+1","Infernal Blade"],"picked":"Power Through+1","floor":38.0},{"not_picked":["Master of Strategy","Violence"],"picked":"Enlightenment","floor":39.0},{"not_picked":["Shrug It Off","Perfected Strike"],"picked":"Headbutt+1","floor":46},{"not_picked":["Bloodletting+1","Clash"],"picked":"Thunderclap+1","floor":48}],"player_experience":28458,"relics_obtained":[{"floor":6.0,"key":"Juzu Bracelet"},{"floor":9.0,"key":"Anchor"},{"floor":24.0,"key":"StoneCalendar"},{"floor":26.0,"key":"Frozen Egg 2"},{"floor":31.0,"key":"PreservedInsect"},{"floor":43,"key":"Gremlin Horn"}],"event_choices":[{"damage_healed":0.0,"max_hp_gain":0.0,"max_hp_loss":0.0,"gold_gain":0.0,"event_name":"Golden Idol","player_choice":"Take Damage","floor":2.0,"gold_loss":0.0,"damage_taken":20.0,"relics_obtained":["Golden Idol"]},{"damage_healed":0.0,"max_hp_gain":0.0,"max_hp_loss":0.0,"gold_gain":0.0,"event_name":"World of Goop","player_choice":"Left Gold","floor":3.0,"gold_loss":38.0,"damage_taken":0.0},{"damage_healed":0.0,"max_hp_gain":0.0,"max_hp_loss":0.0,"gold_gain":0.0,"event_name":"Living Wall","player_choice":"Grow","floor":5.0,"gold_loss":0.0,"damage_taken":0.0,"cards_upgraded":["Clothesline"]},{"damage_healed":0.0,"max_hp_gain":0.0,"max_hp_loss":0.0,"gold_gain":0.0,"event_name":"Duplicator","player_choice":"Copied","floor":21.0,"gold_loss":0.0,"damage_taken":0.0,"cards_obtained":["Impervious"]},{"damage_healed":0.0,"max_hp_gain":0.0,"max_hp_loss":0.0,"gold_gain":0.0,"event_name":"The Library","player_choice":"Read","floor":27.0,"gold_loss":0.0,"damage_taken":0.0,"cards_obtained":["Battle Trance"]},{"damage_healed":0.0,"max_hp_gain":0.0,"max_hp_loss":0.0,"gold_gain":0.0,"event_name":"Nest","player_choice":"Joined the Cult","floor":30.0,"gold_loss":0.0,"damage_taken":6.0,"cards_obtained":["RitualDagger"]},{"damage_healed":0.0,"max_hp_gain":0.0,"max_hp_loss":0.0,"gold_gain":0.0,"event_name":"SensoryStone","player_choice":"Memory 1","floor":39.0,"gold_loss":0.0,"damage_taken":0.0},{"damage_healed":0,"gold_gain":0,"player_choice":"Paid","damage_taken":0,"relics_obtained":["Red Mask"],"max_hp_gain":0,"max_hp_loss":0,"event_name":"Tomb of Lord Red Mask","floor":41,"gold_loss":514},{"cards_removed":["Strike_R"],"damage_healed":0,"gold_gain":0,"player_choice":"Removed Attack","damage_taken":0,"max_hp_gain":0,"max_hp_loss":0,"event_name":"Falling","floor":44,"gold_loss":0},{"damage_healed":51,"gold_gain":0,"player_choice":"Heal","damage_taken":0,"max_hp_gain":0,"max_hp_loss":0,"event_name":"MindBloom","floor":47,"gold_loss":0,"cards_obtained":["Doubt"]}],"is_beta":false,"boss_relics":[{"not_picked":["Empty Cage","Runic Cube"],"picked":"Fusion Hammer"},{"not_picked":["Snecko Eye","Black Blood"],"picked":"White Beast Statue"}],"items_purged_floors":[],"is_endless":false,"potions_floor_spawned":[1,4,7,11,18,29,33,35,36,37,38,46,48],"killed_by":"Time Eater","ascension_level":0}