{"gold_per_floor":[119,138,149,160,160,185,198,198,198,198,198,223,223,242,242,316,316,332,332,332,13,13,13,42,42,68,86,86,101,101,101,101,172,172,191,207,226,226,14,14,31,31,99,110,124,139,171,171,171,171,171],"floor_reached":51,"playtime":1627,"items_purged":["Strike_B"],"score":1294,"play_id":"29586656-c27e-4132-a526-399b0a3a3827","local_time":"20181104111419","is_ascension_mode":true,"campfire_choices":[{"floor":11,"key":"REST"},{"data":"Zap","floor":13,"key":"SMITH"},{"floor":15,"key":"REST"},{"floor":23,"key":"REST"},{"floor":25,"key":"REST"},{"data":"Reinforced Body","floor":28,"key":"SMITH"},{"data":"Dualcast","floor":32,"key":"SMITH"},{"data":"Consume","floor":40,"key":"SMITH"},{"floor":42,"key":"REST"},{"floor":49,"key":"REST"}],"neow_cost":"NONE","seed_source_timestamp":229060580698879,"circlet_count":0,"master_deck":["AscendersBane","Strike_B","Defend_B","Defend_B","Defend_B","Zap+1","Dualcast+1","Self Repair","Glacier","Electrodynamics+1","Reinforced Body+1","Capacitor","Machine Learning","Capacitor","Conserve Battery","Capacitor","Beam Cell","Writhe","Biased Cognition","Consume+1","Force Field+1","Conserve Battery+1","Loop+1"],"relics":["Cracked Core","NeowsBlessing","Oddly Smooth Stone","Orichalcum","Bottled Tornado","Juzu Bracelet","Runic Dome","Tiny Chest","Ice Cream","Bag of Preparation","Potion Belt","Cables","Velvet Choker","Lee\u0027s Waffle","Ornamental Fan","Bronze Scales"],"potions_floor_usage":[6,6,7,24,24,29,33,47,50,50],"damage_taken":[{"damage":0,"enemies":"Cultist","floor":1,"turns":1},{"damage":0,"enemies":"Small Slimes","floor":2,"turns":1},{"damage":0,"enemies":"2 Louse","floor":3,"turns":1},{"damage":7,"enemies":"2 Fungi Beasts","floor":4,"turns":4},{"damage":27,"enemies":"3 Sentries","floor":6,"turns":12},{"damage":12,"enemies":"Large Slime","floor":7,"turns":4},{"damage":0,"enemies":"Exordium Wildlife","floor":14,"turns":2},{"damage":34,"enemies":"Slime Boss","floor":16,"turns":9},{"damage":29,"enemies":"Chosen","floor":18,"turns":6},{"damage":33,"enemies":"Slavers","floor":24,"turns":3},{"damage":2,"enemies":"Spheric Guardian","floor":27,"turns":7},{"damage":2,"enemies":"Snecko","floor":29,"turns":8},{"damage":56,"enemies":"Collector","floor":33,"turns":18},{"damage":11,"enemies":"Orb Walker","floor":35,"turns":5},{"damage":4,"enemies":"3 Darklings","floor":36,"turns":3},{"damage":32,"enemies":"Jaw Worm Horde","floor":37,"turns":2},{"damage":44,"enemies":"Writhing Mass","floor":41,"turns":5},{"damage":0,"enemies":"4 Shapes","floor":44,"turns":2},{"damage":5,"enemies":"3 Darklings","floor":45,"turns":3},{"damage":6,"enemies":"Sphere and 2 Shapes","floor":46,"turns":5},{"damage":26,"enemies":"Nemesis","floor":47,"turns":9},{"damage":41,"enemies":"Donu and Deca","floor":50,"turns":7},{"damage":51,"enemies":"Time Eater","floor":51,"turns":5}],"seed_played":"-1962687038947511738","potions_obtained":[{"floor":2,"key":"Block Potion"},{"floor":3,"key":"Swift Potion"},{"floor":6,"key":"PowerPotion"},{"floor":16,"key":"Swift Potion"},{"floor":19,"key":"FocusPotion"},{"floor":19,"key":"Fire Potion"},{"floor":27,"key":"Regen Potion"},{"floor":29,"key":"EssenceOfSteel"},{"floor":33,"key":"Fire Potion"},{"floor":41,"key":"Explosive Potion"},{"floor":44,"key":"SteroidPotion"},{"floor":46,"key":"EssenceOfSteel"},{"floor":47,"key":"Strength Potion"}],"is_trial":false,"path_per_floor":["M","M","M","M","?","E","M","?","T","?","R","T","R","M","R","B",null,"M","?","?","$","?","R","E","R","T","M","R","M","?","T","R","B",null,"M","M","M","?","$","R","M","R","T","M","M","M","E","?","R","B","B"],"character_chosen":"DEFECT","items_purchased":["Capacitor","Tiny Chest","Conserve Battery","Lee\u0027s Waffle"],"campfire_rested":6,"item_purchase_floors":[21,21,21,39],"current_hp_per_floor":[64,64,64,64,57,37,32,27,27,27,48,48,48,48,69,42,64,42,42,22,22,22,44,18,40,40,45,45,65,65,65,65,16,61,57,60,28,28,83,83,46,70,70,70,65,66,47,47,71,37,0],"gold":171,"neow_bonus":"THREE_ENEMY_KILL","is_prod":false,"is_daily":false,"chose_seed":false,"campfire_upgraded":4,"win_rate":0,"timestamp":1541358859,"path_taken":["M","M","?","?","?","E","M","?","T","?","R","?","R","M","R","BOSS","M","?","?","$","?","R","E","R","T","M","R","M","?","?","R","BOSS","M","M","M","?","$","R","M","R","T","M","M","M","E","?","R","BOSS","BOSS"],"build_version":"2018-11-01","purchased_purges":1,"victory":false,"max_hp_per_floor":[71,71,71,71,71,71,71,71,71,71,71,71,71,71,71,71,71,71,71,76,76,76,76,76,76,76,76,76,76,76,76,76,76,76,76,76,76,76,83,83,83,83,83,83,83,83,83,83,83,83,83],"card_choices":[{"not_picked":["Rebound","Doom and Gloom"],"picked":"Self Repair","floor":1},{"not_picked":["Ball Lightning","Turbo"],"picked":"Glacier","floor":2},{"not_picked":["Leap","Redo","Melter"],"picked":"SKIP","floor":3},{"not_picked":["Turbo","Streamline","Compile Driver"],"picked":"SKIP","floor":4},{"not_picked":["Beam Cell","Rebound"],"picked":"Electrodynamics","floor":6},{"not_picked":["Hologram","Recycle"],"picked":"Reinforced Body","floor":7},{"not_picked":["Go for the Eyes","Conserve Battery"],"picked":"Capacitor","floor":14},{"not_picked":["Core Surge","Thunder Strike"],"picked":"Machine Learning","floor":16},{"not_picked":["Go for the Eyes","Coolheaded","Darkness"],"picked":"SKIP","floor":18},{"not_picked":["Rip and Tear","Hologram","Go for the Eyes"],"picked":"SKIP","floor":24},{"not_picked":["Go for the Eyes","Reprogram","Hologram"],"picked":"SKIP","floor":27},{"not_picked":["Gash","Leap","Sweeping Beam"],"picked":"SKIP","floor":29},{"not_picked":["Buffer","Rainbow"],"picked":"Biased Cognition","floor":33},{"not_picked":["Sweeping Beam+1","Beam Cell","Steam"],"picked":"SKIP","floor":35},{"not_picked":["Double Energy","Rebound+1"],"picked":"Consume","floor":36},{"not_picked":["Go for the Eyes","Beam Cell","Turbo+1"],"picked":"SKIP","floor":37},{"not_picked":["Streamline","Sweeping Beam"],"picked":"Force Field+1","floor":41},{"not_picked":["Beam Cell+1","Go for the Eyes+1","Gash"],"picked":"SKIP","floor":44},{"not_picked":["Darkness","Meteor Strike"],"picked":"Conserve Battery+1","floor":45},{"not_picked":["Steam","Beam Cell","Conserve Battery"],"picked":"SKIP","floor":46},{"not_picked":["Sunder","Doom and Gloom"],"picked":"Loop+1","floor":47}],"player_experience":612568,"relics_obtained":[{"floor":6,"key":"Oddly Smooth Stone"},{"floor":9,"key":"Bottled Tornado"},{"floor":12,"key":"Juzu Bracelet"},{"floor":24,"key":"Ice Cream"},{"floor":26,"key":"Bag of Preparation"},{"floor":31,"key":"Cables"},{"floor":43,"key":"Ornamental Fan"},{"floor":47,"key":"Bronze Scales"}],"event_choices":[{"cards_removed":["Defend_B"],"damage_healed":0,"gold_gain":0,"player_choice":"Card Removal","damage_taken":7,"max_hp_gain":0,"max_hp_loss":0,"event_name":"Golden Wing","floor":5,"gold_loss":0},{"damage_healed":0,"gold_gain":0,"player_choice":"Success","damage_taken":5,"relics_obtained":["Orichalcum"],"max_hp_gain":0,"max_hp_loss":0,"event_name":"Scrap Ooze","floor":8,"gold_loss":0},{"damage_healed":0,"gold_gain":0,"player_choice":"Grow","damage_taken":0,"max_hp_gain":0,"max_hp_loss":0,"event_name":"Living Wall","floor":10,"gold_loss":0,"cards_upgraded":["Electrodynamics"]},{"damage_healed":0,"gold_gain":0,"player_choice":"Got Potions","damage_taken":0,"max_hp_gain":0,"max_hp_loss":0,"event_name":"Lab","floor":19,"gold_loss":0},{"damage_healed":0,"gold_gain":0,"player_choice":"Shed Blood","damage_taken":25,"max_hp_gain":5,"max_hp_loss":0,"event_name":"Forgotten Altar","floor":20,"gold_loss":0},{"damage_healed":0,"gold_gain":0,"cards_transformed":["Strike_B","Strike_B"],"player_choice":"Became Test Subject","damage_taken":0,"max_hp_gain":0,"max_hp_loss":0,"event_name":"Drug Dealer","floor":22,"gold_loss":0,"cards_obtained":["Capacitor","Beam Cell"]},{"damage_healed":0,"gold_gain":0,"player_choice":"Opened","damage_taken":0,"relics_obtained":["Potion Belt"],"max_hp_gain":0,"max_hp_loss":0,"event_name":"The Mausoleum","floor":30,"gold_loss":0,"cards_obtained":["Writhe"]},{"damage_healed":0,"gold_gain":0,"player_choice":"Ignored","damage_taken":0,"max_hp_gain":0,"max_hp_loss":0,"event_name":"Tomb of Lord Red Mask","floor":38,"gold_loss":0},{"damage_healed":0,"gold_gain":0,"player_choice":"Memory 1","damage_taken":0,"max_hp_gain":0,"max_hp_loss":0,"event_name":"SensoryStone","floor":48,"gold_loss":0}],"is_beta":false,"boss_relics":[{"not_picked":["Calling Bell","Ectoplasm"],"picked":"Runic Dome"},{"not_picked":["Eternal Feather","Coffee Dripper"],"picked":"Velvet Choker"}],"items_purged_floors":[21],"is_endless":false,"potions_floor_spawned":[2,3,6,16,27,29,33,41,44,46,47],"killed_by":"Time Eater","ascension_level":20}