{"gold_per_floor":[114,134,134,154,168,178,193,193,217,237,255,330,342,354,354,451,451,466,479,499,499,155,174,174],"floor_reached":24,"playtime":1922,"items_purged":[],"score":198,"play_id":"a11704dc-2acd-41e4-9d16-0cb2efb866d6","local_time":"20180910050712","is_ascension_mode":false,"campfire_choices":[{"data":"Limit Break","floor":15,"key":"SMITH"}],"neow_cost":"NONE","seed_source_timestamp":285183708730343,"circlet_count":0,"master_deck":["Strike_R","Strike_R","Strike_R","Strike_R","Strike_R","Defend_R","Defend_R","Defend_R","Defend_R","Bash","Headbutt","Headbutt","Shockwave","Anger","Offering","Cleave","Flex","Pommel Strike","Limit Break+1","Iron Wave","Spot Weakness","Fiend Fire","Battle Trance"],"relics":["Burning Blood","Oddly Smooth Stone","Pen Nib","Sozu","Bag of Preparation","Medical Kit"],"potions_floor_usage":[10,16,16,16,19],"damage_taken":[{"damage":5,"enemies":"Jaw Worm","floor":1,"turns":4},{"damage":6,"enemies":"Small Slimes","floor":2,"turns":3},{"damage":0,"enemies":"2 Louse","floor":4,"turns":3},{"damage":9,"enemies":"Exordium Wildlife","floor":5,"turns":5},{"damage":7,"enemies":"Exordium Thugs","floor":6,"turns":3},{"damage":37,"enemies":"Gremlin Gang","floor":7,"turns":4},{"damage":6,"enemies":"Blue Slaver","floor":10,"turns":3},{"damage":0,"enemies":"Large Slime","floor":11,"turns":3},{"damage":6,"enemies":"Gremlin Gang","floor":13,"turns":4},{"damage":10,"enemies":"2 Fungi Beasts","floor":14,"turns":3},{"damage":22,"enemies":"Hexaghost","floor":16,"turns":5},{"damage":4,"enemies":"Spheric Guardian","floor":18,"turns":3},{"damage":13,"enemies":"Shell Parasite","floor":19,"turns":3},{"damage":30,"enemies":"Snecko","floor":20,"turns":5},{"damage":11,"enemies":"Cultist and Chosen","floor":23,"turns":4},{"damage":39,"enemies":"Sentry and Sphere","floor":24,"turns":4}],"seed_played":"1966169281394714250","potions_obtained":[{"floor":1,"key":"Strength Potion"},{"floor":5,"key":"Poison Potion"},{"floor":6,"key":"Explosive Potion"},{"floor":13,"key":"Weak Potion"},{"floor":16,"key":"Explosive Potion"}],"is_trial":false,"path_per_floor":["M","M","?","M","M","M","M","?","T","M","M","?","M","M","R","B",null,"M","M","M","?","$","M"],"character_chosen":"IRONCLAD","items_purchased":["Bag of Preparation","Medical Kit"],"campfire_rested":0,"item_purchase_floors":[22,22],"current_hp_per_floor":[80,80,77,80,77,76,45,65,65,65,71,60,60,56,56,40,80,80,73,49,49,49,44,5],"gold":174,"neow_bonus":"THREE_CARDS","is_prod":false,"is_daily":false,"chose_seed":false,"campfire_upgraded":1,"win_rate":0.0,"timestamp":1536570432,"path_taken":["M","M","?","M","M","M","M","?","T","M","M","?","M","M","R","BOSS","M","M","M","?","$","M","M"],"build_version":"2018-09-06","purchased_purges":0,"victory":false,"max_hp_per_floor":[80,80,80,80,80,80,80,80,80,80,80,80,80,80,80,80,80,80,80,80,77,77,77,77],"card_choices":[{"not_picked":["Battle Trance","Shockwave"],"picked":"Headbutt","floor":0},{"not_picked":["Hemokinesis","Iron Wave"],"picked":"Headbutt","floor":1},{"not_picked":["Second Wind","Wild Strike"],"picked":"Shockwave","floor":2},{"not_picked":["Hemokinesis","Armaments"],"picked":"Anger","floor":4},{"not_picked":["Hemokinesis","Clash"],"picked":"Offering","floor":5},{"not_picked":["Dual Wield","Clothesline"],"picked":"Cleave","floor":6},{"not_picked":["Corruption","Sword Boomerang"],"picked":"Flex","floor":7},{"not_picked":["Flex","Shrug It Off"],"picked":"Pommel Strike","floor":10},{"not_picked":["True Grit","Headbutt"],"picked":"Limit Break","floor":11},{"not_picked":["Infernal Blade","Clothesline"],"picked":"Iron Wave","floor":13},{"not_picked":["Warcry","Heavy Blade"],"picked":"Spot Weakness","floor":14},{"not_picked":["Juggernaut","Immolate"],"picked":"Fiend Fire","floor":16},{"not_picked":["Pommel Strike+1","Iron Wave"],"picked":"Battle Trance","floor":18},{"not_picked":["Sword Boomerang","Dropkick","True Grit"],"picked":"SKIP","floor":19},{"not_picked":["Armaments+1","Feel No Pain","Sword Boomerang"],"picked":"SKIP","floor":20},{"not_picked":["Headbutt","Rampage","Pommel Strike"],"picked":"SKIP","floor":23}],"player_experience":47034,"relics_obtained":[{"floor":9,"key":"Pen Nib"}],"event_choices":[{"event_name":"Scrap Ooze","player_choice":"success","floor":3,"damage_taken":3},{"event_name":"Mushrooms","player_choice":"Healed and dodged fight","floor":8,"damage_taken":0},{"event_name":"World of Goop","player_choice":"Gather Gold","floor":12,"damage_taken":0},{"event_name":"Purifier","player_choice":"One Purge","floor":21,"damage_taken":0}],"is_beta":false,"boss_relics":[{"not_picked":["White Beast Statue","Busted Crown"],"picked":"Sozu"}],"items_purged_floors":[],"is_endless":false,"potions_floor_spawned":[1,5,6,7,13,16,18],"killed_by":"Sentry and Sphere","ascension_level":0}