{"gold_per_floor":[112,62,62,62,237,265,265,290,290,127,127,161,161,175,175,272,272,286,376,394,394,410,439,439,128,151,162,162,178,178,35,35,137,137,147,147,18,31,50,50,64,64,135,135],"floor_reached":44,"playtime":3760,"items_purged":["Doubt","Regret","Strike_B"],"score":542,"play_id":"dc7627ff-19f5-4adf-8437-3ad5130f3614","local_time":"20190213121728","is_ascension_mode":true,"campfire_choices":[{"data":"Rainbow","floor":7,"key":"SMITH"},{"floor":11,"key":"RECALL"},{"data":"Loop","floor":15,"key":"SMITH"},{"floor":24,"key":"REST"},{"data":"Hello World","floor":28,"key":"SMITH"},{"data":"Defragment","floor":30,"key":"SMITH"},{"data":"Bandage Up","floor":32,"key":"SMITH"},{"floor":40,"key":"REST"}],"neow_cost":"NONE","seed_source_timestamp":606335417171,"circlet_count":0,"master_deck":["Strike_B","Strike_B","Defend_B","Defend_B","Defend_B","Zap+1","Dualcast","Coolheaded","Rainbow+1","Leap","Defragment+1","Ball Lightning","Conserve Battery","Loop+1","Hello World+1","Leap+1","Bandage Up+1","Chaos+1","Defragment+1","Capacitor+1"],"relics":["Cracked Core","NeowsBlessing","Pen Nib","Kunai","StoneCalendar","Smiling Mask","Boot","Lizard Tail","Nilry\u0027s Codex","Bag of Marbles","Lee\u0027s Waffle","Sozu","Matryoshka","Anchor","Mercury Hourglass"],"potions_floor_usage":[16,16,18,27,29,33],"damage_taken":[{"damage":0,"enemies":"2 Louse","floor":1,"turns":1},{"damage":0,"enemies":"Gremlin Nob","floor":6,"turns":1},{"damage":0,"enemies":"3 Sentries","floor":8,"turns":1},{"damage":6,"enemies":"Lagavulin","floor":12,"turns":7},{"damage":3,"enemies":"Small Slimes","floor":14,"turns":3},{"damage":20,"enemies":"The Guardian","floor":16,"turns":7},{"damage":26,"enemies":"2 Thieves","floor":18,"turns":4},{"damage":9,"enemies":"Shell Parasite","floor":20,"turns":5},{"damage":11,"enemies":"Snake Plant","floor":22,"turns":4},{"damage":34,"enemies":"Book of Stabbing","floor":23,"turns":7},{"damage":15,"enemies":"Centurion and Healer","floor":27,"turns":5},{"damage":7,"enemies":"Snecko","floor":29,"turns":4},{"damage":32,"enemies":"Champ","floor":33,"turns":10},{"damage":8,"enemies":"Orb Walker","floor":35,"turns":5},{"damage":34,"enemies":"3 Darklings","floor":38,"turns":5},{"damage":9,"enemies":"Maw","floor":39,"turns":7},{"damage":54,"enemies":"4 Shapes","floor":41,"turns":5},{"damage":28,"enemies":"Writhing Mass","floor":44,"turns":5}],"seed_played":"3417395602956970973","potions_obtained":[{"floor":6,"key":"Energy Potion"},{"floor":12,"key":"Poison Potion"},{"floor":16,"key":"AttackPotion"},{"floor":22,"key":"SteroidPotion"},{"floor":23,"key":"FocusPotion"},{"floor":27,"key":"Strength Potion"}],"is_trial":false,"path_per_floor":["M","?","?","?","?","E","R","E","T","$","R","E","?","M","R","B",null,"M","?","M","?","M","E","R","$","T","M","R","M","R","$","R","B",null,"M","?","?","M","M","R","M","?","T","M"],"character_chosen":"DEFECT","items_purchased":["Defragment","Ball Lightning","Lee\u0027s Waffle","Barrage","Bandage Up"],"campfire_rested":2,"item_purchase_floors":[10,10,25,25,31],"current_hp_per_floor":[75,75,75,68,68,68,68,68,68,68,68,62,62,59,59,39,75,49,35,26,10,37,3,25,82,82,67,67,60,60,60,60,34,82,74,74,74,46,43,67,19,19,19,0],"gold":135,"neow_bonus":"THREE_ENEMY_KILL","is_prod":false,"is_daily":false,"chose_seed":false,"campfire_upgraded":5,"win_rate":0,"timestamp":1550067448,"path_taken":["M","?","?","?","?","E","R","E","T","?","R","E","?","M","R","BOSS","M","?","?","?","M","E","R","?","T","?","R","M","R","$","R","BOSS","M","?","?","M","?","R","M","?","T","M"],"build_version":"2019-01-23","purchased_purges":3,"victory":false,"max_hp_per_floor":[75,75,75,75,75,75,75,75,75,75,75,75,75,75,75,75,75,75,75,75,75,75,75,75,82,82,82,82,82,82,82,82,82,82,82,82,82,82,82,82,82,82,82,82],"card_choices":[{"not_picked":["Redo","Compile Driver"],"picked":"Coolheaded","floor":1},{"not_picked":["Hologram","Go for the Eyes"],"picked":"Rainbow","floor":6},{"not_picked":["Beam Cell","Skim"],"picked":"Leap","floor":8},{"not_picked":["Darkness","Steam Power"],"picked":"Conserve Battery","floor":12},{"not_picked":["Glacier","FTL"],"picked":"Loop","floor":14},{"not_picked":["Coolheaded","Stack+1"],"picked":"Hello World","floor":18},{"not_picked":["Hologram","Auto Shields"],"picked":"Leap+1","floor":20},{"not_picked":["Loop+1","Conserve Battery","Turbo"],"picked":"SKIP","floor":22},{"not_picked":["Chill","Blizzard","Stack+1"],"picked":"SKIP","floor":23},{"not_picked":["Gash","Cold Snap","Scrape+1"],"picked":"SKIP","floor":27},{"not_picked":["Darkness","Steam","Barrage"],"picked":"SKIP","floor":29},{"not_picked":["Hologram","Genetic Algorithm"],"picked":"Chaos+1","floor":35},{"not_picked":["Coolheaded","Steam+1","Redo+1"],"picked":"SKIP","floor":38},{"not_picked":["Chaos+1","Redo+1"],"picked":"Defragment+1","floor":39},{"not_picked":["Turbo","Melter+1"],"picked":"Capacitor+1","floor":41}],"player_experience":98591,"relics_obtained":[{"floor":6,"key":"Pen Nib"},{"floor":8,"key":"Kunai"},{"floor":9,"key":"StoneCalendar"},{"floor":12,"key":"Smiling Mask"},{"floor":21,"key":"Nilry\u0027s Codex"},{"floor":23,"key":"Bag of Marbles"},{"floor":43,"key":"Anchor"},{"floor":43,"key":"Mercury Hourglass"}],"event_choices":[{"cards_removed":["Strike_B"],"damage_healed":0,"gold_gain":0,"player_choice":"Card Removal","damage_taken":0,"max_hp_gain":0,"max_hp_loss":0,"event_name":"The Cleric","floor":2,"gold_loss":50},{"damage_healed":0,"gold_gain":0,"player_choice":"Grow","damage_taken":0,"max_hp_gain":0,"max_hp_loss":0,"event_name":"Living Wall","floor":3,"gold_loss":0,"cards_upgraded":["Zap"]},{"cards_removed":["Defend_B"],"damage_healed":0,"gold_gain":0,"player_choice":"Card Removal","damage_taken":7,"max_hp_gain":0,"max_hp_loss":0,"event_name":"Golden Wing","floor":4,"gold_loss":0},{"damage_healed":0,"gold_gain":175,"player_choice":"AGREE","damage_taken":0,"max_hp_gain":0,"max_hp_loss":0,"event_name":"Liars Game","floor":5,"gold_loss":0,"cards_obtained":["Doubt"]},{"damage_healed":0,"gold_gain":0,"player_choice":"Box","damage_taken":0,"relics_obtained":["Boot"],"max_hp_gain":0,"max_hp_loss":0,"event_name":"Big Fish","floor":13,"gold_loss":0,"cards_obtained":["Regret"]},{"damage_healed":0,"gold_gain":90,"player_choice":"GOLD ","damage_taken":14,"max_hp_gain":0,"max_hp_loss":0,"event_name":"Knowing Skull","floor":19,"potions_obtained":[],"gold_loss":0,"cards_obtained":[]},{"damage_healed":0,"gold_gain":0,"player_choice":"Obtained Book","damage_taken":16,"max_hp_gain":0,"max_hp_loss":0,"event_name":"Cursed Tome","floor":21,"gold_loss":0},{"cards_removed":["Barrage"],"damage_healed":0,"gold_gain":0,"player_choice":"Removed Attack","damage_taken":0,"max_hp_gain":0,"max_hp_loss":0,"event_name":"Falling","floor":36,"gold_loss":0},{"damage_healed":0,"gold_gain":0,"player_choice":"Paid Gold","damage_taken":0,"relics_obtained":["Matryoshka"],"max_hp_gain":0,"max_hp_loss":0,"event_name":"WeMeetAgain","floor":37,"gold_loss":129},{"damage_healed":0,"gold_gain":0,"player_choice":"Ignored","damage_taken":0,"max_hp_gain":0,"max_hp_loss":0,"event_name":"Mysterious Sphere","floor":42,"gold_loss":0}],"is_beta":false,"boss_relics":[{"not_picked":["Fusion Hammer","Orrery"],"picked":"Lizard Tail"},{"not_picked":["FrozenCore","White Beast Statue"],"picked":"Sozu"}],"items_purged_floors":[10,25,31],"is_endless":false,"potions_floor_spawned":[6,12,16,22,23,27,35,39],"killed_by":"Writhing Mass","ascension_level":1}