{"path_per_floor":["M","M","?","?","$","R","?","M","T","M","M","R","E","M","R","B",null,"M","?","?","$","M","R","M","R","T"],"character_chosen":"IRONCLAD","items_purchased":["Rampage","Iron Wave"],"gold_per_floor":[117,129,129,129,57,57,57,75,75,99,114,114,157,181,181,306,306,326,326,249,123,138,138,157,157,157,157],"floor_reached":27,"campfire_rested":3,"playtime":1657,"item_purchase_floors":[5,21],"current_hp_per_floor":[79,78,78,78,78,78,74,73,73,68,57,57,49,49,71,36,74,52,36,36,36,33,55,31,53,53,0],"items_purged":["Strike_R"],"gold":157,"score":224,"play_id":"e533525a-f74d-400c-8d0f-b2d1f698bd41","local_time":"20180604201241","is_prod":false,"is_daily":false,"chose_seed":false,"is_ascension_mode":true,"campfire_upgraded":2,"win_rate":0,"timestamp":1528107161,"campfire_choices":[{"data":"Rampage","floor":6,"key":"SMITH"},{"data":"Rampage","floor":12,"key":"SMITH"},{"floor":15,"key":"REST"},{"floor":23,"key":"REST"},{"floor":25,"key":"REST"}],"path_taken":["M","M","?","?","?","R","?","M","T","M","?","R","E","M","R","BOSS","M","?","?","?","M","R","M","R","T","E"],"build_version":"2018-05-30v2","seed_source_timestamp":92458438689094,"purchased_purges":1,"victory":false,"master_deck":["Strike_R","Strike_R","Strike_R","Strike_R","Defend_R","Defend_R","Defend_R","Defend_R","Bash+1","Second Wind","Iron Wave","Rampage+1","Iron Wave","Rampage+1","Armaments","Double Tap","J.A.X.","Iron Wave","Clash","Reaper"],"max_hp_per_floor":[80,80,80,80,80,80,74,74,74,74,74,74,74,74,74,74,74,74,74,74,74,74,74,74,74,74,74],"relics":["Sozu","Golden Idol","Centennial Puzzle","Boot","Mark of Pain","Enchiridion","Peace Pipe"],"card_choices":[{"not_picked":["Whirlwind","Thunderclap"],"picked":"Second Wind","floor":1},{"not_picked":["Warcry","Wild Strike"],"picked":"Iron Wave","floor":2},{"not_picked":["Flex","Headbutt"],"picked":"Iron Wave","floor":8},{"not_picked":["Shrug It Off","Wild Strike","Juggernaut"],"picked":"SKIP","floor":10},{"not_picked":["Sentinel","Twin Strike"],"picked":"Rampage","floor":11},{"not_picked":["Clothesline","Perfected Strike"],"picked":"Armaments","floor":13},{"not_picked":["Pommel Strike","Body Slam","Shrug It Off"],"picked":"SKIP","floor":14},{"not_picked":["Juggernaut","Berserk"],"picked":"Double Tap","floor":16},{"not_picked":["Blood for Blood","Disarm","Second Wind"],"picked":"SKIP","floor":18},{"not_picked":["True Grit","Wild Strike+1"],"picked":"Clash","floor":22},{"not_picked":["Shrug It Off","Havoc"],"picked":"Reaper","floor":24}],"player_experience":360939,"potions_floor_usage":[],"damage_taken":[{"damage":1,"enemies":"Jaw Worm","floor":1,"turns":2},{"damage":1,"enemies":"2 Louse","floor":2,"turns":2},{"damage":1,"enemies":"Cultist","floor":8,"turns":3},{"damage":5,"enemies":"Looter","floor":10,"turns":2},{"damage":11,"enemies":"Exordium Wildlife","floor":11,"turns":3},{"damage":8,"enemies":"Gremlin Nob","floor":13,"turns":3},{"damage":0,"enemies":"2 Fungi Beasts","floor":14,"turns":3},{"damage":35,"enemies":"Hexaghost","floor":16,"turns":8},{"damage":22,"enemies":"Chosen","floor":18,"turns":5},{"damage":3,"enemies":"3 Byrds","floor":22,"turns":5},{"damage":24,"enemies":"Centurion and Healer","floor":24,"turns":6},{"damage":74,"enemies":"Slavers","floor":27,"turns":4}],"relics_obtained":[{"floor":9,"key":"Centennial Puzzle"},{"floor":13,"key":"Boot"},{"floor":19,"key":"Enchiridion"},{"floor":26,"key":"Peace Pipe"}],"event_choices":[{"event_name":"Living Wall","player_choice":"Grow","floor":3,"damage_taken":0},{"event_name":"Liars Game","player_choice":"disagreed","floor":4,"damage_taken":0},{"event_name":"Golden Idol","player_choice":"Lose Max HP","floor":7,"damage_taken":0},{"event_name":"Cursed Tome","player_choice":"Obtained Book","floor":19,"damage_taken":0},{"event_name":"Drug Dealer","player_choice":"Got JAXXED","floor":20,"damage_taken":0}],"boss_relics":[{"not_picked":["Snecko Eye","Eternal Feather"],"picked":"Mark of Pain"}],"items_purged_floors":[21],"potions_floor_spawned":[1,11,14],"seed_played":"3963805440139723237","killed_by":"Slavers","ascension_level":1,"potions_obtained":[],"is_trial":false}