{"gold_per_floor":[112,30,30,42,42,76,76,103,103,103,135,145,145],"floor_reached":13,"playtime":540,"items_purged":[],"score":182,"play_id":"ce7cb696-8c4a-4461-a033-3b1fbed6406a","local_time":"20180909140844","is_ascension_mode":true,"campfire_choices":[{"floor":7,"key":"REST"}],"neow_cost":"NONE","seed_source_timestamp":886251171470498,"circlet_count":0,"master_deck":["Strike_B","Strike_B","Strike_B","Strike_B","Defend_B","Defend_B","Defend_B","Defend_B","Zap","Dualcast","AscendersBane","Cold Snap","FTL","Loop","Machine Learning","Conserve Battery","Parasite","Go for the Eyes","Leap"],"relics":["Cursed Key","Strawberry","Prayer Wheel","Gremlin Horn","Ancient Tea Set"],"potions_floor_usage":[6,8,11],"damage_taken":[{"damage":7,"enemies":"Jaw Worm","floor":1,"turns":3},{"damage":0,"enemies":"Cultist","floor":4,"turns":4},{"damage":16,"enemies":"Gremlin Nob","floor":6,"turns":4},{"damage":12,"enemies":"Lagavulin","floor":8,"turns":8},{"damage":20,"enemies":"3 Sentries","floor":11,"turns":6},{"damage":9,"enemies":"2 Louse","floor":12,"turns":2},{"damage":45,"enemies":"Gremlin Nob","floor":13,"turns":6}],"seed_played":"8306609173709722891","potions_obtained":[{"floor":3,"key":"Swift Potion"},{"floor":3,"key":"Block Potion"},{"floor":6,"key":"Strength Potion"},{"floor":11,"key":"Dexterity Potion"},{"floor":12,"key":"Dexterity Potion"}],"is_trial":false,"path_per_floor":["M","$","?","M","?","E","R","E","T","?","E","M"],"character_chosen":"DEFECT","items_purchased":["FTL"],"campfire_rested":1,"item_purchase_floors":[2],"current_hp_per_floor":[57,57,57,57,57,48,71,59,59,64,44,35,0],"gold":145,"neow_bonus":"BOSS_RELIC","is_prod":false,"is_daily":false,"chose_seed":false,"campfire_upgraded":0,"win_rate":0,"timestamp":1536494924,"path_taken":["M","$","?","M","?","E","R","E","T","?","E","?","?"],"build_version":"2018-09-06","purchased_purges":0,"victory":false,"max_hp_per_floor":[71,71,71,71,71,78,78,78,78,83,83,83,83],"card_choices":[{"not_picked":["Hologram","Rebound"],"picked":"Cold Snap","floor":1},{"not_picked":["Sunder","Skim"],"picked":"Loop","floor":4},{"not_picked":["White Noise","Storm"],"picked":"Machine Learning","floor":6},{"not_picked":["Lockon","Turbo"],"picked":"Conserve Battery","floor":8},{"not_picked":["Multi-Cast","Stack"],"picked":"Go for the Eyes","floor":11},{"not_picked":["Rip and Tear","Blizzard"],"picked":"Leap","floor":12},{"not_picked":["Coolheaded","Steam","Rebound"],"picked":"SKIP","floor":12}],"player_experience":976171,"relics_obtained":[{"floor":6,"key":"Strawberry"},{"floor":8,"key":"Prayer Wheel"},{"floor":9,"key":"Gremlin Horn"},{"floor":11,"key":"Ancient Tea Set"}],"event_choices":[{"event_name":"The Lab","player_choice":"Got Potions","floor":3,"damage_taken":0},{"event_name":"Scrap Ooze","player_choice":"unsuccessful","floor":5,"damage_taken":0},{"event_name":"Big Fish","player_choice":"Donut","floor":10,"damage_taken":0},{"event_name":"Dead Adventurer","player_choice":"Searched \u00271\u0027 times","floor":13,"damage_taken":0}],"is_beta":false,"boss_relics":[],"items_purged_floors":[],"is_endless":false,"potions_floor_spawned":[6,11,12],"killed_by":"Gremlin Nob","ascension_level":16}