{"gold_per_floor":[110,29,39,39,55,88,88,105,105,124,141,156,174,193,193,289,289,301,301,311,96,106,106,106,2,2,12,26,40,40,51,51,147,147,161,161,181,181,181,207,207,207],"floor_reached":42,"playtime":2484,"items_purged":[],"score":609,"play_id":"ac351d1b-c028-464c-b60d-eac57ec3136b","local_time":"20190308000950","is_ascension_mode":true,"campfire_choices":[{"data":"Noxious Fumes","floor":7,"key":"SMITH"},{"floor":15,"key":"REST"},{"floor":23,"key":"REST"},{"floor":30,"key":"REST"},{"floor":32,"key":"REST"},{"data":"Noxious Fumes","floor":41,"key":"SMITH"}],"neow_cost":"NONE","seed_source_timestamp":587778137906944,"circlet_count":0,"master_deck":["Defend_G","Defend_G","Defend_G","Defend_G","Defend_G","Strike_G","Strike_G","Strike_G","Strike_G","Strike_G","Survivor","Neutralize","Deadly Poison","Infinite Blades","Riddle With Holes","Deadly Poison","Noxious Fumes+1","Calculated Gamble","Phantasmal Killer","Crippling Poison","Deadly Poison","Terror","Noxious Fumes","Venomology","Dash+1","RitualDagger","Cloak And Dagger","Infinite Blades","Blade Dance","Ghostly","Ghostly","Ghostly","Ghostly","Ghostly","Noxious Fumes+1","Cloak And Dagger","Cloak And Dagger+1","Choke","Escape Plan+1","Blade Dance","Corpse Explosion","PiercingWail","Catalyst+1","Bandage Up","Writhe"],"relics":["Ring of the Serpent","Ginger","Torii","WristBlade","Blood Vial","Mango","Shovel"],"potions_floor_usage":[14,16,22,27,31,33,33],"damage_taken":[{"damage":5,"enemies":"Cultist","floor":1,"turns":5},{"damage":0,"enemies":"Jaw Worm","floor":3,"turns":4},{"damage":0,"enemies":"Small Slimes","floor":5,"turns":3},{"damage":25,"enemies":"Gremlin Nob","floor":6,"turns":5},{"damage":4,"enemies":"Exordium Wildlife","floor":8,"turns":4},{"damage":16,"enemies":"Gremlin Gang","floor":10,"turns":5},{"damage":10,"enemies":"Blue Slaver","floor":11,"turns":3},{"damage":10,"enemies":"2 Fungi Beasts","floor":12,"turns":4},{"damage":1,"enemies":"Large Slime","floor":13,"turns":4},{"damage":0,"enemies":"Exordium Thugs","floor":14,"turns":2},{"damage":28,"enemies":"Slime Boss","floor":16,"turns":9},{"damage":24,"enemies":"Chosen","floor":18,"turns":5},{"damage":8,"enemies":"Spheric Guardian","floor":20,"turns":3},{"damage":34,"enemies":"Cultist and Chosen","floor":22,"turns":6},{"damage":20,"enemies":"Shelled Parasite and Fungi","floor":27,"turns":7},{"damage":15,"enemies":"Snecko","floor":28,"turns":7},{"damage":13,"enemies":"Centurion and Healer","floor":29,"turns":7},{"damage":9,"enemies":"3 Cultists","floor":31,"turns":5},{"damage":0,"enemies":"Collector","floor":33,"turns":8},{"damage":18,"enemies":"3 Darklings","floor":35,"turns":4},{"damage":11,"enemies":"3 Shapes","floor":37,"turns":7},{"damage":9,"enemies":"Giant Head","floor":40,"turns":8},{"damage":39,"enemies":"3 Darklings","floor":42,"turns":2}],"seed_played":"-1849892170078070086","potions_obtained":[{"floor":3,"key":"SmokeBomb"},{"floor":8,"key":"SteroidPotion"},{"floor":13,"key":"AttackPotion"},{"floor":14,"key":"LiquidBronze"},{"floor":16,"key":"Swift Potion"},{"floor":29,"key":"Regen Potion"},{"floor":33,"key":"FearPotion"},{"floor":40,"key":"Poison Potion"}],"is_trial":false,"path_per_floor":["M","$","M","$","M","E","R","M","T","M","M","M","M","M","R","B",null,"M","?","M","$","M","R","?","$","T","M","M","M","R","M","R","B",null,"M","?","M","?","?","E","R","M"],"character_chosen":"THE_SILENT","items_purchased":["Infinite Blades","Infinite Blades","Blood Vial","Noxious Fumes","Cloak And Dagger"],"campfire_rested":4,"item_purchase_floors":[2,21,21,25,25],"current_hp_per_floor":[72,72,72,72,72,47,47,43,43,27,17,7,6,6,29,1,77,53,47,39,39,7,30,30,30,44,26,13,2,17,25,40,42,52,34,34,25,25,38,35,35,0],"gold":207,"neow_bonus":"TEN_PERCENT_HP_BONUS","is_prod":false,"is_daily":false,"chose_seed":false,"campfire_upgraded":2,"win_rate":0,"timestamp":1552021790,"path_taken":["M","?","?","$","M","E","R","M","T","M","?","M","M","M","R","BOSS","M","?","M","$","M","R","?","?","T","M","M","M","R","?","R","BOSS","M","?","M","?","?","E","R","M"],"build_version":"2019-01-23","purchased_purges":0,"victory":false,"max_hp_per_floor":[77,77,77,77,77,77,77,77,77,77,77,77,77,77,77,77,77,77,77,77,77,77,77,38,38,52,52,52,52,52,52,52,52,52,52,52,52,52,52,52,52,52],"card_choices":[{"not_picked":["Dodge and Roll","Prepared"],"picked":"Deadly Poison","floor":1},{"not_picked":["Quick Slash","Bane"],"picked":"Riddle With Holes","floor":3},{"not_picked":["Dodge and Roll","Deflect"],"picked":"Deadly Poison","floor":5},{"not_picked":["Riddle With Holes","Acrobatics"],"picked":"Noxious Fumes","floor":6},{"not_picked":["Poisoned Stab","Setup"],"picked":"Calculated Gamble","floor":8},{"not_picked":["Acrobatics","Accuracy"],"picked":"Phantasmal Killer","floor":10},{"not_picked":["Skewer","Cloak And Dagger"],"picked":"Crippling Poison","floor":11},{"not_picked":["Prepared","Bouncing Flask"],"picked":"Deadly Poison","floor":12},{"not_picked":["All Out Attack","Slice"],"picked":"Terror","floor":13},{"not_picked":["Finisher","Calculated Gamble"],"picked":"Noxious Fumes","floor":14},{"not_picked":["Tools of the Trade","Bullet Time"],"picked":"Venomology","floor":16},{"not_picked":["Poisoned Stab","Dagger Throw"],"picked":"Dash+1","floor":18},{"not_picked":["Expertise","Setup"],"picked":"Cloak And Dagger","floor":20},{"not_picked":["Skewer","Dagger Spray"],"picked":"Blade Dance","floor":22},{"not_picked":["Calculated Gamble","Leg Sweep+1"],"picked":"Cloak And Dagger+1","floor":27},{"not_picked":["Dagger Throw","Distraction+1"],"picked":"Choke","floor":28},{"not_picked":["Slice+1","Deadly Poison"],"picked":"Escape Plan+1","floor":29},{"not_picked":["Deadly Poison","Die Die Die"],"picked":"Blade Dance","floor":31},{"not_picked":["Malaise","Unload"],"picked":"Corpse Explosion","floor":33},{"not_picked":["Dagger Spray+1","Expertise"],"picked":"PiercingWail","floor":35},{"not_picked":["Slice","Deflect+1"],"picked":"Catalyst+1","floor":37},{"not_picked":["Deep Breath","Enlightenment"],"picked":"Bandage Up","floor":38},{"not_picked":["Dodge and Roll+1","Quick Slash+1","Dash"],"picked":"SKIP","floor":40}],"player_experience":1151266,"relics_obtained":[{"floor":6,"key":"Ginger"},{"floor":9,"key":"Torii"},{"floor":26,"key":"Mango"},{"floor":40,"key":"Shovel"}],"event_choices":[{"damage_healed":0,"gold_gain":0,"player_choice":"Joined the Cult","damage_taken":6,"max_hp_gain":0,"max_hp_loss":0,"event_name":"Nest","floor":19,"gold_loss":0,"cards_obtained":["RitualDagger"]},{"damage_healed":0,"gold_gain":0,"player_choice":"Became a Ghost","damage_taken":0,"max_hp_gain":0,"max_hp_loss":39,"event_name":"Ghosts","floor":24,"gold_loss":0,"cards_obtained":["Ghostly","Ghostly","Ghostly","Ghostly","Ghostly"]},{"damage_healed":0,"gold_gain":0,"player_choice":"Ignored","damage_taken":0,"max_hp_gain":0,"max_hp_loss":0,"event_name":"Mysterious Sphere","floor":36,"gold_loss":0},{"damage_healed":0,"gold_gain":0,"player_choice":"Memory 1","damage_taken":0,"max_hp_gain":0,"max_hp_loss":0,"event_name":"SensoryStone","floor":38,"gold_loss":0},{"damage_healed":13,"gold_gain":0,"player_choice":"Writhe","damage_taken":0,"max_hp_gain":0,"max_hp_loss":0,"event_name":"Winding Halls","floor":39,"gold_loss":0,"cards_obtained":["Writhe"]}],"is_beta":false,"boss_relics":[{"not_picked":["Lizard Tail","HoveringKite"],"picked":"WristBlade"},{"not_picked":["Runic Pyramid","Black Star"],"picked":"Ring of the Serpent"}],"items_purged_floors":[],"is_endless":false,"potions_floor_spawned":[3,8,13,14,16,18,27,29,33,40],"killed_by":"3 Darklings","ascension_level":3}