{"gold_per_floor":[113,128,144,155,166,166,116,141,141,141,175,197,209,252,264,372,384,412,442,228,240,85,111,111,138,138,153,169,169,199,218,218,316,316,334,334,334,434,22,50,50,69,69,85,85,103,132,132,132,132],"floor_reached":51,"playtime":3065,"items_purged":["Defend_R","Strike_R"],"score":851,"play_id":"5bd11fb7-d5bd-4773-bb11-c954f1a6e839","local_time":"20190306222047","is_ascension_mode":true,"campfire_choices":[{"data":"Uppercut","floor":6,"key":"SMITH"},{"data":"Pommel Strike","floor":10,"key":"SMITH"},{"floor":15,"key":"REST"},{"data":"Pommel Strike","floor":29,"key":"SMITH"},{"data":"Flex","floor":32,"key":"SMITH"},{"floor":45,"key":"DIG"},{"floor":49,"key":"DIG"}],"neow_cost":"PERCENT_DAMAGE","seed_source_timestamp":305960763310068,"circlet_count":0,"master_deck":["Strike_R","Defend_R","Defend_R","Bash+1","Impervious","Flex+1","Uppercut+1","Pommel Strike+1","Sentinel+1","Warcry+1","Exhume+1","Burning Pact+1","Pommel Strike+1","Spot Weakness+1","Exhume+1","Dark Embrace","Flash of Steel","Madness+1","Madness+1","Disarm+1"],"relics":["Burning Blood","Toxic Egg 2","Mummified Hand","MawBank","Ice Cream","Philosopher\u0027s Stone","Ancient Tea Set","Bag of Preparation","Boot","Happy Flower","Meat on the Bone","Self Forming Clay","Lizard Tail","Shovel","Dead Branch","Darkstone Periapt","Singing Bowl","Mercury Hourglass","Paper Frog","Shuriken"],"potions_floor_usage":[8,16,25,25,40,50],"damage_taken":[{"damage":0,"enemies":"Cultist","floor":1,"turns":2},{"damage":7,"enemies":"Small Slimes","floor":2,"turns":4},{"damage":4,"enemies":"2 Louse","floor":3,"turns":3},{"damage":9,"enemies":"Red Slaver","floor":4,"turns":3},{"damage":4,"enemies":"Looter","floor":5,"turns":4},{"damage":8,"enemies":"Lagavulin","floor":8,"turns":5},{"damage":17,"enemies":"Gremlin Nob","floor":11,"turns":4},{"damage":4,"enemies":"Exordium Wildlife","floor":12,"turns":6},{"damage":32,"enemies":"3 Sentries","floor":14,"turns":9},{"damage":20,"enemies":"Slime Boss","floor":16,"turns":13},{"damage":23,"enemies":"2 Thieves","floor":18,"turns":5},{"damage":14,"enemies":"3 Byrds","floor":19,"turns":6},{"damage":1,"enemies":"Sentry and Sphere","floor":21,"turns":4},{"damage":37,"enemies":"Book of Stabbing","floor":23,"turns":5},{"damage":6,"enemies":"Slavers","floor":25,"turns":4},{"damage":0,"enemies":"Snake Plant","floor":27,"turns":3},{"damage":11,"enemies":"Snecko","floor":28,"turns":4},{"damage":5,"enemies":"Book of Stabbing","floor":30,"turns":2},{"damage":20,"enemies":"Cultist and Chosen","floor":31,"turns":6},{"damage":30,"enemies":"Champ","floor":33,"turns":8},{"damage":10,"enemies":"3 Shapes","floor":35,"turns":5},{"damage":17,"enemies":"Mind Bloom Boss Battle","floor":38,"turns":5},{"damage":31,"enemies":"Nemesis","floor":40,"turns":3},{"damage":0,"enemies":"3 Darklings","floor":42,"turns":2},{"damage":0,"enemies":"Jaw Worm Horde","floor":44,"turns":2},{"damage":0,"enemies":"Transient","floor":46,"turns":5},{"damage":0,"enemies":"Reptomancer","floor":47,"turns":3},{"damage":14,"enemies":"Donu and Deca","floor":50,"turns":4}],"seed_played":"-6040551219859402918","potions_obtained":[{"floor":1,"key":"PowerPotion"},{"floor":5,"key":"SmokeBomb"},{"floor":14,"key":"Fire Potion"},{"floor":16,"key":"Energy Potion"},{"floor":23,"key":"SkillPotion"},{"floor":25,"key":"LiquidBronze"},{"floor":30,"key":"FearPotion"},{"floor":40,"key":"EssenceOfSteel"}],"is_trial":false,"path_per_floor":["M","M","M","M","M","R","?","E","T","R","E","M","?","E","R","B",null,"M","M","$","M","$","E","?","E","T","M","M","R","E","M","R","B",null,"M","?","$","?","$","E","?","M","T","M","R","M","E","?","R","B",null],"character_chosen":"IRONCLAD","items_purchased":["Ancient Tea Set","Bag of Preparation","Dead Branch"],"campfire_rested":1,"item_purchase_floors":[20,22,39],"current_hp_per_floor":[62,61,63,60,62,62,62,60,60,60,49,51,51,25,49,35,80,63,55,55,60,60,29,29,29,29,47,54,54,55,53,53,41,80,76,76,76,65,65,52,42,48,48,56,56,64,72,72,72,64],"gold":132,"neow_bonus":"TRANSFORM_TWO_CARDS","is_prod":false,"is_daily":false,"chose_seed":false,"campfire_upgraded":4,"win_rate":0,"timestamp":1551907247,"path_taken":["M","M","M","?","M","R","?","E","T","R","E","M","?","E","R","BOSS","M","M","$","M","$","E","?","E","T","M","M","R","E","M","R","BOSS","M","?","$","?","$","E","?","M","T","M","R","M","E","?","R","BOSS"],"build_version":"2019-01-23","purchased_purges":2,"victory":true,"max_hp_per_floor":[80,80,80,80,80,80,80,80,80,80,80,80,80,80,80,80,80,80,80,80,80,80,80,80,80,80,80,80,80,80,80,80,80,80,80,80,80,80,80,80,80,80,80,82,82,84,86,86,86,86],"card_choices":[{"not_picked":["Headbutt","Carnage","Thunderclap"],"picked":"SKIP","floor":1},{"not_picked":["Warcry","Clash"],"picked":"Uppercut","floor":2},{"not_picked":["Thunderclap","Flame Barrier"],"picked":"Pommel Strike","floor":3},{"not_picked":["Reaper","Ghostly Armor","Clothesline"],"picked":"SKIP","floor":4},{"not_picked":["Perfected Strike","Corruption","Carnage"],"picked":"SKIP","floor":5},{"not_picked":["Sever Soul","Anger","Dual Wield"],"picked":"SKIP","floor":8},{"not_picked":["Thunderclap","Twin Strike"],"picked":"Sentinel+1","floor":11},{"not_picked":["Impervious+1","Evolve","Rage+1"],"picked":"SKIP","floor":12},{"not_picked":["Evolve","Hemokinesis"],"picked":"Warcry+1","floor":14},{"not_picked":["Barricade","Impervious+1"],"picked":"Exhume+1","floor":16},{"not_picked":["Headbutt+1","Bloodletting+1"],"picked":"Burning Pact+1","floor":18},{"not_picked":["Headbutt","Whirlwind"],"picked":"Pommel Strike","floor":19},{"not_picked":["Body Slam+1","Clothesline+1","Heavy Blade"],"picked":"SKIP","floor":21},{"not_picked":["Pummel","Armaments+1"],"picked":"Spot Weakness+1","floor":23},{"not_picked":["Sword Boomerang","Flex+1"],"picked":"Exhume+1","floor":25},{"not_picked":["Flex+1","Heavy Blade+1","True Grit+1"],"picked":"SKIP","floor":27},{"not_picked":["True Grit+1","Heavy Blade+1","Ghostly Armor+1"],"picked":"SKIP","floor":28},{"not_picked":["Headbutt","Metallicize","Sword Boomerang+1"],"picked":"SKIP","floor":30},{"not_picked":["Pommel Strike+1","Clothesline","Warcry+1"],"picked":"SKIP","floor":31},{"not_picked":["Berserk","Demon Form"],"picked":"Dark Embrace","floor":33},{"not_picked":["Armaments+1","Clash","Carnage+1"],"picked":"SKIP","floor":35},{"not_picked":["Madness+1","Bandage Up+1"],"picked":"Flash of Steel","floor":36},{"not_picked":["Clash+1","Heavy Blade+1","Perfected Strike+1"],"picked":"SKIP","floor":40},{"not_picked":["Perfected Strike","Double Tap+1"],"picked":"Disarm+1","floor":42},{"not_picked":["Pommel Strike","Shrug It Off+1","Disarm+1"],"picked":"Singing Bowl","floor":44},{"not_picked":["Thunderclap","Blood for Blood+1","Shrug It Off+1"],"picked":"Singing Bowl","floor":46},{"not_picked":["Feed","Evolve","Clash"],"picked":"Singing Bowl","floor":47}],"player_experience":1073428,"relics_obtained":[{"floor":8,"key":"Toxic Egg 2"},{"floor":9,"key":"Mummified Hand"},{"floor":11,"key":"MawBank"},{"floor":14,"key":"Ice Cream"},{"floor":23,"key":"Boot"},{"floor":25,"key":"Happy Flower"},{"floor":26,"key":"Meat on the Bone"},{"floor":30,"key":"Self Forming Clay"},{"floor":38,"key":"Shovel"},{"floor":40,"key":"Darkstone Periapt"},{"floor":43,"key":"Singing Bowl"},{"floor":45,"key":"Mercury Hourglass"},{"floor":47,"key":"Paper Frog"},{"floor":49,"key":"Shuriken"}],"event_choices":[{"cards_removed":["Strike_R"],"damage_healed":0,"gold_gain":0,"player_choice":"Card Removal","damage_taken":0,"max_hp_gain":0,"max_hp_loss":0,"event_name":"The Cleric","floor":7,"gold_loss":50},{"damage_healed":0,"gold_gain":0,"player_choice":"Forge","damage_taken":0,"max_hp_gain":0,"max_hp_loss":0,"event_name":"Accursed Blacksmith","floor":13,"gold_loss":0,"cards_upgraded":["Bash"]},{"damage_healed":0,"gold_gain":0,"player_choice":"Ignored","damage_taken":0,"max_hp_gain":0,"max_hp_loss":0,"event_name":"Vampires","floor":24,"gold_loss":0},{"damage_healed":0,"gold_gain":0,"player_choice":"Memory 1","damage_taken":0,"max_hp_gain":0,"max_hp_loss":0,"event_name":"SensoryStone","floor":36,"gold_loss":0},{"damage_healed":0,"gold_gain":0,"player_choice":"Fight","damage_taken":0,"max_hp_gain":0,"max_hp_loss":0,"event_name":"MindBloom","floor":38,"gold_loss":0},{"damage_healed":0,"gold_gain":0,"player_choice":"Embrace Madness","damage_taken":10,"max_hp_gain":0,"max_hp_loss":0,"event_name":"Winding Halls","floor":41,"gold_loss":0,"cards_obtained":["Madness","Madness"]},{"cards_removed":["Strike_R"],"damage_healed":0,"gold_gain":0,"player_choice":"Offered Basic","damage_taken":0,"max_hp_gain":0,"max_hp_loss":0,"event_name":"Bonfire Elementals","floor":48,"gold_loss":0}],"is_beta":false,"boss_relics":[{"not_picked":["Runic Cube","Eternal Feather"],"picked":"Philosopher\u0027s Stone"},{"not_picked":["Velvet Choker","Busted Crown"],"picked":"Lizard Tail"}],"items_purged_floors":[20,39],"is_endless":false,"potions_floor_spawned":[1,5,14,16,23,25,30,33,38,40],"ascension_level":1}