{"gold_per_floor":[118,118,118,136,155,155,168,168,168,182,199,74,74,100,100,100],"floor_reached":16,"playtime":587,"items_purged":[],"score":204,"play_id":"8fe31655-8425-4bd9-929d-44140831c01c","local_time":"20181119232105","is_ascension_mode":true,"campfire_choices":[{"floor":6.0,"key":"REST"},{"floor":8.0,"key":"REST"},{"floor":13.0,"key":"RECALL"},{"floor":15.0,"key":"REST"}],"neow_cost":"PERCENT_DAMAGE","seed_source_timestamp":45432777282103,"circlet_count":0,"master_deck":["AscendersBane","Strike_R+1","Strike_R","Strike_R","Strike_R","Defend_R","Defend_R+1","Defend_R","Defend_R","Bash","Offering","Shrug It Off","Reaper+1","Rampage+1","Spot Weakness","Metallicize"],"special_seed":0,"relics":["Burning Blood","Molten Egg 2","Turnip"],"potions_floor_usage":[16],"damage_taken":[{"damage":15.0,"enemies":"Jaw Worm","floor":1.0,"turns":3.0},{"damage":7.0,"enemies":"2 Louse","floor":4.0,"turns":4.0},{"damage":5.0,"enemies":"Small Slimes","floor":5.0,"turns":5.0},{"damage":10.0,"enemies":"Red Slaver","floor":7.0,"turns":3.0},{"damage":6.0,"enemies":"Blue Slaver","floor":10.0,"turns":4.0},{"damage":17.0,"enemies":"Exordium Thugs","floor":11.0,"turns":4.0},{"damage":20.0,"enemies":"3 Sentries","floor":14.0,"turns":6.0},{"damage":90,"enemies":"Hexaghost","floor":16,"turns":9}],"seed_played":"4291137370042805660","potions_obtained":[{"floor":10.0,"key":"FairyPotion"},{"floor":11.0,"key":"SkillPotion"},{"floor":14.0,"key":"GamblersBrew"}],"is_trial":false,"path_per_floor":["M","?","?","M","M","R","M","R","T","M","M","$","R","E","R","B"],"character_chosen":"IRONCLAD","items_purchased":["Rampage+1","Spot Weakness"],"campfire_rested":3,"item_purchase_floors":[12,12],"current_hp_per_floor":[41,18,11,10,11,33,29,51,51,51,40,40,40,47,69,0],"gold":100,"neow_bonus":"THREE_RARE_CARDS","is_prod":false,"is_daily":false,"chose_seed":false,"campfire_upgraded":0,"win_rate":0,"timestamp":1542698465,"path_taken":["M","?","?","M","M","R","M","R","T","M","M","$","R","E","R","BOSS"],"build_version":"2018-11-15","purchased_purges":0,"victory":false,"max_hp_per_floor":[75,75,75,75,75,75,75,75,75,75,75,75,75,75,75,75],"card_choices":[{"not_picked":["Barricade","Berserk"],"picked":"Offering","floor":0.0},{"not_picked":["Twin Strike","Armaments","Cleave"],"picked":"SKIP","floor":1.0},{"not_picked":["Pommel Strike","Ghostly Armor"],"picked":"Shrug It Off","floor":4.0},{"not_picked":["Entrench","Rage","Cleave"],"picked":"SKIP","floor":5.0},{"not_picked":["Intimidate","Havoc","Flex"],"picked":"SKIP","floor":7.0},{"not_picked":["Hemokinesis+1","Headbutt+1","Heavy Blade+1"],"picked":"SKIP","floor":10.0},{"not_picked":["Intimidate","Perfected Strike+1"],"picked":"Reaper+1","floor":11.0},{"not_picked":["True Grit","Combust"],"picked":"Metallicize","floor":14.0}],"player_experience":654722,"relics_obtained":[{"floor":9.0,"key":"Molten Egg 2"},{"floor":14.0,"key":"Turnip"}],"event_choices":[{"damage_healed":0.0,"max_hp_gain":0.0,"max_hp_loss":0.0,"gold_gain":0.0,"event_name":"Shining Light","player_choice":"Entered Light","floor":2.0,"gold_loss":0.0,"damage_taken":23.0,"cards_upgraded":["Strike_R","Defend_R"]},{"cards_removed":["Strike_R"],"damage_healed":0.0,"max_hp_gain":0.0,"max_hp_loss":0.0,"gold_gain":0.0,"event_name":"Golden Wing","player_choice":"Card Removal","floor":3.0,"gold_loss":0.0,"damage_taken":7.0}],"is_beta":false,"boss_relics":[],"items_purged_floors":[],"is_endless":false,"potions_floor_spawned":[10,11,14],"killed_by":"Hexaghost","ascension_level":20}