{"gold_per_floor":[112,122,122,167,56,81,81,108,133,148,148,148,164,164,164,164],"floor_reached":16,"playtime":633,"items_purged":["Strike_B"],"score":162,"play_id":"d1bcdf7a-2755-4998-ac19-e8bf8f5eab0b","local_time":"20180921130416","is_ascension_mode":true,"campfire_choices":[{"floor":7,"key":"REST"},{"floor":15,"key":"REST"}],"neow_cost":"NONE","seed_source_timestamp":586251356164102,"circlet_count":0,"master_deck":["Strike_B","Strike_B+1","Strike_B","Defend_B","Defend_B","Defend_B","Defend_B","Zap+1","Dualcast","AscendersBane","Cold Snap","Hologram+1","White Noise","Auto Shields","Ball Lightning","Self Repair","Parasite"],"relics":["Cracked Core","Bronze Scales","Juzu Bracelet","Art of War","PreservedInsect"],"potions_floor_usage":[8],"damage_taken":[{"damage":7,"enemies":"Jaw Worm","floor":1,"turns":3},{"damage":0,"enemies":"Cultist","floor":2,"turns":3},{"damage":26,"enemies":"Gremlin Nob","floor":6,"turns":3},{"damage":14,"enemies":"3 Sentries","floor":8,"turns":10},{"damage":2,"enemies":"2 Louse","floor":10,"turns":2},{"damage":17,"enemies":"Exordium Thugs","floor":13,"turns":4},{"damage":56,"enemies":"Slime Boss","floor":16,"turns":7}],"seed_played":"-7799247105874806546","potions_obtained":[{"floor":6,"key":"Energy Potion"},{"floor":13,"key":"Dexterity Potion"}],"is_trial":false,"path_per_floor":["M","M","?","T","$","E","R","E","T","M","?","?","M","?","R"],"character_chosen":"DEFECT","items_purchased":["White Noise"],"campfire_rested":2,"item_purchase_floors":[5],"current_hp_per_floor":[61,61,46,46,46,20,42,28,28,26,26,19,2,20,42,0],"gold":164,"neow_bonus":"UPGRADE_CARD","is_prod":false,"is_daily":false,"chose_seed":false,"campfire_upgraded":0,"win_rate":0,"timestamp":1537549456,"path_taken":["M","M","?","?","$","E","R","E","T","M","?","?","M","?","R","BOSS"],"build_version":"2018-09-20","purchased_purges":1,"victory":false,"max_hp_per_floor":[75,75,75,75,75,75,75,75,75,75,75,75,75,75,75,75],"card_choices":[{"not_picked":["Redo","Ball Lightning"],"picked":"Cold Snap","floor":1},{"not_picked":["Redo","Ball Lightning"],"picked":"Hologram","floor":2},{"not_picked":["Doom and Gloom","Gash"],"picked":"Auto Shields","floor":6},{"not_picked":["Sunder","BootSequence"],"picked":"Ball Lightning","floor":8},{"not_picked":["Barrage","Turbo","Recycle"],"picked":"SKIP","floor":10},{"not_picked":["Cold Snap","Defragment"],"picked":"Self Repair","floor":13}],"player_experience":221716,"relics_obtained":[{"floor":4,"key":"Bronze Scales"},{"floor":6,"key":"Juzu Bracelet"},{"floor":8,"key":"Art of War"},{"floor":9,"key":"PreservedInsect"}],"event_choices":[{"event_name":"Shining Light","player_choice":"Entered Light","floor":3,"damage_taken":0},{"event_name":"Liars Game","player_choice":"disagreed","floor":11,"damage_taken":0},{"event_name":"Scrap Ooze","player_choice":"unsuccessful","floor":12,"damage_taken":7},{"event_name":"Mushrooms","player_choice":"Healed and dodged fight","floor":14,"damage_taken":0}],"is_beta":false,"boss_relics":[],"items_purged_floors":[5],"is_endless":false,"potions_floor_spawned":[6,13],"killed_by":"Slime Boss","ascension_level":10}