{"path_per_floor":["M","M","?","?","M","E","R","E","T","R","M","?","M","?","R","B",null,"M","?","?","M","?","E","R","?","T"],"character_chosen":"IRONCLAD","items_purchased":[],"gold_per_floor":[10,21,21,96,109,138,138,163,242,242,258,258,269,269,269,346,346,363,363,363,375,375,407,407,407,407,407],"floor_reached":27,"campfire_rested":1,"playtime":1375,"current_hp_per_floor":[78,80,80,69,72,54,54,44,44,44,44,37,38,31,31,19,65,29,29,29,23,23,9,41,41,41,0],"items_purged":[],"gold":407,"score":394,"play_id":"e3de5606-1a13-46dd-be2c-8cede6fab797","local_time":"20180503074242","is_prod":false,"is_daily":false,"chose_seed":false,"is_ascension_mode":true,"campfire_upgraded":3,"timestamp":1525326162,"path_taken":["M","M","?","?","M","E","R","E","T","R","M","?","M","?","R","BOSS","M","?","?","M","?","E","R","?","T","E"],"build_version":"2018-05-01v2","seed_source_timestamp":313487172453165,"purchased_purges":0,"victory":false,"master_deck":["Strike_R+1","Strike_R+1","Defend_R+1","Defend_R+1","Defend_R+1","Defend_R+1","Bash","AscendersBane","Offering","Armaments+1","Hemokinesis+1","Seeing Red","Thunderclap","Ghostly Armor","Shockwave","Havoc","Metallicize+1","Exhume","Headbutt+1","Rupture+1","Warcry+1","Decay","Shrug It Off"],"max_hp_per_floor":[80,80,80,80,80,80,80,80,80,80,80,80,80,80,80,80,80,80,80,80,80,80,80,80,80,80,80],"relics":["Burning Blood","Gambling Chip","Juzu Bracelet","Mercury Hourglass","Frozen Egg 2","Eternal Feather","Prayer Wheel","Bottled Tornado"],"card_choices":[{"not_picked":["Immolate","Impervious"],"picked":"Offering","floor":0},{"not_picked":["Flame Barrier","Wild Strike"],"picked":"Armaments","floor":1},{"not_picked":["Armaments","Wild Strike"],"picked":"Hemokinesis","floor":2},{"not_picked":["Heavy Blade","Fire Breathing"],"picked":"Thunderclap","floor":5},{"not_picked":["Juggernaut","Iron Wave"],"picked":"Ghostly Armor","floor":6},{"not_picked":["Warcry","Perfected Strike"],"picked":"Shockwave","floor":8},{"not_picked":["Thunderclap","Body Slam"],"picked":"Havoc","floor":11},{"not_picked":["Uppercut","Flex"],"picked":"Metallicize","floor":13},{"not_picked":["Dark Embrace","Impervious"],"picked":"Exhume","floor":16},{"not_picked":["Power Through","Reckless Charge"],"picked":"Headbutt","floor":18},{"not_picked":["Cleave","Sword Boomerang"],"picked":"Warcry","floor":21},{"not_picked":["Second Wind","Headbutt"],"picked":"Shrug It Off","floor":26}],"player_experience":504588,"potions_floor_usage":[6,16,18,23,23],"damage_taken":[{"damage":0,"enemies":"Small Slimes","floor":1,"turns":3},{"damage":4,"enemies":"Jaw Worm","floor":2,"turns":3},{"damage":3,"enemies":"Cultist","floor":5,"turns":3},{"damage":24,"enemies":"3 Sentries","floor":6,"turns":6},{"damage":16,"enemies":"Gremlin Nob","floor":8,"turns":3},{"damage":6,"enemies":"Looter","floor":11,"turns":2},{"damage":5,"enemies":"3 Louse","floor":13,"turns":3},{"damage":18,"enemies":"The Guardian","floor":16,"turns":12},{"damage":42,"enemies":"Chosen","floor":18,"turns":7},{"damage":12,"enemies":"Spheric Guardian","floor":21,"turns":4},{"damage":29,"enemies":"Slavers","floor":23,"turns":4},{"damage":54,"enemies":"Gremlin Leader","floor":27,"turns":5}],"event_choices":[{"event_name":"Living Wall","player_choice":"Change","floor":3,"damage_taken":0},{"event_name":"World of Goop","player_choice":"Gather Gold","floor":4,"damage_taken":0},{"event_name":"Golden Wing","player_choice":"Card Removal","floor":12,"damage_taken":0},{"event_name":"Scrap Ooze","player_choice":"success","floor":14,"damage_taken":7},{"event_name":"The Mausoleum","player_choice":"No","floor":19,"damage_taken":0},{"event_name":"Transmorgrifier","player_choice":"Transform","floor":20,"damage_taken":0},{"event_name":"Forgotten Altar","player_choice":"Smashed Altar","floor":22,"damage_taken":0},{"event_name":"Back to Basics","player_choice":"Simplicity","floor":25,"damage_taken":0}],"boss_relics":[{"not_picked":["White Beast Statue","Snecko Eye"],"picked":"Eternal Feather"}],"potions_floor_spawned":[5,6,8,11,16],"seed_played":"-7856051852148225000","killed_by":"Gremlin Leader","ascension_level":13,"is_trial":false}