{"gold_per_floor":[117,192,192,192,192,192,231,231,258,258,258,292,317,330,330,453,453,467,196,196,220,238,276,301,301,301,301,314,314,329,329,329,329],"floor_reached":33,"playtime":1093,"items_purged":[],"score":348,"play_id":"2997ab9f-8b65-4c36-8858-e1c6e2419bc8","local_time":"20181215131134","daily_mods":["SealedDeck"],"is_ascension_mode":false,"campfire_choices":[{"data":"Heavy Blade","floor":6,"key":"SMITH"},{"data":"Heavy Blade","floor":8,"key":"SMITH"},{"data":"Power Through","floor":11,"key":"SMITH"},{"data":"Shrug It Off","floor":15,"key":"SMITH"},{"data":"Heavy Blade","floor":25,"key":"SMITH"},{"data":"Limit Break","floor":27,"key":"SMITH"},{"data":"Shrug It Off","floor":29,"key":"SMITH"},{"data":"Headbutt","floor":32,"key":"SMITH"}],"neow_cost":"","seed_source_timestamp":0,"circlet_count":0,"master_deck":["Shrug It Off+1","Headbutt+1","Flex","Spot Weakness+1","Power Through+1","Cleave","Heavy Blade+1","Shrug It Off+1","Heavy Blade+1","Flex+1","Flex","Limit Break+1","Heavy Blade+1"],"relics":["Burning Blood","Golden Idol","Gambling Chip","Ancient Tea Set","Red Skull","Singing Bowl","Juzu Bracelet","Tiny Chest","Bag of Marbles","Mummified Hand"],"potions_floor_usage":[21,21,30,30],"damage_taken":[{"damage":0,"enemies":"Jaw Worm","floor":1,"turns":3},{"damage":0,"enemies":"Gremlin Nob","floor":7,"turns":3},{"damage":0,"enemies":"Lagavulin","floor":12,"turns":3},{"damage":0,"enemies":"Small Slimes","floor":13,"turns":3},{"damage":0,"enemies":"Cultist","floor":14,"turns":2},{"damage":20,"enemies":"The Guardian","floor":16,"turns":5},{"damage":10,"enemies":"2 Thieves","floor":18,"turns":2},{"damage":4,"enemies":"Shell Parasite","floor":21,"turns":2},{"damage":12,"enemies":"3 Cultists","floor":22,"turns":3},{"damage":44,"enemies":"Slavers","floor":23,"turns":6},{"damage":2,"enemies":"Sentry and Sphere","floor":24,"turns":3},{"damage":2,"enemies":"Chosen and Byrds","floor":28,"turns":3},{"damage":0,"enemies":"Snecko","floor":30,"turns":2},{"damage":82,"enemies":"Champ","floor":33,"turns":6}],"seed_played":"7041041123369164467","potions_obtained":[{"floor":7,"key":"Explosive Potion"},{"floor":14,"key":"Explosive Potion"},{"floor":16,"key":"SpeedPotion"},{"floor":18,"key":"Explosive Potion"},{"floor":24,"key":"SteroidPotion"},{"floor":28,"key":"AttackPotion"}],"is_trial":true,"path_per_floor":["M","?","?","$","?","R","E","R","T","?","R","E","M","M","R","B",null,"M","$","?","M","M","E","M","R","T","R","M","R","M","?","R","B"],"character_chosen":"IRONCLAD","items_purchased":["Juzu Bracelet","Tiny Chest"],"campfire_rested":0,"item_purchase_floors":[19,19],"current_hp_per_floor":[80,69,53,53,53,53,59,59,59,59,59,67,75,80,80,66,80,78,78,78,82,78,42,48,48,48,48,54,54,62,62,62,0],"gold":329,"neow_bonus":"","is_prod":false,"is_daily":false,"chose_seed":false,"campfire_upgraded":8,"win_rate":0,"timestamp":1544897494,"path_taken":["M","?","?","?","?","R","E","R","T","?","R","E","?","M","R","BOSS","M","$","?","M","M","E","M","R","T","R","M","R","M","?","R","BOSS"],"build_version":"2018-12-13","purchased_purges":0,"victory":false,"max_hp_per_floor":[80,80,80,80,74,74,74,74,74,74,74,76,78,80,80,80,80,82,82,82,84,86,88,90,90,90,90,92,92,94,94,94,94],"card_choices":[{"not_picked":["Sentinel","Warcry","Clothesline"],"picked":"SKIP","floor":1},{"not_picked":["Carnage","Pommel Strike"],"picked":"Flex","floor":7},{"not_picked":["Wild Strike","Sword Boomerang","Pommel Strike"],"picked":"Singing Bowl","floor":12},{"not_picked":["Wild Strike","Bloodletting","Corruption"],"picked":"Singing Bowl","floor":13},{"not_picked":["Flex","Clothesline","Immolate"],"picked":"Singing Bowl","floor":14},{"not_picked":["Double Tap","Feed"],"picked":"Limit Break","floor":16},{"not_picked":["Pommel Strike+1","Blood for Blood","Twin Strike"],"picked":"Singing Bowl","floor":18},{"not_picked":["Flex","Iron Wave","Dropkick"],"picked":"Singing Bowl","floor":21},{"not_picked":["Sword Boomerang","Searing Blow","Armaments+1"],"picked":"Singing Bowl","floor":22},{"not_picked":["Impervious","Twin Strike","Disarm"],"picked":"Singing Bowl","floor":23},{"not_picked":["Twin Strike+1","Body Slam","Clash+1"],"picked":"Singing Bowl","floor":24},{"not_picked":["Warcry","Exhume","Body Slam"],"picked":"Singing Bowl","floor":28},{"not_picked":["Shrug It Off","Thunderclap","Dropkick+1"],"picked":"Singing Bowl","floor":30}],"player_experience":316055,"relics_obtained":[{"floor":7,"key":"Gambling Chip"},{"floor":9,"key":"Ancient Tea Set"},{"floor":12,"key":"Singing Bowl"},{"floor":23,"key":"Bag of Marbles"},{"floor":26,"key":"Mummified Hand"}],"event_choices":[{"damage_healed":0,"gold_gain":75,"player_choice":"Gather Gold","damage_taken":11,"max_hp_gain":0,"max_hp_loss":0,"event_name":"World of Goop","floor":2,"gold_loss":0},{"damage_healed":0,"gold_gain":0,"player_choice":"Entered Light","damage_taken":16,"max_hp_gain":0,"max_hp_loss":0,"event_name":"Shining Light","floor":3,"gold_loss":0,"cards_upgraded":["Spot Weakness","Flex"]},{"damage_healed":0,"gold_gain":0,"player_choice":"Lose Max HP","damage_taken":0,"relics_obtained":["Golden Idol"],"max_hp_gain":0,"max_hp_loss":6,"event_name":"Golden Idol","floor":5,"gold_loss":0},{"damage_healed":0,"gold_gain":0,"player_choice":"Gave Potion","damage_taken":0,"relics_obtained":["Red Skull"],"max_hp_gain":0,"max_hp_loss":0,"event_name":"WeMeetAgain","floor":10,"gold_loss":0},{"damage_healed":0,"gold_gain":0,"player_choice":"Read","damage_taken":0,"max_hp_gain":0,"max_hp_loss":0,"event_name":"The Library","floor":20,"gold_loss":0,"cards_obtained":["Heavy Blade"]},{"damage_healed":0,"gold_gain":0,"player_choice":"Simplicity","damage_taken":0,"max_hp_gain":0,"max_hp_loss":0,"event_name":"Back to Basics","floor":31,"gold_loss":0,"cards_upgraded":[]}],"is_beta":false,"boss_relics":[{"not_picked":["Velvet Choker","Philosopher\u0027s Stone","Empty Cage"]}],"items_purged_floors":[],"is_endless":false,"potions_floor_spawned":[7,14,16,18,24,28],"killed_by":"Champ","ascension_level":0}