{"gold_per_floor":[14,14,73,85,102,102,136,150,150,162,177,207,222,251,251,355,355,369,383,383,383,383,383],"floor_reached":23,"playtime":1749,"items_purged":[],"score":223,"play_id":"48d0252a-660a-45ce-896e-d52a80730d06","local_time":"20190122221933","is_ascension_mode":true,"campfire_choices":[{"data":"Deep Breath","floor":6,"key":"SMITH"},{"data":"1","floor":15,"key":"LIFT"}],"neow_cost":"NO_GOLD","seed_source_timestamp":84628753026842,"circlet_count":0,"master_deck":["Strike_R","Strike_R","Strike_R","Strike_R","Strike_R","Defend_R","Defend_R","Defend_R","Defend_R","Bash","Sadistic Nature","Deep Breath+1","Wild Strike","Twin Strike","Shrug It Off","Ghostly Armor","Clothesline","Demon Form","Dropkick","Anger","Inflame","Fire Breathing","Berserk","Twin Strike","Iron Wave+1","Rage"],"relics":["Burning Blood","Potion Belt","Self Forming Clay","Girya","Runic Cube","Nilry\u0027s Codex","Nloth\u0027s Gift"],"potions_floor_usage":[12,12,16,16,23],"damage_taken":[{"damage":1,"enemies":"Cultist","floor":1,"turns":4},{"damage":1,"enemies":"2 Louse","floor":4,"turns":2},{"damage":0,"enemies":"Small Slimes","floor":5,"turns":2},{"damage":23,"enemies":"Lagavulin","floor":7,"turns":6},{"damage":0,"enemies":"3 Louse","floor":8,"turns":3},{"damage":0,"enemies":"Exordium Wildlife","floor":10,"turns":3},{"damage":7,"enemies":"Blue Slaver","floor":11,"turns":4},{"damage":25,"enemies":"3 Sentries","floor":12,"turns":8},{"damage":10,"enemies":"Gremlin Gang","floor":13,"turns":3},{"damage":9,"enemies":"The Mushroom Lair","floor":14,"turns":5},{"damage":28,"enemies":"The Guardian","floor":16,"turns":8},{"damage":15,"enemies":"3 Byrds","floor":18,"turns":5},{"damage":24,"enemies":"Spheric Guardian","floor":19,"turns":4},{"damage":53,"enemies":"Gremlin Leader","floor":23,"turns":5}],"seed_played":"8347651802787702957","potions_obtained":[{"floor":4,"key":"SteroidPotion"},{"floor":8,"key":"Weak Potion"},{"floor":10,"key":"Explosive Potion"},{"floor":11,"key":"BloodPotion"},{"floor":14,"key":"Energy Potion"}],"is_trial":false,"path_per_floor":["M","$","?","M","M","R","E","M","T","M","M","E","M","?","R","B",null,"M","M","?","?","?","E"],"character_chosen":"IRONCLAD","items_purchased":[],"campfire_rested":0,"item_purchase_floors":[],"current_hp_per_floor":[80,80,80,80,80,80,63,69,69,75,74,55,51,48,48,26,80,71,53,37,37,37,0],"gold":383,"neow_bonus":"RANDOM_COLORLESS_2","is_prod":false,"is_daily":false,"chose_seed":false,"campfire_upgraded":1,"win_rate":0,"timestamp":1548213573,"path_taken":["M","?","?","M","M","R","E","M","T","M","M","E","M","?","R","BOSS","M","M","?","?","?","E"],"build_version":"2019-01-17v2","purchased_purges":0,"victory":false,"max_hp_per_floor":[80,80,80,80,80,80,80,80,80,80,80,80,80,80,80,80,80,80,80,80,80,80,80],"card_choices":[{"not_picked":["Whirlwind","Searing Blow"],"picked":"Wild Strike","floor":1},{"not_picked":["Seeing Red","Flex"],"picked":"Twin Strike","floor":4},{"not_picked":["Sentinel","Intimidate"],"picked":"Shrug It Off","floor":5},{"not_picked":["Dropkick","True Grit"],"picked":"Ghostly Armor","floor":7},{"not_picked":["Bloodletting","Sword Boomerang"],"picked":"Clothesline","floor":8},{"not_picked":["Cleave","Perfected Strike"],"picked":"Demon Form","floor":10},{"not_picked":["Iron Wave","Sword Boomerang"],"picked":"Dropkick","floor":11},{"not_picked":["Headbutt","Sever Soul"],"picked":"Anger","floor":12},{"not_picked":["Sword Boomerang","Cleave"],"picked":"Inflame","floor":13},{"not_picked":["Clothesline","Demon Form"],"picked":"Fire Breathing","floor":14},{"not_picked":["Limit Break","Bludgeon"],"picked":"Berserk","floor":16},{"not_picked":["Burning Pact","Inflame"],"picked":"Twin Strike","floor":18},{"not_picked":["Havoc","Sword Boomerang+1"],"picked":"Iron Wave+1","floor":19}],"player_experience":46152,"relics_obtained":[{"floor":7,"key":"Potion Belt"},{"floor":9,"key":"Self Forming Clay"},{"floor":12,"key":"Girya"},{"floor":14,"key":"Odd Mushroom"},{"floor":20,"key":"Nilry\u0027s Codex"}],"event_choices":[{"damage_healed":0,"gold_gain":59,"player_choice":"Gained Gold","damage_taken":0,"max_hp_gain":0,"max_hp_loss":0,"event_name":"Golden Wing","floor":3,"gold_loss":0},{"damage_healed":0,"gold_gain":0,"player_choice":"Fought Mushrooms","damage_taken":0,"max_hp_gain":0,"max_hp_loss":0,"event_name":"Mushrooms","floor":14,"gold_loss":0},{"damage_healed":0,"gold_gain":0,"player_choice":"Obtained Book","damage_taken":16,"max_hp_gain":0,"max_hp_loss":0,"event_name":"Cursed Tome","floor":20,"gold_loss":0},{"damage_healed":0,"gold_gain":0,"player_choice":"Read","damage_taken":0,"max_hp_gain":0,"max_hp_loss":0,"event_name":"The Library","floor":21,"gold_loss":0,"cards_obtained":["Rage"]},{"damage_healed":0,"gold_gain":0,"player_choice":"Traded Relic","damage_taken":0,"relics_obtained":["Nloth\u0027s Gift"],"max_hp_gain":0,"max_hp_loss":0,"event_name":"N\u0027loth","floor":22,"relics_lost":["Odd Mushroom"],"gold_loss":0}],"is_beta":false,"boss_relics":[{"not_picked":["White Beast Statue","Astrolabe"],"picked":"Runic Cube"}],"items_purged_floors":[],"is_endless":false,"potions_floor_spawned":[4,8,10,11,14],"killed_by":"Gremlin Leader","ascension_level":2}