{"gold_per_floor":[115,115,132,147,164,197,1,18,18,18,37,49,65,12,12,109,109,120,138,3,103,115,115,130,144,191,191,206,3,3,20,20,123,123,136,15,15,15,15,15,29,29,53,53,65,92,192,211,211,211],"floor_reached":51,"playtime":2755,"items_purged":["Shame","Strike_B","Strike_B"],"score":1012,"play_id":"8ae91431-6572-48ea-a647-b26fba283c94","local_time":"20190206195311","is_ascension_mode":true,"campfire_choices":[{"floor":10.0,"key":"REST"},{"data":"Hologram","floor":15.0,"key":"SMITH"},{"data":"Buffer","floor":23.0,"key":"SMITH"},{"data":"Coolheaded","floor":27.0,"key":"SMITH"},{"data":"Hologram","floor":32.0,"key":"SMITH"},{"data":"Reboot","floor":42.0,"key":"SMITH"},{"data":"Scrape","floor":44.0,"key":"SMITH"},{"data":"Dualcast","floor":49.0,"key":"SMITH"}],"neow_cost":"CURSE","seed_source_timestamp":253491376125970,"circlet_count":0,"master_deck":["AscendersBane","Strike_B","Defend_B","Defend_B","Defend_B","Defend_B","Zap+1","Dualcast+1","Sweeping Beam","Compile Driver","Gash","Hologram+1","Coolheaded+1","Reboot+1","Scrape+1","Steam","Sweeping Beam","Buffer+1","Gash","Gash+1","Beam Cell+1","Self Repair","Compile Driver","Hologram+1","Hologram+1"],"special_seed":0,"relics":["Cracked Core","Bird Faced Urn","Bronze Scales","Ginger","Nuclear Battery","Blood Vial","Sundial","Lizard Tail","Juzu Bracelet","Question Card","Torii"],"potions_floor_usage":[50,50,50],"damage_taken":[{"damage":5.0,"enemies":"Small Slimes","floor":1.0,"turns":3.0},{"damage":8.0,"enemies":"2 Louse","floor":3.0,"turns":2.0},{"damage":1.0,"enemies":"Cultist","floor":4.0,"turns":3.0},{"damage":0.0,"enemies":"Gremlin Gang","floor":5.0,"turns":2.0},{"damage":42.0,"enemies":"Gremlin Nob","floor":6.0,"turns":5.0},{"damage":3.0,"enemies":"Lots of Slimes","floor":8.0,"turns":2.0},{"damage":0.0,"enemies":"Exordium Thugs","floor":11.0,"turns":3.0},{"damage":2.0,"enemies":"Red Slaver","floor":12.0,"turns":4.0},{"damage":0.0,"enemies":"2 Fungi Beasts","floor":13.0,"turns":2.0},{"damage":11.0,"enemies":"Slime Boss","floor":16.0,"turns":10.0},{"damage":0.0,"enemies":"Chosen","floor":18.0,"turns":5.0},{"damage":8.0,"enemies":"3 Byrds","floor":19.0,"turns":3.0},{"damage":1.0,"enemies":"Centurion and Healer","floor":22.0,"turns":5.0},{"damage":14.0,"enemies":"Snake Plant","floor":24.0,"turns":4.0},{"damage":2.0,"enemies":"3 Cultists","floor":25.0,"turns":4.0},{"damage":10.0,"enemies":"Snecko","floor":28.0,"turns":6.0},{"damage":2.0,"enemies":"Chosen and Byrds","floor":31.0,"turns":4.0},{"damage":34.0,"enemies":"Automaton","floor":33.0,"turns":9.0},{"damage":0.0,"enemies":"3 Shapes","floor":35.0,"turns":8.0},{"damage":0.0,"enemies":"Orb Walker","floor":41.0,"turns":3.0},{"damage":0.0,"enemies":"Jaw Worm Horde","floor":45.0,"turns":3.0},{"damage":0.0,"enemies":"Giant Head","floor":46.0,"turns":6.0},{"damage":5.0,"enemies":"Mind Bloom Boss Battle","floor":47.0,"turns":6.0},{"damage":8.0,"enemies":"Sphere and 2 Shapes","floor":48.0,"turns":4.0},{"damage":122,"enemies":"Time Eater","floor":50,"turns":10}],"seed_played":"-488089757895133095","potions_obtained":[{"floor":3.0,"key":"Explosive Potion"},{"floor":4.0,"key":"Dexterity Potion"},{"floor":6.0,"key":"Block Potion"},{"floor":8.0,"key":"Fire Potion"},{"floor":18.0,"key":"GamblersBrew"},{"floor":25.0,"key":"SkillPotion"},{"floor":45.0,"key":"EssenceOfSteel"}],"is_trial":false,"path_per_floor":["M","?","M","M","M","E","$","M","T","R","M","M","M","$","R","B",null,"M","M","$","?","M","R","M","M","T","R","M","$","T","M","R","B",null,"M","$","?","$","?","$","M","R","T","R","M","E","?","M","R","B",null],"character_chosen":"DEFECT","items_purchased":["Scrape","Steam","Gash","Self Repair","Compile Driver","Hologram","Regen Potion","FearPotion"],"campfire_rested":1,"item_purchase_floors":[7,7,14,20,29,29,36,36],"current_hp_per_floor":[63,63,55,54,54,12,12,9,9,31,31,29,29,29,29,20,61,63,55,55,55,65,65,53,53,53,53,56,56,56,67,67,46,68,75,75,75,75,75,75,75,75,75,75,75,75,75,74,74,21],"gold":211,"neow_bonus":"ONE_RARE_RELIC","is_prod":false,"is_daily":false,"chose_seed":false,"campfire_upgraded":7,"win_rate":0,"timestamp":1549443191,"path_taken":["M","?","M","M","M","E","$","M","T","R","M","M","M","$","R","BOSS","M","M","$","?","?","R","M","?","T","R","M","?","?","M","R","BOSS","M","?","?","$","?","$","?","R","T","R","M","E","?","M","R","BOSS"],"build_version":"2019-01-23","purchased_purges":3,"victory":true,"max_hp_per_floor":[75,75,75,75,75,75,75,75,75,75,75,75,75,75,75,75,75,75,75,75,75,75,75,75,75,75,75,75,75,75,75,75,75,75,75,75,75,75,75,75,75,75,75,75,75,75,75,75,75,75],"card_choices":[{"not_picked":["Consume","Steam"],"picked":"Sweeping Beam","floor":1.0},{"not_picked":["Redo","Doom and Gloom"],"picked":"Gash","floor":3.0},{"not_picked":["Stack","Go for the Eyes"],"picked":"Hologram","floor":4.0},{"not_picked":["Compile Driver","Beam Cell"],"picked":"Coolheaded","floor":5.0},{"not_picked":["Double Energy","Undo"],"picked":"Reboot","floor":6.0},{"not_picked":["Conserve Battery","Cold Snap"],"picked":"Sweeping Beam","floor":8.0},{"not_picked":["Recycle","Aggregate"],"picked":"BootSequence","floor":11.0},{"not_picked":["Defragment","Stack","Coolheaded"],"picked":"SKIP","floor":12.0},{"not_picked":["Static Discharge","Leap"],"picked":"Buffer","floor":13.0},{"not_picked":["Cold Snap","Aggregate+1"],"picked":"Gash+1","floor":18.0},{"not_picked":["Double Energy","Lockon"],"picked":"Beam Cell+1","floor":19.0},{"not_picked":["Undo","Turbo","Cold Snap"],"picked":"SKIP","floor":22.0},{"not_picked":["Undo","Heatsinks","Genetic Algorithm"],"picked":"SKIP","floor":24.0},{"not_picked":["Steam","Multi-Cast","Turbo"],"picked":"SKIP","floor":25.0},{"not_picked":["Loop","Steam","Glacier"],"picked":"SKIP","floor":28.0},{"not_picked":["Reprogram","Beam Cell+1","Rip and Tear"],"picked":"SKIP","floor":31.0},{"not_picked":["Sweeping Beam+1","Compile Driver+1","Cold Snap+1"],"picked":"SKIP","floor":35.0},{"not_picked":["Double Energy","Undo+1","Melter+1"],"picked":"SKIP","floor":41.0},{"not_picked":["Cold Snap","Fusion","Sweeping Beam"],"picked":"SKIP","floor":45.0},{"not_picked":["Meteor Strike","Undo+1","Blizzard"],"picked":"SKIP","floor":46.0},{"not_picked":["Meteor Strike","Undo+1","Blizzard"],"picked":"SKIP","floor":46.0},{"not_picked":["Hello World","Blizzard","Lockon"],"picked":"Hologram+1","floor":48.0}],"player_experience":698254,"relics_obtained":[{"floor":6.0,"key":"Bronze Scales"},{"floor":9.0,"key":"Ginger"},{"floor":26.0,"key":"Blood Vial"},{"floor":30.0,"key":"Sundial"},{"floor":43.0,"key":"Juzu Bracelet"},{"floor":46.0,"key":"Question Card"},{"floor":47.0,"key":"Torii"}],"event_choices":[{"damage_healed":0.0,"max_hp_gain":0.0,"max_hp_loss":0.0,"gold_gain":0.0,"cards_transformed":["Strike_B"],"event_name":"Living Wall","player_choice":"Change","floor":2.0,"gold_loss":0.0,"damage_taken":0.0,"cards_obtained":["Compile Driver"]},{"damage_healed":0.0,"max_hp_gain":0.0,"max_hp_loss":0.0,"gold_gain":100.0,"event_name":"Golden Shrine","player_choice":"Pray","floor":21.0,"gold_loss":0.0,"damage_taken":0.0},{"cards_removed":["BootSequence"],"damage_healed":0.0,"max_hp_gain":0.0,"max_hp_loss":0.0,"gold_gain":0.0,"event_name":"Falling","player_choice":"Removed Skill","floor":37.0,"gold_loss":0.0,"damage_taken":0.0},{"damage_healed":0.0,"max_hp_gain":0.0,"max_hp_loss":0.0,"gold_gain":0.0,"event_name":"Upgrade Shrine","player_choice":"Upgraded","floor":39.0,"gold_loss":0.0,"damage_taken":0.0,"cards_upgraded":["Zap"]},{"damage_healed":0.0,"max_hp_gain":0.0,"max_hp_loss":0.0,"gold_gain":0.0,"event_name":"MindBloom","player_choice":"Fight","floor":47.0,"gold_loss":0.0,"damage_taken":0.0}],"is_beta":false,"boss_relics":[{"not_picked":["Runic Pyramid","Cursed Key"],"picked":"Nuclear Battery"},{"not_picked":["White Beast Statue","Orrery"],"picked":"Lizard Tail"}],"items_purged_floors":[7,20,29],"is_endless":false,"potions_floor_spawned":[3,4,6,8,18,25,45,46,47],"ascension_level":10}