{"gold_per_floor":[12,12,32,56,76,76,110,110,134,134,158,194,213,247,247,375,375,398,3,16,32,32,32,57,57,136,136,136,151,151,182,182,285,285,297,297,314,333,54,82,82,82],"floor_reached":42,"playtime":4193,"items_purged":[],"score":560,"play_id":"3205aee4-c1f0-4961-bb08-c168f0121402","local_time":"20190124152047","is_ascension_mode":true,"campfire_choices":[{"data":"Discovery","floor":6.0,"key":"SMITH"},{"floor":8.0,"key":"RECALL"},{"data":"Secret Technique","floor":15.0,"key":"SMITH"},{"data":"Juggernaut","floor":23.0,"key":"SMITH"},{"data":"Burning Pact","floor":25.0,"key":"SMITH"},{"data":"Inflame","floor":27.0,"key":"SMITH"},{"data":"Pommel Strike","floor":30.0,"key":"SMITH"},{"data":"True Grit","floor":32.0,"key":"SMITH"},{"data":"Rage","floor":41,"key":"SMITH"}],"neow_cost":"NO_GOLD","seed_source_timestamp":0,"circlet_count":0,"master_deck":["Strike_R","Strike_R","Strike_R","Strike_R","Defend_R","Defend_R","Defend_R","Defend_R","Bash","Discovery+1","Secret Technique+1","Carnage","Sentinel","Iron Wave","Inflame+1","Heavy Blade","Twin Strike","Seeing Red","Blood for Blood","Exhume","Juggernaut+1","Ghostly Armor+1","Wild Strike","Bloodletting","Burning Pact+1","Thunderclap+1","Dramatic Entrance","Pommel Strike+1","True Grit+1","Double Tap","Flame Barrier+1","Brutality","Heavy Blade","Rage+1","Twin Strike","Pommel Strike","Demon Form"],"special_seed":0,"relics":["Burning Blood","Bloody Idol","Orichalcum","Omamori","Bronze Scales","Cursed Key","Toolbox","Oddly Smooth Stone","Ancient Tea Set","Bottled Lightning","Paper Frog","Coffee Dripper","Dodecahedron","Centennial Puzzle"],"potions_floor_usage":[40,42],"damage_taken":[{"damage":7.0,"enemies":"Jaw Worm","floor":1.0,"turns":5.0},{"damage":2.0,"enemies":"2 Louse","floor":3.0,"turns":2.0},{"damage":1.0,"enemies":"Cultist","floor":4.0,"turns":3.0},{"damage":15.0,"enemies":"Exordium Wildlife","floor":5.0,"turns":6.0},{"damage":14.0,"enemies":"Gremlin Nob","floor":7.0,"turns":3.0},{"damage":3.0,"enemies":"3 Louse","floor":11.0,"turns":3.0},{"damage":24.0,"enemies":"3 Sentries","floor":12.0,"turns":8.0},{"damage":8.0,"enemies":"Red Slaver","floor":13.0,"turns":4.0},{"damage":8.0,"enemies":"Gremlin Nob","floor":14.0,"turns":3.0},{"damage":7.0,"enemies":"Hexaghost","floor":16.0,"turns":7.0},{"damage":1.0,"enemies":"3 Byrds","floor":18.0,"turns":3.0},{"damage":6.0,"enemies":"Chosen","floor":20.0,"turns":4.0},{"damage":13.0,"enemies":"3 Cultists","floor":21.0,"turns":4.0},{"damage":31.0,"enemies":"Book of Stabbing","floor":24.0,"turns":5.0},{"damage":25.0,"enemies":"Centurion and Healer","floor":29.0,"turns":6.0},{"damage":25.0,"enemies":"Gremlin Leader","floor":31.0,"turns":5.0},{"damage":66.0,"enemies":"Automaton","floor":33.0,"turns":10.0},{"damage":0,"enemies":"Orb Walker","floor":35,"turns":2},{"damage":15,"enemies":"3 Darklings","floor":37,"turns":6},{"damage":16,"enemies":"Spire Growth","floor":38,"turns":5},{"damage":58,"enemies":"Nemesis","floor":40,"turns":7},{"damage":43,"enemies":"Transient","floor":42,"turns":5}],"seed_played":"4692840323645358742","potions_obtained":[{"floor":5.0,"key":"FairyPotion"},{"floor":7.0,"key":"FearPotion"},{"floor":11.0,"key":"Weak Potion"},{"floor":16.0,"key":"Explosive Potion"},{"floor":20.0,"key":"GamblersBrew"},{"floor":21.0,"key":"Ancient Potion"},{"floor":31.0,"key":"AttackPotion"},{"floor":38,"key":"SpeedPotion"},{"floor":40,"key":"FearPotion"}],"is_trial":false,"path_per_floor":["M","?","M","M","M","R","E","R","T","?","M","E","M","E","R","B",null,"M","$","M","M","?","R","E","R","T","R","?","M","R","E","R","B",null,"M","?","M","M","$","E","R","M"],"character_chosen":"IRONCLAD","items_purchased":["Toolbox","Oddly Smooth Stone","Wild Strike","Dodecahedron","Pommel Strike"],"campfire_rested":0,"item_purchase_floors":[19,19,19,39,39],"current_hp_per_floor":[79,59,63,68,59,59,51,51,51,51,54,36,34,32,32,31,80,80,80,80,73,73,73,53,53,58,58,58,44,44,30,30,19,80,80,80,76,71,71,24,24,0],"gold":82,"neow_bonus":"RANDOM_COLORLESS_2","is_prod":false,"is_daily":false,"chose_seed":false,"campfire_upgraded":8,"win_rate":0,"timestamp":1548361247,"path_taken":["M","?","M","M","M","R","E","R","T","?","M","E","M","E","R","BOSS","M","?","M","M","?","R","E","R","T","R","?","?","R","E","R","BOSS","M","?","M","M","?","E","R","M"],"build_version":"2019-01-23","purchased_purges":0,"victory":false,"max_hp_per_floor":[80,80,80,80,80,80,80,80,80,80,80,80,80,80,80,80,80,80,80,80,80,80,80,80,80,80,80,80,80,80,80,80,80,80,80,80,80,80,80,80,80,80],"card_choices":[{"not_picked":["Flex","Second Wind"],"picked":"Carnage","floor":1.0},{"not_picked":["Burning Pact","Entrench"],"picked":"Sentinel","floor":3.0},{"not_picked":["True Grit","Warcry"],"picked":"Iron Wave","floor":4.0},{"not_picked":["Heavy Blade","Armaments"],"picked":"Inflame","floor":5.0},{"not_picked":["Havoc","Dual Wield"],"picked":"Heavy Blade","floor":7.0},{"not_picked":["Clothesline","Warcry"],"picked":"Twin Strike","floor":11.0},{"not_picked":["Second Wind","Dual Wield"],"picked":"Seeing Red","floor":12.0},{"not_picked":["Iron Wave","Clothesline"],"picked":"Blood for Blood","floor":13.0},{"not_picked":["Heavy Blade","Rage"],"picked":"Exhume","floor":14.0},{"not_picked":["Offering","Double Tap"],"picked":"Juggernaut","floor":16.0},{"not_picked":["Pummel+1","Power Through"],"picked":"Ghostly Armor+1","floor":18.0},{"not_picked":["Rupture+1","Warcry"],"picked":"Bloodletting","floor":20.0},{"not_picked":["Body Slam","Combust"],"picked":"Burning Pact","floor":21.0},{"not_picked":["Armaments","Twin Strike+1"],"picked":"Thunderclap+1","floor":24.0},{"not_picked":["Perfected Strike","Rage"],"picked":"Pommel Strike","floor":29.0},{"not_picked":["Entrench+1","Shockwave"],"picked":"True Grit","floor":31.0},{"not_picked":["Demon Form","Offering"],"picked":"Double Tap","floor":33.0},{"not_picked":["Clash+1","Thunderclap"],"picked":"Flame Barrier+1","floor":35},{"not_picked":["Cleave","Havoc+1"],"picked":"Rage","floor":37},{"not_picked":["Armaments","Seeing Red"],"picked":"Twin Strike","floor":38},{"not_picked":["Dropkick+1","Warcry"],"picked":"Demon Form","floor":40}],"player_experience":78351,"relics_obtained":[{"floor":7.0,"key":"Orichalcum"},{"floor":12.0,"key":"Omamori"},{"floor":14.0,"key":"Bronze Scales"},{"floor":24.0,"key":"Ancient Tea Set"},{"floor":26.0,"key":"Bottled Lightning"},{"floor":31.0,"key":"Paper Frog"},{"floor":40,"key":"Centennial Puzzle"}],"event_choices":[{"damage_healed":0.0,"max_hp_gain":0.0,"max_hp_loss":0.0,"gold_gain":0.0,"event_name":"Golden Idol","player_choice":"Take Damage","floor":2.0,"gold_loss":0.0,"damage_taken":20.0,"relics_obtained":["Golden Idol"]},{"cards_removed":["Strike_R"],"damage_healed":0.0,"max_hp_gain":0.0,"max_hp_loss":0.0,"gold_gain":0.0,"event_name":"Purifier","player_choice":"Purged","floor":10.0,"gold_loss":0.0,"damage_taken":0.0},{"damage_healed":0.0,"max_hp_gain":0.0,"max_hp_loss":0.0,"gold_gain":0.0,"event_name":"Forgotten Altar","player_choice":"Gave Idol","floor":22.0,"relics_lost":["Golden Idol"],"gold_loss":0.0,"damage_taken":0.0,"relics_obtained":["Bloody Idol"]},{"damage_healed":0.0,"max_hp_gain":0.0,"max_hp_loss":0.0,"gold_gain":0.0,"event_name":"Match and Keep!","player_choice":"1 cards matched","floor":28.0,"gold_loss":0.0,"damage_taken":0.0,"cards_obtained":["Dramatic Entrance"]},{"damage_healed":0,"gold_gain":0,"player_choice":"2 cards matched","damage_taken":0,"max_hp_gain":0,"max_hp_loss":0,"event_name":"Match and Keep!","floor":36,"gold_loss":0,"cards_obtained":["Brutality","Heavy Blade"]}],"is_beta":false,"boss_relics":[{"not_picked":["Snecko Eye","Astrolabe"],"picked":"Cursed Key"},{"not_picked":["Fusion Hammer","Black Blood"],"picked":"Coffee Dripper"}],"items_purged_floors":[],"is_endless":false,"potions_floor_spawned":[5,7,11,12,16,20,21,31,38,40],"killed_by":"Transient","ascension_level":2}