{"gold_per_floor":[112,112,187,205,14,14,31,58,58,78,78,93,122,122,122,218,218,233,233,247,247,271,271],"floor_reached":23,"playtime":1554,"items_purged":[],"score":382,"play_id":"f9e60254-ef1a-4c89-bcfc-2654d8288e79","local_time":"20190127160232","is_ascension_mode":true,"campfire_choices":[{"data":"Zap","floor":6,"key":"SMITH"},{"data":"Machine Learning","floor":11,"key":"SMITH"},{"data":"Blizzard","floor":15,"key":"SMITH"}],"neow_cost":"NONE","seed_source_timestamp":1466723974042700,"circlet_count":0,"master_deck":["AscendersBane","Strike_B","Strike_B","Strike_B","Defend_B","Defend_B","Defend_B","Defend_B","Zap+1","Dualcast","Ball Lightning","Glacier","Coolheaded","Gash","Machine Learning+1","Compile Driver","Blizzard+1","Cold Snap","Echo Form","White Noise","Core Surge","Go for the Eyes","Leap+1"],"relics":["Cracked Core","NeowsBlessing","DataDisk","Sundial","Ancient Tea Set","Dream Catcher","Golden Idol","Runic Pyramid"],"potions_floor_usage":[12,13,22,23,23],"damage_taken":[{"damage":0,"enemies":"2 Louse","floor":1,"turns":1},{"damage":0,"enemies":"Jaw Worm","floor":4,"turns":1},{"damage":0,"enemies":"Small Slimes","floor":7,"turns":1},{"damage":9,"enemies":"3 Sentries","floor":8,"turns":8},{"damage":8,"enemies":"Exordium Wildlife","floor":10,"turns":3},{"damage":10,"enemies":"Lots of Slimes","floor":12,"turns":5},{"damage":3,"enemies":"Lagavulin","floor":13,"turns":9},{"damage":11,"enemies":"The Guardian","floor":16,"turns":10},{"damage":1,"enemies":"Spheric Guardian","floor":18,"turns":5},{"damage":16,"enemies":"Shell Parasite","floor":20,"turns":6},{"damage":23,"enemies":"Snake Plant","floor":22,"turns":5},{"damage":15,"enemies":"Gremlin Leader","floor":23,"turns":4}],"seed_played":"-4499808384599051255","potions_obtained":[{"floor":7,"key":"SteroidPotion"},{"floor":8,"key":"Swift Potion"},{"floor":12,"key":"Energy Potion"},{"floor":20,"key":"FocusPotion"},{"floor":22,"key":"PowerPotion"}],"is_trial":false,"path_per_floor":["M","?","?","M","$","R","M","E","T","M","R","M","E","?","R","B",null,"M","?","M","?","M","E"],"character_chosen":"DEFECT","items_purchased":["DataDisk","Coolheaded"],"campfire_rested":0,"item_purchase_floors":[5,5],"current_hp_per_floor":[64,57,46,46,46,46,46,37,37,29,29,19,16,16,16,5,49,48,48,32,32,9,0],"gold":271,"neow_bonus":"THREE_ENEMY_KILL","is_prod":false,"is_daily":false,"chose_seed":false,"campfire_upgraded":3,"win_rate":0,"timestamp":1548633752,"path_taken":["M","?","?","?","$","R","M","E","T","M","R","M","E","?","R","BOSS","M","?","?","?","M","E"],"build_version":"2019-01-23","purchased_purges":0,"victory":false,"max_hp_per_floor":[71,71,71,71,71,71,71,71,71,71,71,71,71,64,64,64,64,64,64,64,64,64,64],"card_choices":[{"not_picked":["Turbo","Recycle"],"picked":"Ball Lightning","floor":1},{"not_picked":["Sweeping Beam","Rebound"],"picked":"Glacier","floor":4},{"not_picked":["Melter","Beam Cell"],"picked":"Gash","floor":7},{"not_picked":["Go for the Eyes","Leap"],"picked":"Machine Learning","floor":8},{"not_picked":["Recycle","Streamline"],"picked":"Compile Driver","floor":10},{"not_picked":["Undo","Reinforced Body"],"picked":"Blizzard","floor":12},{"not_picked":["Go for the Eyes","Reboot"],"picked":"Cold Snap","floor":13},{"not_picked":["Buffer","Multi-Cast"],"picked":"Echo Form","floor":16},{"not_picked":["Conserve Battery","Steam"],"picked":"White Noise","floor":18},{"not_picked":["Turbo","Heatsinks"],"picked":"Go for the Eyes","floor":20},{"not_picked":["Barrage","Rebound"],"picked":"Leap+1","floor":22}],"player_experience":592712,"relics_obtained":[{"floor":8,"key":"Sundial"},{"floor":9,"key":"Ancient Tea Set"},{"floor":13,"key":"Dream Catcher"}],"event_choices":[{"cards_removed":["Strike_B"],"damage_healed":0,"gold_gain":0,"player_choice":"Card Removal","damage_taken":7,"max_hp_gain":0,"max_hp_loss":0,"event_name":"Golden Wing","floor":2,"gold_loss":0},{"damage_healed":0,"gold_gain":75,"player_choice":"Gather Gold","damage_taken":11,"max_hp_gain":0,"max_hp_loss":0,"event_name":"World of Goop","floor":3,"gold_loss":0},{"damage_healed":0,"gold_gain":0,"player_choice":"Lose Max HP","damage_taken":0,"relics_obtained":["Golden Idol"],"max_hp_gain":0,"max_hp_loss":7,"event_name":"Golden Idol","floor":14,"gold_loss":0},{"damage_healed":0,"gold_gain":0,"player_choice":"1 cards matched","damage_taken":0,"max_hp_gain":0,"max_hp_loss":0,"event_name":"Match and Keep!","floor":19,"gold_loss":0,"cards_obtained":["Core Surge"]},{"damage_healed":0,"gold_gain":0,"player_choice":"Ignored","damage_taken":0,"max_hp_gain":0,"max_hp_loss":0,"event_name":"The Mausoleum","floor":21,"gold_loss":0}],"is_beta":false,"boss_relics":[{"not_picked":["White Beast Statue","Coffee Dripper"],"picked":"Runic Pyramid"}],"items_purged_floors":[],"is_endless":false,"potions_floor_spawned":[7,8,12,20,22],"killed_by":"Gremlin Leader","ascension_level":18}