{"path_per_floor":["M","M","M","$","M","R","?","M","T","R","?","M","R","?","R","B",null,"M","M","$","?","$","E","R","M","T","M","R","M","M","M","R","B",null,"M","M","$","M","M","R","?","M","T"],"character_chosen":"IRONCLAD","items_purchased":["Sever Soul","Pummel","Cleave","Armaments","Whirlwind","Kunai","Dead Branch","Apotheosis"],"gold_per_floor":[118,135,154,9,20,20,20,36,36,36,286,302,302,377,377,482,482,499,509,0,360,48,80,80,93,93,104,104,119,135,146,146,246,246,262,272,20,39,50,50,50,69,120],"floor_reached":44,"campfire_rested":6,"playtime":3177,"current_hp_per_floor":[41,41,37,37,27,55,55,40,40,40,40,43,43,32,60,17,96,89,85,85,45,45,32,60,36,36,21,49,32,38,36,64,31,96,93,66,66,28,17,45,45,25,25],"items_purged":["Regret","Writhe"],"gold":120,"play_id":"81dba6af-6183-4f58-9e8e-74eeb0d0b61b","is_prod":false,"is_daily":false,"campfire_rituals":0,"campfire_upgraded":0,"is_hardmode":false,"path_taken":["M","M","?","$","M","R","?","M","T","R","?","?","R","?","R","BOSS","M","M","$","?","$","E","R","M","T","M","R","M","M","M","R","BOSS","M","M","$","M","M","R","?","M","T","?"],"build_version":"2017-12-21-PROD1","purchased_purges":2,"victory":false,"master_deck":["Strike_R","Strike_R","Strike_R","Strike_R","Strike_R","Defend_R","Defend_R","Defend_R","Defend_R","Bash","Perfected Strike","Spot Weakness","Burning Pact","Sever Soul","Pummel","Wild Strike","Dual Wield","Berserk","Demon Form","Twin Strike","Infernal Blade","Cleave","Armaments","Whirlwind","Twin Strike","Wild Strike","Shrug It Off","Twin Strike","Heavy Blade","Shrug It Off","Dark Embrace","Pain","Thunderclap","Warcry","Apotheosis","Metallicize","Twin Strike","Warcry","Parasite","Offering","Fiend Fire","Writhe"],"max_hp_per_floor":[96,96,96,96,96,96,96,96,96,96,96,96,96,96,96,96,96,96,96,96,96,96,96,96,96,96,96,96,96,96,96,96,96,96,96,96,96,96,96,96,96,96,96],"relics":["Burning Blood","Shovel","Torii","Vajra","Anchor","Cursed Key","Kunai","Dead Branch","Smiling Mask","Ice Cream","White Beast Statue","Singing Bowl"],"campfire_meditates":0,"card_choices":[{"not_picked":["Warcry","Pommel Strike"],"picked":"Perfected Strike"},{"not_picked":["Havoc","Shrug It Off"],"picked":"Spot Weakness"},{"not_picked":["Shrug It Off","Disarm"],"picked":"Burning Pact"},{"not_picked":["Searing Blow","Inflame"],"picked":"Wild Strike"},{"not_picked":["Rupture","Bloodletting"],"picked":"Dual Wield"},{"not_picked":["Bloodletting","Intimidate"],"picked":"Berserk"},{"not_picked":["Berserk","Dark Embrace"],"picked":"Demon Form"},{"not_picked":["Iron Wave","Bloodletting"],"picked":"Twin Strike"},{"not_picked":["Seeing Red","Power Through"],"picked":"Infernal Blade"},{"not_picked":["Rage","Shockwave"],"picked":"Twin Strike"},{"not_picked":["Headbutt","Dropkick"],"picked":"Wild Strike"},{"not_picked":["Clothesline","Uppercut"],"picked":"Shrug It Off"},{"not_picked":["Body Slam","Clash"],"picked":"Twin Strike"},{"not_picked":["Rampage","Blood for Blood"],"picked":"Heavy Blade"},{"not_picked":["Juggernaut","Iron Wave"],"picked":"Shrug It Off"},{"not_picked":["Demon Form","Berserk"],"picked":"Dark Embrace"},{"not_picked":["Fire Breathing","Intimidate"],"picked":"Thunderclap"},{"not_picked":["Pommel Strike","Anger"],"picked":"Warcry"},{"not_picked":["Feel No Pain","Clothesline"],"picked":"Metallicize"},{"not_picked":["Reckless Charge","Sword Boomerang"],"picked":"Twin Strike"},{"not_picked":["Twin Strike","Shrug It Off"],"picked":"Fiend Fire"}],"player_experience":91612,"potions_floor_usage":[44,44],"damage_taken":[{"damage":13.0,"enemies":"Blue Slaver","floor":1.0,"turns":5.0},{"damage":6.0,"enemies":"Jaw Worm","floor":2.0,"turns":2.0},{"damage":10.0,"enemies":"Looter","floor":3.0,"turns":4.0},{"damage":16.0,"enemies":"Red Slaver","floor":5.0,"turns":4.0},{"damage":21.0,"enemies":"Lots of Slimes","floor":8.0,"turns":4.0},{"damage":3.0,"enemies":"3 Louse","floor":12.0,"turns":3.0},{"damage":64.0,"enemies":"The Guardian","floor":16.0,"turns":8.0},{"damage":13.0,"enemies":"3 Byrds","floor":18.0,"turns":5.0},{"damage":10.0,"enemies":"Spheric Guardian","floor":19.0,"turns":3.0},{"damage":19.0,"enemies":"Gremlin Leader","floor":23.0,"turns":5.0},{"damage":30.0,"enemies":"Snake Plant","floor":25.0,"turns":4.0},{"damage":21.0,"enemies":"3 Cultists","floor":27.0,"turns":4.0},{"damage":23.0,"enemies":"Centurion and Healer","floor":29.0,"turns":4.0},{"damage":0.0,"enemies":"Snecko","floor":30.0,"turns":3.0},{"damage":8.0,"enemies":"Snake Plant","floor":31.0,"turns":3.0},{"damage":39.0,"enemies":"Champ","floor":33.0,"turns":8.0},{"damage":9.0,"enemies":"Orb Walker","floor":35.0,"turns":4.0},{"damage":33.0,"enemies":"3 Shapes","floor":36.0,"turns":3.0},{"damage":44.0,"enemies":"3 Darklings","floor":38.0,"turns":5.0},{"damage":32.0,"enemies":"Maw","floor":39.0,"turns":7.0},{"damage":26.0,"enemies":"4 Shapes","floor":42.0,"turns":2.0},{"damage":28,"enemies":"Mysterious Sphere","floor":44,"turns":5}],"event_choices":[{"event_name":"Wheel of Change","player_choice":"Relic","floor":7.0,"damage_taken":0.0},{"event_name":"Golden Shrine","player_choice":"Desecrate","floor":11.0,"damage_taken":0.0},{"event_name":"World of Goop","player_choice":"Gather Gold","floor":14.0,"damage_taken":0.0},{"event_name":"Knowing Skull","player_choice":"GOLD GOLD GOLD GOLD ","floor":21.0,"damage_taken":0.0},{"event_name":"Match and Keep!","player_choice":"3 cards matched","floor":41.0,"damage_taken":0.0},{"event_name":"Mysterious Sphere","player_choice":"Fight","floor":44,"damage_taken":0}],"boss_relics":[],"potions_floor_spawned":[5,8,12,19,23,30,31,35,36,38,39,42],"seed_played":"-4844047702172290784","killed_by":"Mysterious Sphere","is_trial":false}