{"gold_per_floor":[112,62,79,154,11,11,11,11,80,108,57,72,72,89,89,163,163,175,193,209,226,244,244,244,272,272,187,187,199,213,213,213,292,292,308,308,237,252,252,281,281,281],"floor_reached":42,"playtime":4169,"items_purged":["Defend_B"],"score":843,"play_id":"b44c773b-b9f9-4e9d-88a6-a202cd94a6f6","local_time":"20190110193548","is_ascension_mode":true,"campfire_choices":[{"floor":6,"key":"REST"},{"data":"Zap","floor":8,"key":"SMITH"},{"floor":15,"key":"REST"},{"floor":23,"key":"REST"},{"floor":32,"key":"REST"}],"neow_cost":"NONE","seed_source_timestamp":24585371511961,"circlet_count":0,"master_deck":["AscendersBane","Zap+1","Dualcast","Glacier","Blizzard","BootSequence","Capacitor","Electrodynamics","Coolheaded","Reboot","Beam Cell","Capacitor","All For One","Glacier","Core Surge","Go for the Eyes","Cold Snap","Hologram","Buffer","Blizzard+1","Sunder"],"relics":["Cracked Core","Bottled Lightning","Omamori","Pandora\u0027s Box","Letter Opener","Pantograph","Anchor","Snecko Eye","WarpedTongs","Blue Candle"],"potions_floor_usage":[16,25,35,42],"damage_taken":[{"damage":7,"enemies":"Jaw Worm","floor":1,"turns":3},{"damage":0,"enemies":"Small Slimes","floor":3,"turns":5},{"damage":33,"enemies":"Lagavulin","floor":10,"turns":8},{"damage":0,"enemies":"Cultist","floor":12,"turns":4},{"damage":6,"enemies":"Lots of Slimes","floor":14,"turns":3},{"damage":29,"enemies":"The Guardian","floor":16,"turns":13},{"damage":6,"enemies":"Shell Parasite","floor":18,"turns":4},{"damage":0,"enemies":"Chosen","floor":19,"turns":4},{"damage":12,"enemies":"Snecko","floor":20,"turns":6},{"damage":11,"enemies":"Snake Plant","floor":21,"turns":4},{"damage":4,"enemies":"Centurion and Healer","floor":22,"turns":7},{"damage":24,"enemies":"Gremlin Leader","floor":25,"turns":7},{"damage":0,"enemies":"Cultist and Chosen","floor":29,"turns":5},{"damage":5,"enemies":"Snecko","floor":30,"turns":6},{"damage":55,"enemies":"Champ","floor":33,"turns":15},{"damage":20,"enemies":"3 Darklings","floor":35,"turns":4},{"damage":10,"enemies":"Orb Walker","floor":38,"turns":4},{"damage":0,"enemies":"Giant Head","floor":40,"turns":7},{"damage":29,"enemies":"Reptomancer","floor":42,"turns":3}],"seed_played":"-1387209043836263784","potions_obtained":[{"floor":3,"key":"LiquidBronze"},{"floor":16,"key":"GamblersBrew"},{"floor":18,"key":"Explosive Potion"},{"floor":19,"key":"FocusPotion"},{"floor":29,"key":"GamblersBrew"},{"floor":30,"key":"AttackPotion"},{"floor":35,"key":"Strength Potion"},{"floor":40,"key":"Energy Potion"}],"is_trial":false,"path_per_floor":["M","?","M","?","$","R","?","R","T","E","$","M","$","M","R","B",null,"M","M","M","M","M","R","?","E","T","?","?","M","M","$","R","B",null,"M","?","$","M","?","E","$","E"],"character_chosen":"DEFECT","items_purchased":["Capacitor","Coolheaded","Sunder"],"campfire_rested":4,"item_purchase_floors":[5,11,37],"current_hp_per_floor":[57,57,57,46,46,67,60,60,60,27,27,27,27,21,42,13,57,51,51,39,28,24,45,45,21,21,21,21,21,16,16,37,7,55,35,35,35,25,25,25,25,0],"gold":281,"neow_bonus":"THREE_CARDS","is_prod":false,"is_daily":false,"chose_seed":false,"campfire_upgraded":1,"win_rate":0,"timestamp":1547145348,"path_taken":["M","?","M","?","$","R","?","R","T","E","$","M","?","M","R","BOSS","M","?","?","M","M","R","?","E","T","?","?","M","M","$","R","BOSS","M","?","$","?","?","E","$","E"],"build_version":"2019-01-09","purchased_purges":1,"victory":false,"max_hp_per_floor":[71,71,71,71,71,71,71,71,71,71,71,71,71,71,71,71,71,71,71,71,71,71,71,71,71,71,71,71,71,71,71,71,71,71,71,71,71,71,71,71,71,71],"card_choices":[{"not_picked":["Sweeping Beam","BootSequence"],"picked":"Glacier","floor":0},{"not_picked":["Rebound","Steam"],"picked":"Blizzard","floor":1},{"not_picked":["Reprogram","Steam"],"picked":"BootSequence","floor":3},{"not_picked":["Sweeping Beam","Compile Driver"],"picked":"Electrodynamics","floor":10},{"not_picked":["Consume","Gash","Recycle"],"picked":"SKIP","floor":12},{"not_picked":["Stack","Beam Cell","Reinforced Body"],"picked":"SKIP","floor":14},{"not_picked":["Thunder Strike","All For One"],"picked":"Reboot","floor":16},{"not_picked":["Steam Power","Turbo"],"picked":"Go for the Eyes","floor":18},{"not_picked":["Loop","Rip and Tear","Turbo"],"picked":"SKIP","floor":19},{"not_picked":["Steam","Skim"],"picked":"Cold Snap","floor":20},{"not_picked":["Barrage","Hello World","Ball Lightning"],"picked":"SKIP","floor":21},{"not_picked":["Coolheaded","Thunder Strike","Scrape"],"picked":"SKIP","floor":22},{"not_picked":["Cold Snap","Force Field","Compile Driver"],"picked":"SKIP","floor":25},{"not_picked":["Double Energy","Consume"],"picked":"Hologram","floor":29},{"not_picked":["Melter+1","Loop","Compile Driver"],"picked":"SKIP","floor":30},{"not_picked":["Multi-Cast","Machine Learning"],"picked":"Buffer","floor":33},{"not_picked":["Rebound","Gash"],"picked":"Blizzard+1","floor":35},{"not_picked":["White Noise+1","Ball Lightning","Heatsinks"],"picked":"SKIP","floor":38},{"not_picked":["Sunder","Compile Driver+1","Storm"],"picked":"SKIP","floor":40}],"player_experience":738961,"relics_obtained":[{"floor":9,"key":"Bottled Lightning"},{"floor":10,"key":"Omamori"},{"floor":25,"key":"Letter Opener"},{"floor":26,"key":"Pantograph"},{"floor":40,"key":"Blue Candle"}],"event_choices":[{"cards_removed":["Strike_B"],"damage_healed":0,"gold_gain":0,"player_choice":"Card Removal","damage_taken":0,"max_hp_gain":0,"max_hp_loss":0,"event_name":"The Cleric","floor":2,"gold_loss":50},{"damage_healed":0,"gold_gain":75,"player_choice":"Gather Gold","damage_taken":11,"max_hp_gain":0,"max_hp_loss":0,"event_name":"World of Goop","floor":4,"gold_loss":0},{"cards_removed":["Strike_B"],"damage_healed":0,"gold_gain":0,"player_choice":"Card Removal","damage_taken":7,"max_hp_gain":0,"max_hp_loss":0,"event_name":"Golden Wing","floor":7,"gold_loss":0},{"damage_healed":0,"gold_gain":0,"player_choice":"Ignored","damage_taken":0,"max_hp_gain":0,"max_hp_loss":0,"event_name":"Ghosts","floor":24,"gold_loss":0},{"damage_healed":0,"gold_gain":0,"player_choice":"Obtained Relic","damage_taken":0,"relics_obtained":["Anchor"],"max_hp_gain":0,"max_hp_loss":0,"event_name":"Addict","floor":27,"gold_loss":85},{"damage_healed":0,"gold_gain":0,"player_choice":"Bought 0 Potions","damage_taken":0,"max_hp_gain":0,"max_hp_loss":0,"event_name":"The Woman in Blue","floor":28,"gold_loss":0},{"damage_healed":0,"gold_gain":0,"player_choice":"Rummage","damage_taken":0,"relics_obtained":["WarpedTongs"],"max_hp_gain":0,"max_hp_loss":0,"event_name":"Accursed Blacksmith","floor":36,"gold_loss":0,"cards_obtained":["Pain"]},{"damage_healed":0,"gold_gain":0,"player_choice":"Ignored","damage_taken":0,"max_hp_gain":0,"max_hp_loss":0,"event_name":"SecretPortal","floor":39,"gold_loss":0}],"is_beta":true,"boss_relics":[{"not_picked":["Empty Cage","Ectoplasm"],"picked":"Pandora\u0027s Box"},{"not_picked":["Nuclear Battery","White Beast Statue"],"picked":"Snecko Eye"}],"items_purged_floors":[5],"is_endless":false,"potions_floor_spawned":[3,16,18,19,29,30,35,38,40],"killed_by":"Reptomancer","ascension_level":14}