{"gold_per_floor":[115,65,16,34,34,62,62,36,59,79,79,106,106,126,126,221,221,231,112,312,328,328,360,360,371,397,414,446,152,77,90,90,187,187,197,197,215,234,254,254,57,57,83,100,125,0,100,127,127,127],"floor_reached":51,"playtime":10524,"items_purged":["Streamline","Decay","Dualcast"],"score":773,"play_id":"171573b4-5127-4b80-b6c1-b254fe4cff8b","local_time":"20181030233252","is_ascension_mode":false,"campfire_choices":[{"data":"Defragment","floor":7.0,"key":"SMITH"},{"data":"Zap","floor":11.0,"key":"SMITH"},{"data":"Self Repair","floor":13.0,"key":"SMITH"},{"data":"Beam Cell","floor":15.0,"key":"SMITH"},{"floor":24.0,"key":"REST"},{"data":"Defragment","floor":32.0,"key":"SMITH"},{"data":"Buffer","floor":40.0,"key":"SMITH"},{"data":"Coolheaded","floor":42.0,"key":"SMITH"},{"data":"Biased Cognition","floor":49.0,"key":"SMITH"}],"neow_cost":"NONE","seed_source_timestamp":783436682596545,"circlet_count":0,"master_deck":["Defend_B","Defend_B","Defend_B","Defend_B","Zap+1","Defragment+1","Beam Cell+1","Cold Snap+1","Self Repair+1","Compile Driver","Ball Lightning","Electrodynamics","Conserve Battery+1","Defragment+1","Cold Snap+1","Coolheaded+1","Go for the Eyes+1","Biased Cognition+1","Buffer+1"],"special_seed":0,"relics":["Cracked Core","NeowsBlessing","Gremlin Horn","Ancient Tea Set","Smiling Mask","Juzu Bracelet","Sozu","Ice Cream","Happy Flower","Boot","Whetstone","Empty Cage","Omamori","Dream Catcher","Sundial","Red Mask","Vajra"],"potions_floor_usage":[],"damage_taken":[{"damage":0.0,"enemies":"Jaw Worm","floor":1.0,"turns":1.0},{"damage":0.0,"enemies":"2 Louse","floor":4.0,"turns":1.0},{"damage":0.0,"enemies":"Gremlin Nob","floor":6.0,"turns":1.0},{"damage":0.0,"enemies":"Cultist","floor":10.0,"turns":3.0},{"damage":14.0,"enemies":"Lagavulin","floor":12.0,"turns":6.0},{"damage":3.0,"enemies":"Exordium Thugs","floor":14.0,"turns":4.0},{"damage":0.0,"enemies":"Slime Boss","floor":16.0,"turns":5.0},{"damage":3.0,"enemies":"Spheric Guardian","floor":18.0,"turns":3.0},{"damage":0.0,"enemies":"3 Byrds","floor":21.0,"turns":2.0},{"damage":48.0,"enemies":"Slavers","floor":23.0,"turns":6.0},{"damage":11.0,"enemies":"Centurion and Healer","floor":25.0,"turns":4.0},{"damage":9.0,"enemies":"Snecko","floor":27.0,"turns":4.0},{"damage":28.0,"enemies":"Book of Stabbing","floor":28.0,"turns":4.0},{"damage":8.0,"enemies":"Sentry and Sphere","floor":31.0,"turns":4.0},{"damage":36.0,"enemies":"Champ","floor":33.0,"turns":13.0},{"damage":9.0,"enemies":"Orb Walker","floor":35.0,"turns":4.0},{"damage":0.0,"enemies":"3 Shapes","floor":37.0,"turns":3.0},{"damage":14.0,"enemies":"Jaw Worm Horde","floor":38.0,"turns":4.0},{"damage":0.0,"enemies":"Transient","floor":39.0,"turns":5.0},{"damage":10.0,"enemies":"4 Shapes","floor":44.0,"turns":3.0},{"damage":9.0,"enemies":"Giant Head","floor":45.0,"turns":10.0},{"damage":60,"enemies":"Time Eater","floor":50,"turns":15}],"seed_played":"-2780517604882697307","potions_obtained":[{"floor":6.0,"key":"PowerPotion"},{"floor":10.0,"key":"Swift Potion"},{"floor":12.0,"key":"Energy Potion"},{"floor":16.0,"key":"AttackPotion"}],"is_trial":false,"path_per_floor":["M","?","$","M","T","E","R","$","T","M","R","E","R","M","R","B",null,"M","$","?","M","?","E","R","M","T","M","E","$","?","M","R","B",null,"M","$","M","M","M","R","$","R","T","M","E","?","?","T","R","B"],"character_chosen":"DEFECT","items_purchased":["Streamline","Cold Snap","Defragment","Coolheaded","Go for the Eyes","Whetstone","Omamori"],"campfire_rested":1,"item_purchase_floors":[3,8,19,29,29,29,41],"current_hp_per_floor":[75,75,75,75,75,75,75,75,75,75,75,68,68,75,75,75,75,75,75,75,75,75,37,59,58,58,59,41,41,41,43,43,17,75,75,75,75,71,75,75,75,75,75,75,75,75,75,75,75,25],"gold":127,"neow_bonus":"THREE_ENEMY_KILL","is_prod":false,"is_daily":false,"chose_seed":false,"campfire_upgraded":8,"win_rate":0,"timestamp":1540909972,"path_taken":["M","?","?","M","?","E","R","?","T","M","R","E","R","M","R","BOSS","M","$","?","M","?","E","R","M","T","M","E","$","?","M","R","BOSS","M","$","M","M","M","R","$","R","T","M","E","?","?","?","R","BOSS"],"build_version":"2018-10-29v2","purchased_purges":3,"victory":true,"max_hp_per_floor":[75,75,75,75,75,75,75,75,75,75,75,75,75,75,75,75,75,75,75,75,75,75,75,75,75,75,75,75,75,75,75,75,75,75,75,75,75,75,75,75,75,75,75,75,75,75,75,75,75,75],"card_choices":[{"not_picked":["Turbo","Scrape"],"picked":"Defragment","floor":1.0},{"not_picked":["Sweeping Beam","Blizzard"],"picked":"Beam Cell","floor":4.0},{"not_picked":["Double Energy","Fusion","Hologram"],"picked":"SKIP","floor":6.0},{"not_picked":["Hologram","Rip and Tear"],"picked":"Self Repair","floor":10.0},{"not_picked":["Chaos","Steam"],"picked":"Compile Driver","floor":12.0},{"not_picked":["Skim","Multi-Cast"],"picked":"Ball Lightning","floor":14.0},{"not_picked":["Core Surge","Amplify"],"picked":"Electrodynamics","floor":16.0},{"not_picked":["Tempest","Melter"],"picked":"Conserve Battery+1","floor":18.0},{"not_picked":["Streamline+1","Double Energy"],"picked":"Cold Snap+1","floor":21.0},{"not_picked":["Barrage","BootSequence","Beam Cell+1"],"picked":"SKIP","floor":23.0},{"not_picked":["Conserve Battery","Tempest","White Noise"],"picked":"SKIP","floor":25.0},{"not_picked":["Hologram","Rebound","Compile Driver+1"],"picked":"SKIP","floor":27.0},{"not_picked":["Melter","Genetic Algorithm","Sunder"],"picked":"SKIP","floor":28.0},{"not_picked":["White Noise","Gash"],"picked":"Biased Cognition","floor":31.0},{"not_picked":["Echo Form","Machine Learning"],"picked":"Buffer","floor":33.0},{"not_picked":["Heatsinks","Turbo","Genetic Algorithm"],"picked":"SKIP","floor":35.0},{"not_picked":["Rebound+1","Aggregate+1","Self Repair+1"],"picked":"SKIP","floor":37.0},{"not_picked":["Go for the Eyes+1","Conserve Battery+1","Multi-Cast"],"picked":"SKIP","floor":38.0},{"not_picked":["Turbo+1","Aggregate+1","Leap"],"picked":"SKIP","floor":39.0},{"not_picked":["Doom and Gloom+1","Steam+1","Beam Cell"],"picked":"SKIP","floor":44.0},{"not_picked":["Undo","Redo","All For One"],"picked":"SKIP","floor":45.0}],"player_experience":529862,"relics_obtained":[{"floor":5.0,"key":"Gremlin Horn"},{"floor":6.0,"key":"Ancient Tea Set"},{"floor":9.0,"key":"Smiling Mask"},{"floor":12.0,"key":"Juzu Bracelet"},{"floor":23.0,"key":"Ice Cream"},{"floor":26.0,"key":"Happy Flower"},{"floor":28.0,"key":"Boot"},{"floor":43.0,"key":"Dream Catcher"},{"floor":45.0,"key":"Sundial"},{"floor":48.0,"key":"Vajra"}],"event_choices":[{"cards_removed":["Strike_B"],"damage_healed":0.0,"max_hp_gain":0.0,"max_hp_loss":0.0,"gold_gain":0.0,"event_name":"The Cleric","player_choice":"Card Removal","floor":2.0,"gold_loss":50.0,"damage_taken":0.0},{"damage_healed":0.0,"max_hp_gain":0.0,"max_hp_loss":0.0,"gold_gain":250.0,"event_name":"The Joust","player_choice":"Bet on Owner","floor":20.0,"gold_loss":50.0,"damage_taken":0.0},{"damage_healed":0.0,"max_hp_gain":0.0,"max_hp_loss":0.0,"gold_gain":0.0,"event_name":"Wheel of Change","player_choice":"Cursed","floor":22.0,"gold_loss":0.0,"damage_taken":0.0,"cards_obtained":["Decay"]},{"cards_removed":["Strike_B"],"damage_healed":0.0,"max_hp_gain":0.0,"max_hp_loss":0.0,"gold_gain":0.0,"event_name":"Beggar","player_choice":"Gave Gold","floor":30.0,"gold_loss":75.0,"damage_taken":0.0},{"damage_healed":0.0,"max_hp_gain":0.0,"max_hp_loss":0.0,"gold_gain":0.0,"event_name":"Tomb of Lord Red Mask","player_choice":"Paid","floor":46.0,"gold_loss":125.0,"damage_taken":0.0,"relics_obtained":["Red Mask"]},{"damage_healed":0.0,"max_hp_gain":0.0,"max_hp_loss":0.0,"gold_gain":100.0,"event_name":"Golden Shrine","player_choice":"Pray","floor":47.0,"gold_loss":0.0,"damage_taken":0.0}],"is_beta":true,"boss_relics":[{"not_picked":["Runic Dome","Eternal Feather"],"picked":"Sozu"},{"not_picked":["Runic Pyramid","White Beast Statue"],"picked":"Empty Cage"}],"items_purged_floors":[19,29,41],"is_endless":false,"potions_floor_spawned":[6,10,12,16,21,23,25,27,28,37,39,44,45],"ascension_level":0}