{"gold_per_floor":[118,138,156,172,182,215,215,140,191,203,216,228,254,268,268,369,369,383,398,253,253,272,272,285,298,350,350,199,216,229,229,229,324,324,335,353,353,353,154,154,154,154,178,198,198,23,23,23,23,23],"floor_reached":50,"playtime":3361,"items_purged":["Flame Barrier","Fire Breathing","Regret","Anger","Doubt"],"score":573,"play_id":"9274ad03-8d9c-4607-9662-d82ffc2ff042","local_time":"20180911105521","daily_mods":["Draft"],"is_ascension_mode":false,"campfire_choices":[{"data":"Perfected Strike","floor":7.0,"key":"SMITH"},{"floor":15.0,"key":"REST"},{"data":"Perfected Strike","floor":23.0,"key":"SMITH"},{"data":"Perfected Strike","floor":27.0,"key":"SMITH"},{"data":"Perfected Strike","floor":32.0,"key":"SMITH"},{"data":"Pommel Strike","floor":41.0,"key":"SMITH"},{"data":"Pommel Strike","floor":45.0,"key":"SMITH"},{"data":"Pommel Strike","floor":47.0,"key":"SMITH"},{"data":"Pommel Strike","floor":49.0,"key":"SMITH"}],"neow_cost":"","seed_source_timestamp":0,"circlet_count":0,"master_deck":["Warcry","Perfected Strike+1","Perfected Strike+1","Warcry","Shrug It Off","Perfected Strike+1","Twin Strike+1","Flex","Wild Strike","Pommel Strike","Twin Strike+1","Pommel Strike+1","Pommel Strike+1","Twin Strike","Pommel Strike+1","Pommel Strike+1","Perfected Strike+1","Twin Strike","Pommel Strike","Twin Strike","Pommel Strike","Writhe","Wild Strike+1","Parasite"],"special_seed":0,"relics":["Burning Blood","Pantograph","Boot","Odd Mushroom","Cursed Key","Bag of Preparation","White Beast Statue","Whetstone","Molten Egg 2"],"potions_floor_usage":[],"damage_taken":[{"damage":11.0,"enemies":"Jaw Worm","floor":1.0,"turns":2.0},{"damage":5.0,"enemies":"Small Slimes","floor":2.0,"turns":2.0},{"damage":0.0,"enemies":"2 Louse","floor":3.0,"turns":2.0},{"damage":0.0,"enemies":"2 Fungi Beasts","floor":4.0,"turns":2.0},{"damage":10.0,"enemies":"Looter","floor":5.0,"turns":2.0},{"damage":27.0,"enemies":"3 Sentries","floor":6.0,"turns":3.0},{"damage":16.0,"enemies":"Lots of Slimes","floor":10.0,"turns":3.0},{"damage":4.0,"enemies":"2 Fungi Beasts","floor":11.0,"turns":2.0},{"damage":10.0,"enemies":"Exordium Thugs","floor":12.0,"turns":2.0},{"damage":22.0,"enemies":"The Mushroom Lair","floor":13.0,"turns":3.0},{"damage":0.0,"enemies":"Large Slime","floor":14.0,"turns":3.0},{"damage":0.0,"enemies":"Slime Boss","floor":16.0,"turns":5.0},{"damage":10.0,"enemies":"2 Thieves","floor":18.0,"turns":2.0},{"damage":4.0,"enemies":"Shell Parasite","floor":19.0,"turns":2.0},{"damage":4.0,"enemies":"Centurion and Healer","floor":22.0,"turns":3.0},{"damage":21.0,"enemies":"Snake Plant","floor":24.0,"turns":2.0},{"damage":13.0,"enemies":"Shelled Parasite and Fungi","floor":25.0,"turns":3.0},{"damage":0.0,"enemies":"Centurion and Healer","floor":29.0,"turns":2.0},{"damage":21.0,"enemies":"Snake Plant","floor":30.0,"turns":2.0},{"damage":6.0,"enemies":"Collector","floor":33.0,"turns":3.0},{"damage":0.0,"enemies":"Orb Walker","floor":35.0,"turns":1.0},{"damage":16.0,"enemies":"3 Darklings","floor":36.0,"turns":3.0},{"damage":5.0,"enemies":"4 Shapes","floor":44.0,"turns":3.0},{"damage":80,"enemies":"Donu and Deca","floor":50,"turns":4}],"seed_played":"8042559984932583185","potions_obtained":[{"floor":2.0,"key":"Explosive Potion"},{"floor":3.0,"key":"Energy Potion"},{"floor":6.0,"key":"PowerPotion"},{"floor":11.0,"key":"SpeedPotion"},{"floor":13.0,"key":"SteroidPotion"},{"floor":16.0,"key":"Poison Potion"},{"floor":22.0,"key":"SkillPotion"},{"floor":25.0,"key":"SteroidPotion"},{"floor":35.0,"key":"Dexterity Potion"},{"floor":36.0,"key":"Poison Potion"},{"floor":44.0,"key":"Explosive Potion"}],"is_trial":true,"path_per_floor":["M","M","M","M","M","E","R","$","T","M","M","M","?","M","R","B",null,"M","M","$","?","M","R","M","M","T","R","$","M","M","?","R","B",null,"M","M","?","?","$","?","R","?","T","M","R","$","R","T","R"],"character_chosen":"IRONCLAD","items_purchased":["Pommel Strike","Pommel Strike","AttackPotion"],"campfire_rested":1,"item_purchase_floors":[20,28,39],"current_hp_per_floor":[75,76,80,80,76,55,55,55,55,45,47,43,27,33,57,80,80,76,78,78,78,80,80,65,58,58,58,58,64,49,75,75,80,80,80,70,70,70,70,80,80,80,80,80,80,80,80,80,80,0],"gold":23,"neow_bonus":"","is_prod":false,"is_daily":false,"chose_seed":false,"campfire_upgraded":8,"win_rate":0,"timestamp":1536677721,"path_taken":["M","M","M","M","M","E","R","$","T","M","M","M","?","M","R","BOSS","M","M","$","?","M","R","M","M","T","R","$","?","M","?","R","BOSS","M","M","?","?","$","?","R","?","T","M","R","$","R","?","R","BOSS"],"build_version":"2018-09-06","purchased_purges":5,"victory":false,"max_hp_per_floor":[80,80,80,80,80,80,80,80,80,80,80,80,80,80,80,80,80,80,80,80,80,80,80,80,80,80,80,80,80,80,80,80,80,80,80,80,80,80,80,80,80,80,80,80,80,80,80,80,80,80],"card_choices":[{"not_picked":["Heavy Blade","Flex"],"picked":"Warcry","floor":0.0},{"not_picked":["Combust","Rupture"],"picked":"Perfected Strike","floor":0.0},{"not_picked":["Uppercut","Anger"],"picked":"Perfected Strike","floor":0.0},{"not_picked":["Evolve","Power Through"],"picked":"Warcry","floor":0.0},{"not_picked":["Searing Blow","Heavy Blade"],"picked":"Shrug It Off","floor":0.0},{"not_picked":["True Grit","Flame Barrier"],"picked":"Fire Breathing","floor":0.0},{"not_picked":["Hemokinesis","Flame Barrier"],"picked":"Perfected Strike","floor":0.0},{"not_picked":["Burning Pact","Fire Breathing"],"picked":"Anger","floor":0.0},{"not_picked":["Wild Strike","Second Wind"],"picked":"Twin Strike","floor":0.0},{"not_picked":["Havoc","Armaments"],"picked":"Flex","floor":0.0},{"not_picked":["Heavy Blade","Havoc"],"picked":"Wild Strike","floor":0.0},{"not_picked":["Uppercut","Body Slam"],"picked":"Pommel Strike","floor":0.0},{"not_picked":["Body Slam","Corruption"],"picked":"Twin Strike","floor":0.0},{"not_picked":["Cleave","Clash"],"picked":"Pommel Strike","floor":0.0},{"not_picked":["Headbutt","Combust"],"picked":"Flame Barrier","floor":0.0},{"not_picked":["Burning Pact","Second Wind","Intimidate"],"picked":"SKIP","floor":1.0},{"not_picked":["Iron Wave","Heavy Blade","Dual Wield"],"picked":"SKIP","floor":2.0},{"not_picked":["Twin Strike","Flex"],"picked":"Pommel Strike","floor":3.0},{"not_picked":["Intimidate","Iron Wave","Cleave"],"picked":"SKIP","floor":4.0},{"not_picked":["Sever Soul","True Grit"],"picked":"Twin Strike","floor":5.0},{"not_picked":["Corruption","Evolve","Hemokinesis"],"picked":"SKIP","floor":6.0},{"not_picked":["Brutality","Havoc"],"picked":"Pommel Strike","floor":10.0},{"not_picked":["Metallicize","Hemokinesis"],"picked":"Pommel Strike","floor":11.0},{"not_picked":["Clothesline","Anger","Entrench"],"picked":"SKIP","floor":12.0},{"not_picked":["Intimidate","Flex","Inflame"],"picked":"SKIP","floor":14.0},{"not_picked":["Havoc","Pommel Strike+1"],"picked":"Perfected Strike","floor":18.0},{"not_picked":["Whirlwind","Cleave"],"picked":"Twin Strike","floor":19.0},{"not_picked":["Flex","Sword Boomerang","Warcry"],"picked":"SKIP","floor":22.0},{"not_picked":["Intimidate","Brutality","Clothesline"],"picked":"SKIP","floor":24.0},{"not_picked":["Clash","Warcry+1"],"picked":"Twin Strike","floor":25.0},{"not_picked":["Warcry","Combust","Carnage"],"picked":"SKIP","floor":29.0},{"not_picked":["Anger","Entrench","Dual Wield"],"picked":"SKIP","floor":30.0},{"not_picked":["Anger","Rupture","Sword Boomerang"],"picked":"SKIP","floor":35.0},{"not_picked":["Headbutt","Burning Pact+1","Clothesline+1"],"picked":"SKIP","floor":36.0},{"not_picked":["Headbutt","Hemokinesis"],"picked":"Wild Strike+1","floor":44.0}],"player_experience":96774,"relics_obtained":[{"floor":6.0,"key":"Pantograph"},{"floor":9.0,"key":"Boot"},{"floor":13.0,"key":"Odd Mushroom"},{"floor":26.0,"key":"Bag of Preparation"},{"floor":43.0,"key":"Whetstone"},{"floor":48.0,"key":"Molten Egg 2"}],"event_choices":[{"event_name":"Mushrooms","player_choice":"Fought Mushrooms","floor":13.0,"damage_taken":0.0},{"event_name":"Cursed Tome","player_choice":"Ignored","floor":21.0,"damage_taken":0.0},{"event_name":"The Library","player_choice":"Heal","floor":31.0,"damage_taken":0.0},{"event_name":"SensoryStone","player_choice":"Memory 1","floor":37.0,"damage_taken":0.0},{"event_name":"Transmorgrifier","player_choice":"Skipped","floor":38.0,"damage_taken":0.0},{"event_name":"Winding Halls","player_choice":"Writhe","floor":40.0,"damage_taken":0.0},{"event_name":"Tomb of Lord Red Mask","player_choice":"Ignored","floor":42.0,"damage_taken":0.0}],"is_beta":false,"boss_relics":[{"not_picked":["Black Star","Lizard Tail"],"picked":"Cursed Key"},{"not_picked":["Pandora\u0027s Box","Mark of Pain"],"picked":"White Beast Statue"}],"items_purged_floors":[8,20,28,39,46],"is_endless":false,"potions_floor_spawned":[2,3,6,11,13,16,22,25,35,36,44],"killed_by":"Donu and Deca","ascension_level":0}