{"gold_per_floor":[112,8,8,26,36,36,54,83,110,110,210,210,229,247,247,352,352,332,26,45,45,45,45,45],"floor_reached":24,"playtime":1532,"items_purged":["Defend_R"],"score":288,"play_id":"855d764b-a612-44a8-9b8e-1252a56aa05f","local_time":"20190306024453","is_ascension_mode":true,"campfire_choices":[{"data":"True Grit","floor":6,"key":"SMITH"},{"data":"Clothesline","floor":12,"key":"SMITH"},{"data":"Inflame","floor":15,"key":"SMITH"},{"floor":23,"key":"REST"}],"neow_cost":"NONE","seed_source_timestamp":1202769508171,"circlet_count":0,"master_deck":["AscendersBane","Strike_R","Strike_R","Strike_R","Strike_R","Strike_R","Defend_R","Defend_R","Defend_R","Bash","True Grit+1","Wild Strike","Inflame+1","Twin Strike","Clothesline+1","Demon Form","Perfected Strike+1","Evolve","Thinking Ahead"],"relics":["Black Blood","Smiling Mask","Odd Mushroom","Red Skull","Dream Catcher"],"potions_floor_usage":[8,14,16,24],"damage_taken":[{"damage":1,"enemies":"Small Slimes","floor":1,"turns":3},{"damage":3,"enemies":"Cultist","floor":4,"turns":4},{"damage":0,"enemies":"2 Louse","floor":5,"turns":2},{"damage":19,"enemies":"Lots of Slimes","floor":7,"turns":5},{"damage":25,"enemies":"The Mushroom Lair","floor":8,"turns":5},{"damage":0,"enemies":"3 Louse","floor":13,"turns":3},{"damage":3,"enemies":"Exordium Wildlife","floor":14,"turns":3},{"damage":44,"enemies":"The Guardian","floor":16,"turns":11},{"damage":22,"enemies":"2 Thieves","floor":18,"turns":4},{"damage":12,"enemies":"Chosen","floor":20,"turns":6},{"damage":47,"enemies":"Slavers","floor":24,"turns":4}],"seed_played":"752169382996812178","potions_obtained":[{"floor":7,"key":"Weak Potion"},{"floor":8,"key":"AttackPotion"},{"floor":13,"key":"Poison Potion"}],"is_trial":false,"path_per_floor":["M","$","?","M","M","R","M","?","T","?","?","R","M","M","R","B",null,"M","$","M","$","?","R","E"],"character_chosen":"IRONCLAD","items_purchased":["Wild Strike","Evolve","Thinking Ahead","Weak Potion"],"campfire_rested":1,"item_purchase_floors":[2,19,19,19],"current_hp_per_floor":[77,77,77,80,80,80,67,48,48,36,36,36,42,45,45,7,62,50,50,48,48,33,58,11],"gold":45,"neow_bonus":"RANDOM_COMMON_RELIC","is_prod":false,"is_daily":false,"chose_seed":false,"campfire_upgraded":3,"win_rate":0,"timestamp":1551861893,"path_taken":["M","$","?","M","M","R","?","?","T","?","?","R","M","M","R","BOSS","M","$","M","?","?","R","E"],"build_version":"2019-01-23","purchased_purges":1,"victory":false,"max_hp_per_floor":[80,80,80,80,80,80,80,80,80,80,80,80,80,80,80,80,80,80,80,80,80,85,85,85],"card_choices":[{"not_picked":["Pummel","Clash"],"picked":"True Grit","floor":1},{"not_picked":["Heavy Blade","Headbutt"],"picked":"Twin Strike","floor":4},{"not_picked":["Bludgeon","Pommel Strike","Anger"],"picked":"SKIP","floor":5},{"not_picked":["Disarm","Infernal Blade","Twin Strike"],"picked":"SKIP","floor":7},{"not_picked":["Hemokinesis","Spot Weakness"],"picked":"Clothesline","floor":8},{"not_picked":["Heavy Blade","Body Slam","Cleave"],"picked":"SKIP","floor":13},{"not_picked":["Heavy Blade","Body Slam","Cleave"],"picked":"SKIP","floor":13},{"not_picked":["Perfected Strike","Warcry","Dual Wield"],"picked":"SKIP","floor":14},{"not_picked":["Brutality","Limit Break"],"picked":"Demon Form","floor":16},{"not_picked":["Dropkick","Cleave+1"],"picked":"Perfected Strike+1","floor":18},{"not_picked":["Perfected Strike","Sword Boomerang","Dropkick+1"],"picked":"SKIP","floor":20}],"player_experience":195515,"relics_obtained":[{"floor":8,"key":"Odd Mushroom"},{"floor":9,"key":"Red Skull"}],"event_choices":[{"damage_healed":0,"gold_gain":0,"player_choice":"1 cards matched","damage_taken":0,"max_hp_gain":0,"max_hp_loss":0,"event_name":"Match and Keep!","floor":3,"gold_loss":0,"cards_obtained":["Inflame"]},{"damage_healed":0,"gold_gain":0,"player_choice":"Fought Mushrooms","damage_taken":0,"max_hp_gain":0,"max_hp_loss":0,"event_name":"Mushrooms","floor":8,"gold_loss":0},{"damage_healed":0,"gold_gain":0,"player_choice":"Success","damage_taken":12,"relics_obtained":["Dream Catcher"],"max_hp_gain":0,"max_hp_loss":0,"event_name":"Scrap Ooze","floor":10,"gold_loss":0},{"damage_healed":0,"gold_gain":100,"player_choice":"Pray","damage_taken":0,"max_hp_gain":0,"max_hp_loss":0,"event_name":"Golden Shrine","floor":11,"gold_loss":0},{"damage_healed":0,"gold_gain":0,"player_choice":"Shed Blood","damage_taken":20,"max_hp_gain":5,"max_hp_loss":0,"event_name":"Forgotten Altar","floor":22,"gold_loss":0}],"is_beta":false,"boss_relics":[{"not_picked":["Busted Crown","Empty Cage"],"picked":"Black Blood"}],"items_purged_floors":[2],"is_endless":false,"potions_floor_spawned":[7,8,13],"killed_by":"Slavers","ascension_level":11}