{"gold_per_floor":[118,129,143,73,73,102,113,113,113,113,124,136,164,192,192,292,292,308,158,158,175,191,191,219,219,219,252,167,193,170,190,190,295,295,314,331,28,48,48,48,78,78,156,185,205,14,14,33,33,33],"floor_reached":50,"playtime":1819,"items_purged":[],"score":650,"play_id":"449b48a7-82c1-4f33-8777-541b951ef79f","local_time":"20190123212031","is_ascension_mode":true,"campfire_choices":[{"floor":8,"key":"RECALL"},{"floor":10,"key":"REST"},{"floor":15,"key":"REST"},{"floor":23,"key":"REST"},{"floor":32,"key":"REST"},{"floor":49,"key":"REST"}],"neow_cost":"PERCENT_DAMAGE","seed_source_timestamp":1287490726405709,"circlet_count":0,"master_deck":["Strike_R+1","Strike_R+1","Strike_R+1","Strike_R+1","Strike_R+1","Defend_R+1","Defend_R+1","Defend_R+1","Defend_R+1","Bash","Heavy Blade","Clash","Sword Boomerang","Rampage+1","Iron Wave","Spot Weakness","Cleave","Twin Strike","Immolate","Flex","Immolate","Headbutt","Armaments+1","Inflame+1","Clash","Twin Strike+1","Perfected Strike","Thunderclap","Impervious","Hemokinesis","Inflame","Flex","True Grit+1","Mind Blast","Twin Strike+1","Ghostly Armor+1","Clothesline+1"],"relics":["Burning Blood","Nunchaku","Paper Frog","Bottled Flame","Odd Mushroom","Fusion Hammer","Matryoshka","Bottled Tornado","Smiling Mask","Gremlin Horn","Anchor","Pear","Busted Crown","Frozen Eye","Molten Egg 2","FaceOfCleric","Happy Flower","Self Forming Clay","Question Card","ClockworkSouvenir"],"potions_floor_usage":[16,29,38,44,45,50,50],"damage_taken":[{"damage":1,"enemies":"Cultist","floor":1,"turns":4},{"damage":7,"enemies":"Small Slimes","floor":2,"turns":3},{"damage":0,"enemies":"2 Louse","floor":3,"turns":2},{"damage":26,"enemies":"3 Sentries","floor":6,"turns":9},{"damage":0,"enemies":"Looter","floor":7,"turns":3},{"damage":11,"enemies":"Large Slime","floor":11,"turns":4},{"damage":3,"enemies":"Red Slaver","floor":12,"turns":3},{"damage":23,"enemies":"Gremlin Nob","floor":13,"turns":4},{"damage":12,"enemies":"The Mushroom Lair","floor":14,"turns":3},{"damage":39,"enemies":"Slime Boss","floor":16,"turns":8},{"damage":22,"enemies":"Shell Parasite","floor":18,"turns":4},{"damage":0,"enemies":"Chosen","floor":21,"turns":3},{"damage":27,"enemies":"Centurion and Healer","floor":22,"turns":3},{"damage":0,"enemies":"Gremlin Leader","floor":24,"turns":3},{"damage":17,"enemies":"Book of Stabbing","floor":27,"turns":3},{"damage":4,"enemies":"Slavers","floor":29,"turns":2},{"damage":8,"enemies":"Shelled Parasite and Fungi","floor":31,"turns":3},{"damage":56,"enemies":"Automaton","floor":33,"turns":7},{"damage":0,"enemies":"3 Shapes","floor":35,"turns":2},{"damage":0,"enemies":"Orb Walker","floor":36,"turns":2},{"damage":6,"enemies":"4 Shapes","floor":38,"turns":4},{"damage":17,"enemies":"Reptomancer","floor":41,"turns":4},{"damage":40,"enemies":"Nemesis","floor":44,"turns":5},{"damage":46,"enemies":"Maw","floor":45,"turns":7},{"damage":0,"enemies":"Jaw Worm Horde","floor":48,"turns":3},{"damage":69,"enemies":"Donu and Deca","floor":50,"turns":6}],"seed_played":"-180802840385848725","potions_obtained":[{"floor":2,"key":"Swift Potion"},{"floor":7,"key":"Strength Potion"},{"floor":12,"key":"Energy Potion"},{"floor":14,"key":"Weak Potion"},{"floor":18,"key":"Fire Potion"},{"floor":21,"key":"AttackPotion"},{"floor":22,"key":"Regen Potion"},{"floor":33,"key":"Block Potion"},{"floor":41,"key":"LiquidBronze"},{"floor":45,"key":"Weak Potion"}],"is_trial":false,"path_per_floor":["M","M","M","$","?","E","M","R","T","R","M","M","E","?","R","B",null,"M","$","?","M","M","R","E","?","T","E","?","E","$","M","R","B",null,"M","M","$","M","?","?","E","?","T","E","M","$","?","M","R","B"],"character_chosen":"IRONCLAD","items_purchased":["Rampage","Immolate","Perfected Strike","Inflame","Frozen Eye","Flex","ClockworkSouvenir"],"campfire_rested":5,"item_purchase_floors":[4,19,30,37,37,37,46],"current_hp_per_floor":[61,60,66,66,66,46,52,52,52,76,71,74,57,51,75,42,80,64,64,64,70,49,73,79,79,79,68,68,80,80,78,90,40,90,90,90,90,90,90,90,79,79,79,46,19,19,19,26,52,0],"gold":33,"neow_bonus":"ONE_RARE_RELIC","is_prod":false,"is_daily":false,"chose_seed":false,"campfire_upgraded":0,"win_rate":0,"timestamp":1548296431,"path_taken":["M","M","M","$","?","E","M","R","T","R","M","M","E","?","R","BOSS","M","$","?","M","M","R","E","?","T","E","?","E","$","M","R","BOSS","M","M","$","M","?","?","E","?","T","E","?","$","?","M","R","BOSS"],"build_version":"2019-01-17v2","purchased_purges":0,"victory":false,"max_hp_per_floor":[80,80,80,80,80,80,80,80,80,80,80,80,80,80,80,80,80,80,80,80,80,80,80,80,80,80,80,80,90,90,90,90,90,90,90,90,90,90,90,90,90,90,90,91,92,92,87,88,88,88],"card_choices":[{"not_picked":["Shrug It Off","Clothesline"],"picked":"Heavy Blade","floor":1},{"not_picked":["Thunderclap","Shrug It Off"],"picked":"Clash","floor":2},{"not_picked":["Body Slam","Pommel Strike"],"picked":"Sword Boomerang","floor":3},{"not_picked":["Bloodletting","Exhume"],"picked":"Iron Wave","floor":6},{"not_picked":["Shrug It Off","Sword Boomerang"],"picked":"Spot Weakness","floor":7},{"not_picked":["Rampage","Clothesline"],"picked":"Cleave","floor":11},{"not_picked":["Body Slam","Wild Strike"],"picked":"Twin Strike","floor":12},{"not_picked":["Berserk","Disarm","Armaments"],"picked":"SKIP","floor":13},{"not_picked":["Hemokinesis","Wild Strike"],"picked":"Flex","floor":14},{"not_picked":["Barricade","Offering"],"picked":"Immolate","floor":16},{"not_picked":["Armaments","Dropkick"],"picked":"Flex","floor":18},{"not_picked":["Warcry","Iron Wave"],"picked":"Headbutt","floor":21},{"not_picked":["True Grit","Shockwave"],"picked":"Armaments+1","floor":22},{"not_picked":["Power Through","Sever Soul"],"picked":"Inflame+1","floor":24},{"not_picked":["Pummel","Armaments"],"picked":"Clash","floor":27},{"not_picked":["Wild Strike","Headbutt"],"picked":"Twin Strike+1","floor":29},{"not_picked":["Carnage","Sentinel+1"],"picked":"Thunderclap","floor":31},{"not_picked":["Brutality","Dark Embrace"],"picked":"Impervious","floor":33},{"not_picked":["Body Slam"],"picked":"SKIP","floor":35},{"not_picked":[],"picked":"Hemokinesis","floor":36},{"not_picked":[],"picked":"True Grit+1","floor":38},{"not_picked":[],"picked":"Mind Blast","floor":39},{"not_picked":[],"picked":"Twin Strike","floor":41},{"not_picked":["Body Slam+1"],"picked":"SKIP","floor":44},{"not_picked":["Evolve"],"picked":"Ghostly Armor+1","floor":45},{"not_picked":["Metallicize"],"picked":"Clothesline+1","floor":48}],"player_experience":101014,"relics_obtained":[{"floor":6,"key":"Paper Frog"},{"floor":13,"key":"Bottled Flame"},{"floor":14,"key":"Odd Mushroom"},{"floor":24,"key":"Matryoshka"},{"floor":26,"key":"Bottled Tornado"},{"floor":26,"key":"Smiling Mask"},{"floor":27,"key":"Gremlin Horn"},{"floor":29,"key":"Pear"},{"floor":41,"key":"Molten Egg 2"},{"floor":43,"key":"Happy Flower"},{"floor":43,"key":"Self Forming Clay"},{"floor":44,"key":"Question Card"}],"event_choices":[{"damage_healed":0,"gold_gain":0,"player_choice":"Grow","damage_taken":0,"max_hp_gain":0,"max_hp_loss":0,"event_name":"Living Wall","floor":5,"gold_loss":0,"cards_upgraded":["Rampage"]},{"damage_healed":0,"gold_gain":0,"player_choice":"Fought Mushrooms","damage_taken":0,"max_hp_gain":0,"max_hp_loss":0,"event_name":"Mushrooms","floor":14,"gold_loss":0},{"damage_healed":0,"gold_gain":0,"player_choice":"Ignored","damage_taken":0,"max_hp_gain":0,"max_hp_loss":0,"event_name":"Ghosts","floor":20,"gold_loss":0},{"damage_healed":0,"gold_gain":0,"player_choice":"Simplicity","damage_taken":0,"max_hp_gain":0,"max_hp_loss":0,"event_name":"Back to Basics","floor":25,"gold_loss":0,"cards_upgraded":["Strike_R","Strike_R","Strike_R","Strike_R","Strike_R","Defend_R","Defend_R","Defend_R","Defend_R"]},{"damage_healed":0,"gold_gain":0,"player_choice":"Obtained Relic","damage_taken":0,"relics_obtained":["Anchor"],"max_hp_gain":0,"max_hp_loss":0,"event_name":"Addict","floor":28,"gold_loss":85},{"damage_healed":0,"gold_gain":0,"player_choice":"Memory 1","damage_taken":0,"max_hp_gain":0,"max_hp_loss":0,"event_name":"SensoryStone","floor":39,"gold_loss":0},{"cards_removed":["Flex"],"damage_healed":0,"gold_gain":0,"player_choice":"Removed Skill","damage_taken":0,"max_hp_gain":0,"max_hp_loss":0,"event_name":"Falling","floor":40,"gold_loss":0},{"damage_healed":0,"gold_gain":0,"player_choice":"Trade","damage_taken":0,"relics_obtained":["FaceOfCleric"],"max_hp_gain":0,"max_hp_loss":0,"event_name":"FaceTrader","floor":42,"gold_loss":0},{"damage_healed":0,"gold_gain":0,"player_choice":"Max HP","damage_taken":0,"max_hp_gain":0,"max_hp_loss":5,"event_name":"Winding Halls","floor":47,"gold_loss":0}],"is_beta":false,"boss_relics":[{"not_picked":["Sozu","Eternal Feather"],"picked":"Fusion Hammer"},{"not_picked":["Velvet Choker","Mark of Pain"],"picked":"Busted Crown"}],"items_purged_floors":[],"is_endless":false,"potions_floor_spawned":[2,7,12,14,18,21,22,33,41,45],"killed_by":"Donu and Deca","ascension_level":1}