{"gold_per_floor":[117,136,148,102,121,121,138,138,162,1,17,31,41,53,53,53],"floor_reached":16,"playtime":516,"items_purged":["Defend_R"],"score":98,"play_id":"33f34b54-45ea-49ad-afed-a159f04a1d39","local_time":"20181209131913","is_ascension_mode":false,"campfire_choices":[{"data":"Whirlwind","floor":6,"key":"SMITH"},{"data":"Whirlwind","floor":15,"key":"SMITH"}],"neow_cost":"NONE","seed_source_timestamp":831444763542608,"circlet_count":0,"master_deck":["Strike_R","Strike_R","Strike_R","Strike_R","Strike_R","Defend_R","Defend_R","Defend_R","Bash","Shrug It Off","Whirlwind+1","Clash","Wild Strike+1","Clash+1","Enlightenment","Wild Strike","Whirlwind+1"],"relics":["Burning Blood","Whetstone"],"potions_floor_usage":[3,5,12,12,12],"damage_taken":[{"damage":9,"enemies":"2 Louse","floor":1,"turns":3},{"damage":2,"enemies":"Cultist","floor":2,"turns":4},{"damage":0,"enemies":"Small Slimes","floor":3,"turns":3},{"damage":7,"enemies":"Blue Slaver","floor":5,"turns":4},{"damage":11,"enemies":"Exordium Thugs","floor":7,"turns":5},{"damage":0,"enemies":"3 Louse","floor":11,"turns":1},{"damage":0,"enemies":"Blue Slaver","floor":12,"turns":1},{"damage":14,"enemies":"Exordium Thugs","floor":13,"turns":4},{"damage":3,"enemies":"Red Slaver","floor":14,"turns":2},{"damage":11,"enemies":"Slime Boss","floor":16,"turns":4}],"seed_played":"9150136343591530194","potions_obtained":[{"floor":1,"key":"Dexterity Potion"},{"floor":2,"key":"Energy Potion"},{"floor":3,"key":"SteroidPotion"},{"floor":8,"key":"AttackPotion"},{"floor":8,"key":"AttackPotion"},{"floor":8,"key":"AttackPotion"}],"is_trial":false,"path_per_floor":["M","M","M","$","M","R","M","?","T","$","M","M","M","M","R","B"],"character_chosen":"IRONCLAD","items_purchased":["Wild Strike","Enlightenment"],"campfire_rested":0,"item_purchase_floors":[4,10],"current_hp_per_floor":[85,88,88,88,87,87,82,82,82,82,88,88,80,83,83,72],"gold":53,"neow_bonus":"TEN_PERCENT_HP_BONUS","is_prod":false,"is_daily":false,"chose_seed":false,"campfire_upgraded":2,"win_rate":0,"timestamp":1544379553,"path_taken":["M","M","M","$","M","R","M","?","T","$","M","M","M","M","R","BOSS"],"build_version":"2018-12-06","purchased_purges":1,"victory":false,"max_hp_per_floor":[88,88,88,88,88,88,88,88,88,88,88,88,88,88,88,88],"card_choices":[{"not_picked":["Anger","Second Wind"],"picked":"Shrug It Off","floor":1},{"not_picked":["Combust","Armaments"],"picked":"Whirlwind","floor":2},{"not_picked":["Hemokinesis","Blood for Blood"],"picked":"Clash","floor":3},{"not_picked":["Inflame","Ghostly Armor","Cleave"],"picked":"SKIP","floor":5},{"not_picked":["Cleave","Reckless Charge"],"picked":"Clash","floor":7},{"not_picked":["Iron Wave","Body Slam"],"picked":"Wild Strike","floor":11},{"not_picked":["Offering","Body Slam","Armaments"],"picked":"SKIP","floor":12},{"not_picked":["Cleave","Headbutt","Heavy Blade"],"picked":"SKIP","floor":13},{"not_picked":["Cleave","Pommel Strike"],"picked":"Whirlwind","floor":14}],"player_experience":210082,"relics_obtained":[{"floor":9,"key":"Whetstone"}],"event_choices":[{"damage_healed":0,"gold_gain":0,"player_choice":"Got Potions","damage_taken":0,"max_hp_gain":0,"max_hp_loss":0,"event_name":"Lab","floor":8,"gold_loss":0}],"is_beta":false,"boss_relics":[],"items_purged_floors":[10],"is_endless":false,"potions_floor_spawned":[1,2,3],"killed_by":"Slime Boss","ascension_level":0}