{"gold_per_floor":[114,133,143,71,71,71,101,118,118,83,83,98,98,116,116,211,211,229,229,229,243,168,168,168,185,263,9,20,32,32,43,43,139,139,158,158,58,73,89,89,107,107,130,130,150,250,125,125,125,125],"floor_reached":50,"playtime":3085,"items_purged":["Decay","Strike_B","Aggregate+1"],"score":555,"play_id":"e621327c-93bd-4414-bc33-187e3ea11d63","local_time":"20190307185912","is_ascension_mode":true,"campfire_choices":[{"data":"Defragment","floor":6,"key":"SMITH"},{"data":"Zap","floor":11,"key":"SMITH"},{"data":"Capacitor","floor":13,"key":"SMITH"},{"data":"Dualcast","floor":15,"key":"SMITH"},{"floor":23,"key":"REST"},{"data":"Echo Form","floor":32,"key":"SMITH"},{"data":"Biased Cognition","floor":40,"key":"SMITH"},{"data":"Buffer","floor":42,"key":"SMITH"},{"data":"Glacier","floor":44,"key":"SMITH"},{"data":"Capacitor","floor":49,"key":"SMITH"}],"neow_cost":"TEN_PERCENT_HP_LOSS","seed_source_timestamp":22161916569078,"circlet_count":0,"master_deck":["Defend_B","Defend_B","Defend_B","Defend_B","Zap+1","Dualcast+1","Defragment+1","Glacier+1","Cold Snap","Capacitor+1","Compile Driver","Ball Lightning","Echo Form+1","Force Field+1","Aggregate+1","Self Repair","Go for the Eyes+1","Defragment+1","Fusion+1","Biased Cognition+1","Chill+1","Buffer+1","Capacitor+1","Leap+1"],"relics":["Cracked Core","Shuriken","Gambling Chip","Astrolabe","Molten Egg 2","Pantograph","Coffee Dripper","Pen Nib","Bird Faced Urn"],"potions_floor_usage":[3,8,18,25,29,31,39,39,45],"damage_taken":[{"damage":2,"enemies":"Jaw Worm","floor":1,"turns":3},{"damage":8,"enemies":"2 Louse","floor":2,"turns":2},{"damage":4,"enemies":"Small Slimes","floor":3,"turns":3},{"damage":22,"enemies":"Lagavulin","floor":7,"turns":8},{"damage":7,"enemies":"Blue Slaver","floor":8,"turns":4},{"damage":2,"enemies":"Exordium Wildlife","floor":12,"turns":5},{"damage":4,"enemies":"Exordium Thugs","floor":14,"turns":3},{"damage":21,"enemies":"Hexaghost","floor":16,"turns":9},{"damage":12,"enemies":"Shell Parasite","floor":18,"turns":4},{"damage":31,"enemies":"Colosseum Slavers","floor":19,"turns":5},{"damage":13,"enemies":"3 Byrds","floor":21,"turns":7},{"damage":25,"enemies":"Snake Plant","floor":25,"turns":5},{"damage":12,"enemies":"Chosen and Byrds","floor":28,"turns":7},{"damage":4,"enemies":"3 Cultists","floor":29,"turns":6},{"damage":2,"enemies":"Centurion and Healer","floor":31,"turns":7},{"damage":26,"enemies":"Champ","floor":33,"turns":12},{"damage":23,"enemies":"3 Shapes","floor":35,"turns":9},{"damage":18,"enemies":"3 Darklings","floor":38,"turns":8},{"damage":0,"enemies":"Spire Growth","floor":39,"turns":7},{"damage":4,"enemies":"Writhing Mass","floor":41,"turns":6},{"damage":17,"enemies":"3 Darklings","floor":45,"turns":7},{"damage":18,"enemies":"Mind Bloom Boss Battle","floor":46,"turns":7},{"damage":103,"enemies":"Awakened One","floor":50,"turns":13}],"seed_played":"-5238085936980425046","potions_obtained":[{"floor":2,"key":"SteroidPotion"},{"floor":3,"key":"Ancient Potion"},{"floor":7,"key":"EssenceOfSteel"},{"floor":16,"key":"PowerPotion"},{"floor":21,"key":"Explosive Potion"},{"floor":28,"key":"Block Potion"},{"floor":29,"key":"Poison Potion"},{"floor":33,"key":"Dexterity Potion"},{"floor":38,"key":"Regen Potion"},{"floor":41,"key":"AttackPotion"}],"is_trial":false,"path_per_floor":["M","M","M","$","?","R","E","M","T","?","R","M","R","M","R","B",null,"M","?","?","M","$","R","?","M","T","$","M","M","$","M","R","B",null,"M","?","$","M","M","R","M","R","T","R","M","?","$","?","R","B"],"character_chosen":"DEFECT","items_purchased":["Capacitor","Pantograph"],"campfire_rested":1,"item_purchase_floors":[4,27],"current_hp_per_floor":[66,58,54,54,68,68,46,39,39,56,56,54,54,50,50,29,58,46,29,29,16,16,36,36,25,25,25,27,37,37,42,42,55,65,56,56,56,52,68,68,68,68,68,68,65,64,64,78,78,0],"gold":125,"neow_bonus":"THREE_RARE_CARDS","is_prod":false,"is_daily":false,"chose_seed":false,"campfire_upgraded":9,"win_rate":0,"timestamp":1552013952,"path_taken":["M","M","M","$","?","R","E","M","T","?","R","M","R","?","R","BOSS","M","?","?","M","$","R","?","M","T","?","M","M","$","M","R","BOSS","M","?","$","?","M","R","M","R","T","R","M","?","$","?","R","BOSS"],"build_version":"2019-01-23","purchased_purges":3,"victory":false,"max_hp_per_floor":[68,68,68,68,68,68,68,68,68,68,68,68,68,68,68,68,68,68,68,68,68,68,68,68,68,68,68,68,68,68,68,68,68,68,68,68,68,68,68,68,68,68,68,68,68,68,68,78,78,78],"card_choices":[{"not_picked":["Amplify","Meteor Strike"],"picked":"All For One","floor":0},{"not_picked":["Hologram","Chill"],"picked":"Defragment","floor":1},{"not_picked":["Static Discharge","Scrape"],"picked":"Glacier","floor":2},{"not_picked":["Darkness","Chaos"],"picked":"Cold Snap","floor":3},{"not_picked":["Redo","Stack"],"picked":"Compile Driver","floor":7},{"not_picked":["Barrage","Reprogram","Fusion"],"picked":"SKIP","floor":8},{"not_picked":["Glacier","Rebound"],"picked":"Ball Lightning","floor":12},{"not_picked":["Beam Cell","Recycle","Coolheaded"],"picked":"SKIP","floor":14},{"not_picked":["Thunder Strike","Amplify"],"picked":"Echo Form","floor":16},{"not_picked":["Coolheaded","Redo"],"picked":"Self Repair","floor":18},{"not_picked":["Loop","Sweeping Beam"],"picked":"Go for the Eyes+1","floor":21},{"not_picked":["Stack+1","Sweeping Beam"],"picked":"Defragment+1","floor":25},{"not_picked":["FTL+1","Go for the Eyes+1","Scrape+1"],"picked":"SKIP","floor":28},{"not_picked":["Ball Lightning+1","Darkness","Lockon+1"],"picked":"SKIP","floor":29},{"not_picked":["Fusion+1","Ball Lightning+1","Reprogram+1"],"picked":"SKIP","floor":31},{"not_picked":["Ball Lightning+1","Reprogram+1"],"picked":"Fusion+1","floor":31},{"not_picked":["Electrodynamics","Seek"],"picked":"Biased Cognition","floor":33},{"not_picked":["Hello World+1","Glacier","Rebound+1"],"picked":"SKIP","floor":35},{"not_picked":["Streamline+1","Cold Snap+1","Ball Lightning+1"],"picked":"SKIP","floor":38},{"not_picked":["Conserve Battery","Redo"],"picked":"Chill+1","floor":39},{"not_picked":["Turbo+1","Stack+1"],"picked":"Buffer","floor":41},{"not_picked":["Melter+1","Streamline+1"],"picked":"Capacitor","floor":45},{"not_picked":["FTL+1","Scrape+1"],"picked":"Leap+1","floor":46}],"player_experience":356904,"relics_obtained":[{"floor":7,"key":"Shuriken"},{"floor":9,"key":"Gambling Chip"},{"floor":26,"key":"Molten Egg 2"},{"floor":43,"key":"Pen Nib"},{"floor":46,"key":"Bird Faced Urn"}],"event_choices":[{"damage_healed":22,"gold_gain":0,"player_choice":"Banana","damage_taken":0,"max_hp_gain":0,"max_hp_loss":0,"event_name":"Big Fish","floor":5,"gold_loss":0},{"damage_healed":17,"gold_gain":0,"player_choice":"Healed","damage_taken":0,"max_hp_gain":0,"max_hp_loss":0,"event_name":"The Cleric","floor":10,"gold_loss":35},{"damage_healed":0,"gold_gain":0,"player_choice":"Fight","damage_taken":0,"max_hp_gain":0,"max_hp_loss":0,"event_name":"Colosseum","floor":19,"gold_loss":0},{"damage_healed":0,"gold_gain":0,"player_choice":"Fled From Nobs","damage_taken":0,"max_hp_gain":0,"max_hp_loss":0,"event_name":"Colosseum","floor":19,"gold_loss":0},{"damage_healed":0,"gold_gain":0,"player_choice":"Smashed Altar","damage_taken":0,"max_hp_gain":0,"max_hp_loss":0,"event_name":"Forgotten Altar","floor":20,"gold_loss":0,"cards_obtained":["Decay"]},{"damage_healed":0,"gold_gain":0,"player_choice":"Ignored","damage_taken":0,"max_hp_gain":0,"max_hp_loss":0,"event_name":"Ghosts","floor":24,"gold_loss":0},{"damage_healed":0,"gold_gain":0,"player_choice":"Bought 0 Potions","damage_taken":0,"max_hp_gain":0,"max_hp_loss":0,"event_name":"The Woman in Blue","floor":36,"gold_loss":0},{"damage_healed":0,"gold_gain":0,"player_choice":"Fight","damage_taken":0,"max_hp_gain":0,"max_hp_loss":0,"event_name":"MindBloom","floor":46,"gold_loss":0},{"cards_removed":["All For One"],"damage_healed":4,"gold_gain":0,"player_choice":"Offered Rare","damage_taken":0,"max_hp_gain":10,"max_hp_loss":0,"event_name":"Bonfire Elementals","floor":48,"gold_loss":0}],"is_beta":false,"boss_relics":[{"not_picked":["Runic Pyramid","Calling Bell"],"picked":"Astrolabe"},{"not_picked":["Fusion Hammer","White Beast Statue"],"picked":"Coffee Dripper"}],"items_purged_floors":[22,37,47],"is_endless":false,"potions_floor_spawned":[2,3,7,16,21,28,29,33,38,41],"killed_by":"Awakened One","ascension_level":5}