{"gold_per_floor":[119,119,119,139,152,152,170,189,238,257,257,51,84,13,13,109,109,109,109,121,220,220,220,240,255,255,11,11,21,21,40,40,142,142,157,257,257,56,56,56,56,0,53,68,85,85,101,112,112,112],"floor_reached":50,"playtime":3400,"items_purged":[],"score":549,"play_id":"d29385e1-7c87-4f13-b90f-6ce17c31f149","local_time":"20181211012200","is_ascension_mode":false,"campfire_choices":[{"data":"Dagger Throw","floor":6.0,"key":"SMITH"},{"data":"PiercingWail","floor":11.0,"key":"SMITH"},{"floor":15.0,"key":"REST"},{"data":"Crippling Poison","floor":28.0,"key":"SMITH"},{"floor":30.0,"key":"REST"},{"data":"Catalyst","floor":32.0,"key":"SMITH"},{"floor":40,"key":"REST"},{"floor":46,"key":"REST"},{"floor":49,"key":"REST"}],"neow_cost":"NONE","seed_source_timestamp":0,"circlet_count":0,"master_deck":["Defend_G","Defend_G","Defend_G","Defend_G","Defend_G","Survivor","Neutralize","Dagger Throw+1","PiercingWail+1","Terror","Well Laid Plans","Skewer","Flying Knee","Bouncing Flask","Night Terror","Deadly Poison","Catalyst","Bouncing Flask","Deflect","Crippling Poison+1","Endless Agony","Calculated Gamble","Bite","Bite","Bite","Bite","Bite","Catalyst+1","Blur","Bandage Up","Deflect+1","Bane","Venomology","Dash+1","Bandage Up","Crippling Poison+1","Deflect"],"special_seed":0,"relics":["Ring of the Snake","Art of War","Sling","Question Card","Orrery","Unceasing Top","Happy Flower","HoveringKite","StoneCalendar","Bag of Marbles","Red Mask","Regal Pillow"],"potions_floor_usage":[35,36,41,44,45,47],"damage_taken":[{"damage":3.0,"enemies":"Small Slimes","floor":1.0,"turns":3.0},{"damage":0.0,"enemies":"Jaw Worm","floor":4.0,"turns":4.0},{"damage":0.0,"enemies":"2 Louse","floor":5.0,"turns":3.0},{"damage":2.0,"enemies":"Looter","floor":7.0,"turns":4.0},{"damage":0.0,"enemies":"2 Fungi Beasts","floor":8.0,"turns":3.0},{"damage":6.0,"enemies":"Blue Slaver","floor":10.0,"turns":4.0},{"damage":5.0,"enemies":"3 Sentries","floor":13.0,"turns":8.0},{"damage":32.0,"enemies":"Hexaghost","floor":16.0,"turns":8.0},{"damage":0.0,"enemies":"2 Thieves","floor":18.0,"turns":1.0},{"damage":3.0,"enemies":"Chosen","floor":20.0,"turns":4.0},{"damage":13.0,"enemies":"Snake Plant","floor":24.0,"turns":4.0},{"damage":16.0,"enemies":"Centurion and Healer","floor":25.0,"turns":7.0},{"damage":7.0,"enemies":"Chosen and Byrds","floor":29.0,"turns":5.0},{"damage":1.0,"enemies":"Snake Plant","floor":31.0,"turns":5.0},{"damage":10.0,"enemies":"Champ","floor":33.0,"turns":9.0},{"damage":0,"enemies":"3 Darklings","floor":35,"turns":4},{"damage":22,"enemies":"Mind Bloom Boss Battle","floor":36,"turns":7},{"damage":0,"enemies":"Giant Head","floor":41,"turns":1},{"damage":3,"enemies":"3 Shapes","floor":44,"turns":2},{"damage":29,"enemies":"Writhing Mass","floor":45,"turns":7},{"damage":31,"enemies":"3 Darklings","floor":47,"turns":5},{"damage":13,"enemies":"Jaw Worm Horde","floor":48,"turns":4},{"damage":95,"enemies":"Time Eater","floor":50,"turns":10}],"seed_played":"9088116544748310864","potions_obtained":[{"floor":0.0,"key":"SkillPotion"},{"floor":0.0,"key":"SmokeBomb"},{"floor":0.0,"key":"GhostInAJar"},{"floor":7.0,"key":"EssenceOfSteel"},{"floor":8.0,"key":"GamblersBrew"},{"floor":10.0,"key":"Poison Potion"},{"floor":20.0,"key":"SteroidPotion"},{"floor":31.0,"key":"Strength Potion"},{"floor":35,"key":"Dexterity Potion"},{"floor":36,"key":"SteroidPotion"}],"is_trial":false,"path_per_floor":["M","?","?","M","M","R","M","M","T","M","R","$","E","$","R","B",null,"M","?","M","?","?","?","M","M","T","$","R","M","R","M","R","B","B",null,"M","?","?","$","?","R","E","?","T","M","M","R","M","M","R","B"],"character_chosen":"THE_SILENT","items_purchased":["Sling","Bouncing Flask","Happy Flower","Bandage Up","Bag of Marbles","AttackPotion"],"campfire_rested":5,"item_purchase_floors":[12,14,27,27,38,38],"current_hp_per_floor":[67,67,67,67,67,67,65,65,65,59,59,59,54,54,70,38,70,70,70,67,67,49,49,44,32,32,32,32,31,45,49,49,49,49,49,39,39,39,39,49,49,49,49,48,38,49,30,33,49,0],"gold":112,"neow_bonus":"THREE_SMALL_POTIONS","is_prod":false,"is_daily":false,"chose_seed":false,"campfire_upgraded":4,"win_rate":0.0,"timestamp":1544509320,"path_taken":["M","?","?","M","M","R","M","M","T","M","R","$","E","?","R","BOSS","M","?","M","?","?","?","?","M","T","?","R","M","R","M","R","BOSS","BOSS","M","?","?","$","?","R","E","?","T","M","M","R","M","M","R","BOSS"],"build_version":"2018-12-06","purchased_purges":0,"victory":false,"max_hp_per_floor":[70,70,70,70,70,70,70,70,70,70,70,70,70,70,70,70,70,70,70,70,70,49,49,49,49,49,49,49,49,49,49,49,49,49,49,49,49,49,49,49,49,49,49,49,49,49,49,49,49,49],"card_choices":[{"not_picked":["Underhanded Strike","Acrobatics"],"picked":"Dagger Throw","floor":1.0},{"not_picked":["Skewer","Flechettes"],"picked":"PiercingWail","floor":4.0},{"not_picked":["Predator","Flechettes"],"picked":"Terror","floor":5.0},{"not_picked":["Riddle With Holes","Terror"],"picked":"Well Laid Plans","floor":7.0},{"not_picked":["Well Laid Plans","Acrobatics","Eviscerate"],"picked":"SKIP","floor":8.0},{"not_picked":["Phantasmal Killer","Eviscerate"],"picked":"Skewer","floor":10.0},{"not_picked":["Well Laid Plans","Riddle With Holes"],"picked":"Flying Knee","floor":13.0},{"not_picked":["Unload","Malaise","Doppelganger"],"picked":"Night Terror","floor":16.0},{"not_picked":["Sucker Punch","Dagger Throw","Cloak And Dagger"],"picked":"Deadly Poison","floor":17.0},{"not_picked":["Dodge and Roll","Calculated Gamble","All Out Attack"],"picked":"Catalyst","floor":17.0},{"not_picked":["Riddle With Holes","Cloak And Dagger","Quick Slash"],"picked":"Bouncing Flask","floor":17.0},{"not_picked":["Quick Slash","Caltrops","All Out Attack"],"picked":"Deflect","floor":17.0},{"not_picked":["Caltrops","Flechettes","Dagger Throw"],"picked":"Crippling Poison","floor":17.0},{"not_picked":["Escape Plan","Backflip+1","Choke"],"picked":"Calculated Gamble","floor":20.0},{"not_picked":["Dodge and Roll","Acrobatics","Prepared"],"picked":"Catalyst","floor":24.0},{"not_picked":["Cloak And Dagger+1","After Image","Slice"],"picked":"Blur","floor":25.0},{"not_picked":["Cloak And Dagger","Backflip","Well Laid Plans"],"picked":"Deflect+1","floor":29.0},{"not_picked":["Finisher","Tactician","Predator"],"picked":"Bane","floor":31.0},{"not_picked":["Tools of the Trade","Doppelganger","Wraith Form v2"],"picked":"Venomology","floor":33},{"not_picked":["Flechettes","Slice","Dagger Throw+1","Dodge and Roll"],"picked":"SKIP","floor":35},{"not_picked":["Cloak And Dagger+1","Dodge and Roll","Bane+1"],"picked":"Dash+1","floor":36},{"not_picked":["Trip","The Bomb","Transmutation"],"picked":"Bandage Up","floor":39},{"not_picked":["Dodge and Roll+1","All Out Attack+1","PiercingWail"],"picked":"Crippling Poison+1","floor":44},{"not_picked":["Dagger Throw","Underhanded Strike","Flying Knee","Sucker Punch+1"],"picked":"SKIP","floor":45},{"not_picked":["Infinite Blades+1","Prepared","Footwork","Bane+1"],"picked":"SKIP","floor":47},{"not_picked":["Dodge and Roll","Blade Dance+1","Prepared+1"],"picked":"Deflect","floor":48}],"player_experience":236180,"relics_obtained":[{"floor":9.0,"key":"Art of War"},{"floor":13.0,"key":"Question Card"},{"floor":26.0,"key":"Unceasing Top"},{"floor":36,"key":"StoneCalendar"},{"floor":43,"key":"Regal Pillow"}],"event_choices":[{"damage_healed":0.0,"max_hp_gain":0.0,"max_hp_loss":0.0,"gold_gain":0.0,"event_name":"Scrap Ooze","player_choice":"Fled","floor":2.0,"gold_loss":0.0,"damage_taken":0.0},{"damage_healed":0.0,"max_hp_gain":0.0,"max_hp_loss":0.0,"gold_gain":0.0,"event_name":"The Cleric","player_choice":"Leave","floor":3.0,"gold_loss":0.0,"damage_taken":0.0},{"damage_healed":0.0,"max_hp_gain":0.0,"max_hp_loss":0.0,"gold_gain":0.0,"event_name":"The Library","player_choice":"Read","floor":19.0,"gold_loss":0.0,"damage_taken":0.0,"cards_obtained":["Endless Agony"]},{"damage_healed":0.0,"max_hp_gain":0.0,"max_hp_loss":0.0,"gold_gain":99.0,"event_name":"Nest","player_choice":"Stole From Cult","floor":21.0,"gold_loss":0.0,"damage_taken":0.0},{"damage_healed":0.0,"max_hp_gain":0.0,"max_hp_loss":21.0,"gold_gain":0.0,"event_name":"Vampires","player_choice":"Became a vampire","floor":22.0,"gold_loss":0.0,"damage_taken":0.0,"cards_obtained":["Bite","Bite","Bite","Bite","Bite"]},{"damage_healed":0.0,"max_hp_gain":0.0,"max_hp_loss":0.0,"gold_gain":0.0,"event_name":"Ghosts","player_choice":"Ignored","floor":23.0,"gold_loss":0.0,"damage_taken":0.0},{"damage_healed":0,"gold_gain":0,"player_choice":"Fight","damage_taken":0,"max_hp_gain":0,"max_hp_loss":0,"event_name":"MindBloom","floor":36,"gold_loss":0},{"damage_healed":0,"gold_gain":0,"player_choice":"Ignored","damage_taken":0,"max_hp_gain":0,"max_hp_loss":0,"event_name":"Mysterious Sphere","floor":37,"gold_loss":0},{"damage_healed":0,"gold_gain":0,"player_choice":"Memory 1","damage_taken":0,"max_hp_gain":0,"max_hp_loss":0,"event_name":"SensoryStone","floor":39,"gold_loss":0},{"damage_healed":0,"gold_gain":0,"player_choice":"Paid","damage_taken":0,"relics_obtained":["Red Mask"],"max_hp_gain":0,"max_hp_loss":0,"event_name":"Tomb of Lord Red Mask","floor":42,"gold_loss":56}],"is_beta":false,"boss_relics":[{"not_picked":["Velvet Choker","Fusion Hammer"],"picked":"Orrery"},{"not_picked":["Sozu","Black Star"],"picked":"HoveringKite"}],"items_purged_floors":[],"is_endless":false,"potions_floor_spawned":[7,8,10,13,18,20,31,35,36,41],"killed_by":"Time Eater","ascension_level":0}