{"gold_per_floor":[115,115,134,153,74,74,0,0,0,0,100,111,129,139,139,213,213,227,326,326,326,124,158,158,177,223,0,11,11,11,27,27,27],"floor_reached":33,"playtime":1173,"items_purged":["Writhe"],"score":424,"play_id":"fd12da9d-5f0d-4376-9db6-7b6613a7de2c","local_time":"20181118041753","is_ascension_mode":true,"campfire_choices":[{"data":"Coolheaded","floor":6,"key":"SMITH"},{"data":"Zap","floor":8,"key":"SMITH"},{"data":"Self Repair","floor":10,"key":"SMITH"},{"data":"Defragment","floor":15,"key":"SMITH"},{"data":"Loop","floor":24,"key":"SMITH"},{"floor":30,"key":"REST"},{"floor":32,"key":"REST"}],"neow_cost":"NONE","seed_source_timestamp":137597072909056,"circlet_count":0,"master_deck":["AscendersBane","Strike_B","Strike_B","Strike_B","Strike_B","Defend_B","Defend_B+1","Defend_B","Defend_B","Zap+1","Dualcast","Sweeping Beam","Coolheaded+1","Conserve Battery","Gash","Self Repair+1","Loop+1","Ball Lightning","Coolheaded+1","Defragment+1","Creative AI","Ball Lightning","Ball Lightning+1","Redo","Heatsinks","Conserve Battery"],"relics":["FrozenCore","Bronze Scales","Sundial","Smiling Mask","DataDisk","War Paint","Orichalcum"],"potions_floor_usage":[16,18,23,29,33],"damage_taken":[{"damage":0,"enemies":"Cultist","floor":1,"turns":4},{"damage":0,"enemies":"2 Louse","floor":3,"turns":2},{"damage":0,"enemies":"Small Slimes","floor":4,"turns":2},{"damage":13,"enemies":"3 Louse","floor":12,"turns":3},{"damage":12,"enemies":"Blue Slaver","floor":13,"turns":3},{"damage":4,"enemies":"2 Fungi Beasts","floor":14,"turns":3},{"damage":20,"enemies":"Hexaghost","floor":16,"turns":10},{"damage":18,"enemies":"Shell Parasite","floor":18,"turns":6},{"damage":31,"enemies":"Book of Stabbing","floor":23,"turns":5},{"damage":6,"enemies":"3 Byrds","floor":25,"turns":3},{"damage":21,"enemies":"Snake Plant","floor":28,"turns":5},{"damage":0,"enemies":"Centurion and Healer","floor":29,"turns":1},{"damage":12,"enemies":"Sentry and Sphere","floor":31,"turns":6},{"damage":64,"enemies":"Collector","floor":33,"turns":8}],"seed_played":"7426707895278577951","potions_obtained":[{"floor":12,"key":"Regen Potion"},{"floor":13,"key":"SteroidPotion"},{"floor":14,"key":"Fire Potion"},{"floor":16,"key":"FearPotion"},{"floor":23,"key":"SmokeBomb"},{"floor":28,"key":"Dexterity Potion"}],"is_trial":false,"path_per_floor":["M","?","M","M","$","R","$","R","T","R","?","M","M","M","R","B",null,"M","?","?","?","$","E","R","M","T","?","M","M","R","M","R","B"],"character_chosen":"DEFECT","items_purchased":["Gash","Self Repair","Loop","DataDisk"],"campfire_rested":2,"item_purchase_floors":[5,5,7,22],"current_hp_per_floor":[68,68,68,68,68,68,68,68,68,68,68,55,53,59,59,64,72,54,54,40,40,40,19,19,23,23,23,12,12,36,34,58,0],"gold":27,"neow_bonus":"RANDOM_COMMON_RELIC","is_prod":false,"is_daily":false,"chose_seed":false,"campfire_upgraded":5,"win_rate":0,"timestamp":1542543473,"path_taken":["M","?","M","?","$","R","?","R","T","R","?","?","M","M","R","BOSS","M","?","?","?","$","E","R","M","T","?","M","?","R","M","R","BOSS"],"build_version":"2018-11-15","purchased_purges":1,"victory":false,"max_hp_per_floor":[75,75,75,75,75,75,75,75,75,75,75,75,75,75,75,75,75,75,75,80,80,80,80,80,80,80,80,80,80,80,80,80,80],"card_choices":[{"not_picked":["Go for the Eyes","Steam"],"picked":"Sweeping Beam","floor":1},{"not_picked":["Hologram","Redo"],"picked":"Coolheaded","floor":3},{"not_picked":["Compile Driver","Turbo"],"picked":"Conserve Battery","floor":4},{"not_picked":["Go for the Eyes","Barrage"],"picked":"Ball Lightning","floor":12},{"not_picked":["Chill","Fission"],"picked":"Coolheaded","floor":13},{"not_picked":["Loop","Steam Power"],"picked":"Defragment","floor":14},{"not_picked":["All For One","Amplify"],"picked":"Creative AI","floor":16},{"not_picked":["Sweeping Beam","Hello World+1"],"picked":"Ball Lightning","floor":18},{"not_picked":["Blizzard","Hello World"],"picked":"Ball Lightning+1","floor":23},{"not_picked":["Doom and Gloom","Barrage"],"picked":"Redo","floor":25},{"not_picked":["Steam","Consume"],"picked":"Heatsinks","floor":28},{"not_picked":["Scrape","Redo"],"picked":"Conserve Battery","floor":31}],"player_experience":422001,"relics_obtained":[{"floor":9,"key":"Sundial"},{"floor":23,"key":"War Paint"},{"floor":26,"key":"Orichalcum"}],"event_choices":[{"damage_healed":0,"gold_gain":0,"player_choice":"Bought 0 Potions","damage_taken":0,"max_hp_gain":0,"max_hp_loss":0,"event_name":"The Woman in Blue","floor":2,"gold_loss":0},{"damage_healed":0,"gold_gain":100,"player_choice":"Pray","damage_taken":0,"max_hp_gain":0,"max_hp_loss":0,"event_name":"Golden Shrine","floor":11,"gold_loss":0},{"damage_healed":0,"gold_gain":99,"player_choice":"Stole From Cult","damage_taken":0,"max_hp_gain":0,"max_hp_loss":0,"event_name":"Nest","floor":19,"gold_loss":0},{"damage_healed":0,"gold_gain":0,"player_choice":"Shed Blood","damage_taken":19,"max_hp_gain":5,"max_hp_loss":0,"event_name":"Forgotten Altar","floor":20,"gold_loss":0},{"damage_healed":0,"gold_gain":0,"player_choice":"Opened","damage_taken":0,"relics_obtained":["Smiling Mask"],"max_hp_gain":0,"max_hp_loss":0,"event_name":"The Mausoleum","floor":21,"gold_loss":0,"cards_obtained":["Writhe"]},{"damage_healed":0,"gold_gain":0,"player_choice":"Paid Fearfully","damage_taken":0,"max_hp_gain":0,"max_hp_loss":0,"event_name":"Masked Bandits","floor":27,"gold_loss":223}],"is_beta":false,"boss_relics":[{"not_picked":["Tiny House","Eternal Feather"],"picked":"FrozenCore"}],"items_purged_floors":[22],"is_endless":false,"potions_floor_spawned":[12,13,14,16,23,28],"killed_by":"Collector","ascension_level":13}