{"gold_per_floor":[112,187,86,106,118,118,133,133,133,133,308,328,328,16,16,113,113,129,129,52,68,68,103,103,18,66,66,85,15,15,28,28,125,125,144,159,159,176,276,276,307,307,334,353,140,160,35,35,35,35,35,35,35,70,70],"floor_reached":56,"playtime":3822,"items_purged":["Strike_R","Regret","Strike_R"],"score":1258,"play_id":"c009bbe2-e3f9-4e4d-bdf8-c94bc9f078a7","local_time":"20190226235127","is_ascension_mode":false,"campfire_choices":[{"data":"Body Slam","floor":6.0,"key":"SMITH"},{"data":"Entrench","floor":8.0,"key":"SMITH"},{"data":"Flame Barrier","floor":10.0,"key":"SMITH"},{"data":"Entrench","floor":15.0,"key":"SMITH"},{"data":"Corruption","floor":24.0,"key":"SMITH"},{"floor":27.0,"key":"RECALL"},{"data":"Entrench","floor":30.0,"key":"SMITH"},{"floor":32.0,"key":"REST"},{"data":"Barricade","floor":40,"key":"SMITH"},{"data":"Feel No Pain","floor":49,"key":"SMITH"},{"data":"Dual Wield","floor":52,"key":"SMITH"}],"neow_cost":"NONE","seed_source_timestamp":1218241815018966,"circlet_count":0,"master_deck":["Strike_R","Defend_R","Defend_R","Defend_R","Defend_R","Body Slam+1","Entrench+1","Iron Wave","Flame Barrier+1","Entrench+1","Impervious","Corruption+1","Shrug It Off+1","Battle Trance+1","Entrench+1","Barricade+1","Power Through+1","True Grit+1","Dual Wield+1","Flame Barrier+1","Feel No Pain+1","Flame Barrier"],"special_seed":0,"relics":["Burning Blood","StoneCalendar","Dead Branch","Empty Cage","Ornamental Fan","Mummified Hand","Centennial Puzzle","Cursed Key","Thread and Needle","Turnip","Blood Vial","Art of War","Pantograph"],"potions_floor_usage":[35,35,35,50],"damage_taken":[{"damage":2.0,"enemies":"Small Slimes","floor":1.0,"turns":4.0},{"damage":1.0,"enemies":"2 Louse","floor":4.0,"turns":3.0},{"damage":1.0,"enemies":"Cultist","floor":5.0,"turns":4.0},{"damage":16.0,"enemies":"Exordium Thugs","floor":7.0,"turns":6.0},{"damage":2.0,"enemies":"Large Slime","floor":12.0,"turns":6.0},{"damage":39.0,"enemies":"Slime Boss","floor":16.0,"turns":15.0},{"damage":5.0,"enemies":"2 Thieves","floor":18.0,"turns":5.0},{"damage":3.0,"enemies":"Spheric Guardian","floor":21.0,"turns":4.0},{"damage":27.0,"enemies":"Book of Stabbing","floor":23.0,"turns":4.0},{"damage":8.0,"enemies":"Centurion and Healer","floor":28.0,"turns":5.0},{"damage":0.0,"enemies":"Snake Plant","floor":31.0,"turns":2.0},{"damage":0.0,"enemies":"Automaton","floor":33.0,"turns":2.0},{"damage":26,"enemies":"3 Darklings","floor":35,"turns":2},{"damage":0,"enemies":"3 Shapes","floor":36,"turns":6},{"damage":0,"enemies":"Sphere and 2 Shapes","floor":38,"turns":3},{"damage":6,"enemies":"Mind Bloom Boss Battle","floor":39,"turns":3},{"damage":0,"enemies":"Reptomancer","floor":41,"turns":6},{"damage":0,"enemies":"Transient","floor":44,"turns":5},{"damage":0,"enemies":"Maw","floor":46,"turns":1},{"damage":23,"enemies":"Awakened One","floor":50,"turns":9},{"damage":25,"enemies":"Shield and Spear","floor":54,"turns":5},{"damage":37,"enemies":"The Heart","floor":55,"turns":8}],"seed_played":"192407216153396704","potions_obtained":[{"floor":1.0,"key":"Fruit Juice"},{"floor":5.0,"key":"Poison Potion"},{"floor":12.0,"key":"Ancient Potion"},{"floor":18.0,"key":"Regen Potion"},{"floor":31.0,"key":"Fruit Juice"},{"floor":35,"key":"Poison Potion"},{"floor":38,"key":"SteroidPotion"},{"floor":46,"key":"GamblersBrew"}],"is_trial":false,"path_per_floor":["M","?","$","M","M","R","M","R","T","R","?","M","?","$","R","B",null,"M","?","$","M","T","E","R","?","T","R","M","$","R","M","R","B",null,"M","M","?","M","?","R","E","?","T","M","$","M","$","?","R","B",null,"R","$","E","B",null],"character_chosen":"IRONCLAD","items_purchased":["Iron Wave","Dead Branch","Corruption","Entrench","Feel No Pain","Flame Barrier"],"campfire_rested":1,"item_purchase_floors":[3,14,20,29,45,45],"current_hp_per_floor":[80,69,69,74,79,79,69,69,69,69,69,73,73,73,73,40,80,80,80,80,80,80,59,59,59,59,59,57,57,57,63,80,80,80,70,76,76,82,82,82,88,88,88,90,90,90,90,90,90,73,90,90,90,71,59],"gold":70,"neow_bonus":"THREE_CARDS","is_prod":false,"is_daily":false,"chose_seed":false,"campfire_upgraded":9,"win_rate":0,"timestamp":1551243087,"path_taken":["M","?","$","M","M","R","M","R","T","R","?","M","?","$","R","BOSS","M","?","$","?","?","E","R","?","T","R","M","$","R","M","R","BOSS","M","M","?","M","?","R","E","?","T","M","$","?","$","?","R","BOSS","R","$","E","BOSS"],"build_version":"2019-01-23","purchased_purges":3,"victory":true,"max_hp_per_floor":[80,80,80,80,80,80,80,80,80,80,80,80,80,80,80,80,80,80,80,80,80,80,80,80,80,80,80,80,80,80,80,80,80,80,90,90,90,90,90,90,90,90,90,90,90,90,90,90,90,90,90,90,90,90,90],"card_choices":[{"not_picked":["Ghostly Armor","Flex"],"picked":"Body Slam","floor":0.0},{"not_picked":["Searing Blow","Sword Boomerang"],"picked":"Entrench","floor":1.0},{"not_picked":["Carnage","Havoc","Anger"],"picked":"SKIP","floor":4.0},{"not_picked":["Twin Strike","Heavy Blade","Wild Strike"],"picked":"SKIP","floor":5.0},{"not_picked":["Wild Strike","Thunderclap"],"picked":"Flame Barrier","floor":7.0},{"not_picked":["Corruption","Sword Boomerang"],"picked":"Entrench","floor":12.0},{"not_picked":["Immolate","Bludgeon"],"picked":"Impervious","floor":16.0},{"not_picked":["Ghostly Armor","Anger+1","Wild Strike+1"],"picked":"SKIP","floor":18.0},{"not_picked":["Heavy Blade","Hemokinesis","Evolve"],"picked":"SKIP","floor":21.0},{"not_picked":["Flex+1","Body Slam"],"picked":"Shrug It Off+1","floor":23.0},{"not_picked":["Rupture","True Grit"],"picked":"Battle Trance+1","floor":28.0},{"not_picked":["Corruption+1","Iron Wave","Sever Soul"],"picked":"SKIP","floor":31.0},{"not_picked":["Dark Embrace","Reaper"],"picked":"Barricade","floor":33.0},{"not_picked":["Anger+1","Twin Strike+1"],"picked":"Power Through+1","floor":35},{"not_picked":["Clothesline","Twin Strike+1"],"picked":"True Grit+1","floor":36},{"not_picked":["Combust+1","Heavy Blade","Sword Boomerang"],"picked":"SKIP","floor":38},{"not_picked":["Iron Wave","Clothesline+1"],"picked":"Dual Wield","floor":39},{"not_picked":["Iron Wave","Sever Soul","Pummel+1"],"picked":"SKIP","floor":41},{"not_picked":["Twin Strike+1","Double Tap"],"picked":"Flame Barrier+1","floor":44},{"not_picked":["Wild Strike","Clothesline","Perfected Strike+1"],"picked":"SKIP","floor":46},{"not_picked":["Sword Boomerang+1","Perfected Strike","Anger+1"],"picked":"SKIP","floor":54}],"player_experience":490083,"relics_obtained":[{"floor":9.0,"key":"StoneCalendar"},{"floor":23.0,"key":"Ornamental Fan"},{"floor":26.0,"key":"Centennial Puzzle"},{"floor":39,"key":"Thread and Needle"},{"floor":41,"key":"Turnip"},{"floor":43,"key":"Blood Vial"},{"floor":54,"key":"Pantograph"}],"event_choices":[{"damage_healed":0.0,"max_hp_gain":0.0,"max_hp_loss":0.0,"gold_gain":75.0,"event_name":"World of Goop","player_choice":"Gather Gold","floor":2.0,"gold_loss":0.0,"damage_taken":11.0},{"damage_healed":0.0,"max_hp_gain":0.0,"max_hp_loss":0.0,"gold_gain":175.0,"event_name":"Liars Game","player_choice":"AGREE","floor":11.0,"gold_loss":0.0,"damage_taken":0.0,"cards_obtained":["Doubt"]},{"cards_removed":["Doubt"],"damage_healed":0.0,"max_hp_gain":0.0,"max_hp_loss":0.0,"gold_gain":0.0,"event_name":"Living Wall","player_choice":"Forget","floor":13.0,"gold_loss":0.0,"damage_taken":0.0},{"damage_healed":0.0,"max_hp_gain":0.0,"max_hp_loss":0.0,"gold_gain":0.0,"event_name":"The Woman in Blue","player_choice":"Bought 0 Potions","floor":19.0,"gold_loss":0.0,"damage_taken":0.0},{"damage_healed":0.0,"max_hp_gain":0.0,"max_hp_loss":0.0,"gold_gain":0.0,"event_name":"Addict","player_choice":"Obtained Relic","floor":25.0,"gold_loss":85.0,"damage_taken":0.0,"relics_obtained":["Mummified Hand"]},{"cards_removed":["Strike_R"],"damage_healed":0,"gold_gain":0,"player_choice":"Removed Attack","damage_taken":0,"max_hp_gain":0,"max_hp_loss":0,"event_name":"Falling","floor":37,"gold_loss":0},{"damage_healed":0,"gold_gain":0,"player_choice":"Fight","damage_taken":0,"max_hp_gain":0,"max_hp_loss":0,"event_name":"MindBloom","floor":39,"gold_loss":0},{"damage_healed":0,"gold_gain":0,"player_choice":"Ignored","damage_taken":0,"max_hp_gain":0,"max_hp_loss":0,"event_name":"Mysterious Sphere","floor":42,"gold_loss":0},{"damage_healed":0,"gold_gain":0,"player_choice":"Gave Potion","damage_taken":0,"relics_obtained":["Art of War"],"max_hp_gain":0,"max_hp_loss":0,"event_name":"WeMeetAgain","floor":48,"gold_loss":0}],"is_beta":false,"boss_relics":[{"not_picked":["Philosopher\u0027s Stone","Black Star"],"picked":"Empty Cage"},{"not_picked":["Tiny House","Runic Cube"],"picked":"Cursed Key"}],"items_purged_floors":[3,45,47],"is_endless":false,"potions_floor_spawned":[1,5,12,18,21,31,35,38,46],"ascension_level":0}