{"gold_per_floor":[218,229,243,23,37,67,67,99,152,52,52],"floor_reached":11,"playtime":664,"items_purged":["Strike_B","Strike_B"],"score":95,"play_id":"a8b96b6e-952e-4eba-bfb6-2861a60ad4bc","local_time":"20181104140527","is_ascension_mode":true,"campfire_choices":[{"floor":7,"key":"REST"}],"neow_cost":"NONE","seed_source_timestamp":2093783487916845,"circlet_count":0,"master_deck":["Strike_B","Strike_B","Defend_B","Defend_B","Defend_B","Defend_B","Zap","Dualcast","Ball Lightning","Hologram","Loop","Tempest"],"relics":["Cracked Core","DataDisk","Du-Vu Doll","Matryoshka","Blood Vial","Happy Flower"],"potions_floor_usage":[8,8],"damage_taken":[{"damage":1,"enemies":"Cultist","floor":1,"turns":4},{"damage":1,"enemies":"2 Louse","floor":2,"turns":2},{"damage":0,"enemies":"Small Slimes","floor":3,"turns":3},{"damage":25,"enemies":"3 Louse","floor":5,"turns":3},{"damage":32,"enemies":"3 Sentries","floor":6,"turns":5},{"damage":12,"enemies":"Gremlin Nob","floor":8,"turns":4},{"damage":35,"enemies":"3 Sentries","floor":11,"turns":4}],"seed_played":"-3593051312584483811","potions_obtained":[{"floor":2,"key":"Dexterity Potion"},{"floor":5,"key":"EssenceOfSteel"}],"is_trial":false,"path_per_floor":["M","M","M","$","M","E","R","E","T","$","E"],"character_chosen":"DEFECT","items_purchased":["DataDisk"],"campfire_rested":1,"item_purchase_floors":[4],"current_hp_per_floor":[74,73,73,73,48,16,38,26,26,26,0],"gold":52,"neow_bonus":"HUNDRED_GOLD","is_prod":false,"is_daily":false,"chose_seed":false,"campfire_upgraded":0,"win_rate":0,"timestamp":1541336727,"path_taken":["M","M","?","$","M","E","R","E","T","?","E"],"build_version":"2018-11-02","purchased_purges":2,"victory":false,"max_hp_per_floor":[75,75,75,75,75,75,75,75,75,75,75],"card_choices":[{"not_picked":["Barrage","FTL"],"picked":"Ball Lightning","floor":1},{"not_picked":["Turbo","Steam"],"picked":"Hologram","floor":2},{"not_picked":["Streamline","Steam"],"picked":"Loop","floor":3},{"not_picked":["Redo","Double Energy","Compile Driver"],"picked":"SKIP","floor":5},{"not_picked":["Gash","All For One","Barrage"],"picked":"SKIP","floor":6},{"not_picked":["Consume","Sweeping Beam"],"picked":"Tempest","floor":8}],"player_experience":224210,"relics_obtained":[{"floor":6,"key":"Du-Vu Doll"},{"floor":8,"key":"Matryoshka"},{"floor":9,"key":"Blood Vial"},{"floor":9,"key":"Happy Flower"}],"event_choices":[],"is_beta":true,"boss_relics":[],"items_purged_floors":[4,10],"is_endless":false,"potions_floor_spawned":[2,5],"killed_by":"3 Sentries","ascension_level":3}