{"gold_per_floor":[219,219,231,249,263,263,289,98,98,129,129,155,189,204,204,204],"floor_reached":16,"playtime":865,"items_purged":[],"score":210,"play_id":"a44241fe-9b0c-467d-8597-417c9a6f1040","local_time":"20180623233118","is_ascension_mode":true,"campfire_choices":[{"data":"Zap","floor":6,"key":"SMITH"},{"floor":11,"key":"REST"},{"data":"Creative AI","floor":15,"key":"SMITH"}],"neow_cost":"NONE","seed_source_timestamp":525450444191807,"circlet_count":0,"master_deck":["Strike_B","Strike_B","Strike_B","Defend_B","Defend_B","Defend_B","Defend_B","Zap+1","Dualcast","AscendersBane","Conserve Battery","Chill","Go for the Eyes","Conserve Battery","Sunder","Creative AI+1","Glacier","Loop","Capacitor","Compile Driver","Hello World"],"relics":["Cracked Core","Darkstone Periapt","Smiling Mask","Potion Belt","Odd Mushroom","Omamori"],"potions_floor_usage":[12,13,13],"damage_taken":[{"damage":5,"enemies":"Small Slimes","floor":1,"turns":4},{"damage":0,"enemies":"Cultist","floor":3,"turns":3},{"damage":0,"enemies":"2 Louse","floor":4,"turns":3},{"damage":0,"enemies":"Large Slime","floor":5,"turns":7},{"damage":19,"enemies":"Lagavulin","floor":7,"turns":9},{"damage":6,"enemies":"3 Sentries","floor":10,"turns":9},{"damage":7,"floor":12,"turns":5},{"damage":23,"enemies":"Gremlin Nob","floor":13,"turns":5},{"damage":4,"enemies":"Blue Slaver","floor":14,"turns":4},{"damage":23,"enemies":"Slime Boss","floor":16,"turns":3}],"seed_played":"-4891967853012313825","potions_obtained":[{"floor":1,"key":"Energy Potion"},{"floor":7,"key":"FearPotion"},{"floor":10,"key":"GamblersBrew"},{"floor":12,"key":"EssenceOfSteel"}],"is_trial":false,"path_per_floor":["M","?","M","M","M","R","E","$","T","E","R","?","E","M","R"],"character_chosen":"DEFECT","items_purchased":["Creative AI","Glacier"],"campfire_rested":1,"item_purchase_floors":[8,8],"current_hp_per_floor":[59,59,59,59,59,59,40,40,40,34,55,48,25,21,21,0],"gold":204,"neow_bonus":"HUNDRED_GOLD","is_prod":false,"is_daily":false,"chose_seed":false,"campfire_upgraded":2,"win_rate":0,"timestamp":1529789478,"path_taken":["M","?","M","M","?","R","E","$","T","E","R","?","E","M","R","BOSS"],"build_version":"2018-06-21v2","purchased_purges":0,"victory":false,"max_hp_per_floor":[71,71,71,71,71,71,71,71,71,71,71,71,71,71,71,71],"card_choices":[{"not_picked":["Double Energy","Stack"],"picked":"Conserve Battery","floor":1},{"not_picked":["Streamline","Conserve Battery"],"picked":"Chill","floor":3},{"not_picked":["Auto Shields","BootSequence"],"picked":"Go for the Eyes","floor":4},{"not_picked":["Double Energy","Cold Snap"],"picked":"Conserve Battery","floor":5},{"not_picked":["Hologram","Storm"],"picked":"Sunder","floor":7},{"not_picked":["Multi-Cast","White Noise"],"picked":"Loop","floor":10},{"not_picked":["Sweeping Beam","Go for the Eyes"],"picked":"Capacitor","floor":12},{"not_picked":["Cold Snap","Go for the Eyes"],"picked":"Compile Driver","floor":13},{"not_picked":["Stack","Cold Snap"],"picked":"Hello World","floor":14}],"player_experience":680238,"relics_obtained":[{"floor":7,"key":"Darkstone Periapt"},{"floor":9,"key":"Smiling Mask"},{"floor":10,"key":"Potion Belt"},{"floor":12,"key":"Odd Mushroom"},{"floor":13,"key":"Omamori"}],"event_choices":[{"event_name":"Bonfire Elementals","player_choice":"BASIC","floor":2,"damage_taken":0},{"event_name":"Mushrooms","player_choice":"Fought Mushrooms","floor":12,"damage_taken":0}],"boss_relics":[],"items_purged_floors":[],"is_endless":false,"potions_floor_spawned":[1,7,10,12],"killed_by":"Slime Boss","ascension_level":15}