{"gold_per_floor":[113,113,38,54,65,65,83,83,83,100,162,162,175,206,206,301,301,316,326,326,339,96,96,96],"floor_reached":24,"playtime":2305,"items_purged":["Defend_G"],"score":218,"play_id":"d5339dcb-1879-4285-b594-68190450e4ed","local_time":"20190303120501","is_ascension_mode":true,"campfire_choices":[{"data":"Neutralize","floor":6,"key":"SMITH"},{"data":"Cloak And Dagger","floor":8,"key":"SMITH"},{"floor":15,"key":"REST"},{"floor":23,"key":"REST"}],"neow_cost":"NONE","seed_source_timestamp":1532933766425961,"circlet_count":0,"master_deck":["Defend_G","Defend_G","Defend_G","Strike_G","Strike_G","Strike_G","Strike_G","Survivor","Neutralize+1","Accuracy+1","Riddle With Holes","Cloak And Dagger+1","Night Terror","Blade Dance","Storm of Steel","Noxious Fumes","Tactician"],"relics":["Ring of the Snake","Regal Pillow","Letter Opener","Ginger","Fusion Hammer","Ninja Scroll"],"potions_floor_usage":[11,14,19,24],"damage_taken":[{"damage":8,"enemies":"Jaw Worm","floor":1,"turns":4},{"damage":0,"enemies":"Cultist","floor":4,"turns":4},{"damage":8,"enemies":"Small Slimes","floor":5,"turns":5},{"damage":4,"enemies":"2 Fungi Beasts","floor":7,"turns":4},{"damage":0,"enemies":"Looter","floor":10,"turns":4},{"damage":29,"enemies":"Lagavulin Event","floor":11,"turns":7},{"damage":7,"enemies":"3 Louse","floor":13,"turns":3},{"damage":6,"enemies":"Gremlin Nob","floor":14,"turns":3},{"damage":41,"enemies":"The Guardian","floor":16,"turns":11},{"damage":0,"enemies":"Chosen","floor":18,"turns":4},{"damage":11,"enemies":"2 Thieves","floor":19,"turns":3},{"damage":30,"enemies":"Cultist and Chosen","floor":21,"turns":6},{"damage":53,"enemies":"Book of Stabbing","floor":24,"turns":5}],"seed_played":"-4024863166921717993","potions_obtained":[{"floor":1,"key":"LiquidBronze"},{"floor":4,"key":"SneckoOil"},{"floor":10,"key":"Strength Potion"},{"floor":11,"key":"AttackPotion"},{"floor":14,"key":"SteroidPotion"},{"floor":16,"key":"Energy Potion"},{"floor":21,"key":"Ancient Potion"}],"is_trial":false,"path_per_floor":["M","?","$","M","M","R","M","R","T","M","?","?","M","E","R","B",null,"M","M","?","M","$","R","E"],"character_chosen":"THE_SILENT","items_purchased":["Ninja Scroll"],"campfire_rested":2,"item_purchase_floors":[22],"current_hp_per_floor":[62,62,62,62,54,54,50,50,50,50,21,21,14,8,44,3,70,70,59,59,29,29,65,12],"gold":96,"neow_bonus":"REMOVE_CARD","is_prod":false,"is_daily":false,"chose_seed":false,"campfire_upgraded":2,"win_rate":0,"timestamp":1551643501,"path_taken":["M","?","$","M","M","R","M","R","T","?","?","?","M","E","R","BOSS","M","?","?","M","$","R","E"],"build_version":"2019-01-23","purchased_purges":1,"victory":false,"max_hp_per_floor":[70,70,70,70,70,70,70,70,70,70,70,70,70,70,70,70,70,70,70,70,70,70,70,70],"card_choices":[{"not_picked":["Underhanded Strike","Concentrate"],"picked":"Accuracy","floor":1},{"not_picked":["Footwork","Prepared","Slice"],"picked":"SKIP","floor":4},{"not_picked":["Underhanded Strike","Prepared"],"picked":"Riddle With Holes","floor":5},{"not_picked":["Outmaneuver","Quick Slash"],"picked":"Cloak And Dagger","floor":7},{"not_picked":["Dodge and Roll","Endless Agony"],"picked":"Night Terror","floor":10},{"not_picked":["Distraction","Choke"],"picked":"Blade Dance","floor":13},{"not_picked":["Blade Dance","Prepared","Backflip"],"picked":"SKIP","floor":14},{"not_picked":["A Thousand Cuts","Envenom"],"picked":"Storm of Steel","floor":16},{"not_picked":["Underhanded Strike","Flechettes","Footwork"],"picked":"SKIP","floor":18},{"not_picked":["Sucker Punch","Crippling Poison"],"picked":"Noxious Fumes","floor":19},{"not_picked":["Quick Slash","Backflip"],"picked":"Tactician","floor":21}],"player_experience":195681,"relics_obtained":[{"floor":9,"key":"Regal Pillow"},{"floor":11,"key":"Letter Opener"},{"floor":14,"key":"Ginger"}],"event_choices":[{"damage_healed":0,"gold_gain":0,"player_choice":"Upgraded","damage_taken":0,"max_hp_gain":0,"max_hp_loss":0,"event_name":"Upgrade Shrine","floor":2,"gold_loss":0,"cards_upgraded":["Accuracy"]},{"damage_healed":0,"gold_gain":0,"player_choice":"Searched \u00271\u0027 times","damage_taken":0,"max_hp_gain":0,"max_hp_loss":0,"event_name":"Dead Adventurer","floor":11,"gold_loss":0},{"cards_removed":["Defend_G"],"damage_healed":0,"gold_gain":0,"player_choice":"Purged","damage_taken":0,"max_hp_gain":0,"max_hp_loss":0,"event_name":"Purifier","floor":12,"gold_loss":0},{"damage_healed":0,"gold_gain":0,"player_choice":"Ignored","damage_taken":0,"max_hp_gain":0,"max_hp_loss":0,"event_name":"Vampires","floor":20,"gold_loss":0}],"is_beta":false,"boss_relics":[{"not_picked":["Lizard Tail","Cursed Key"],"picked":"Fusion Hammer"}],"items_purged_floors":[3],"is_endless":false,"potions_floor_spawned":[1,4,10,11,14,16,18,21],"killed_by":"Book of Stabbing","ascension_level":2}