{"gold_per_floor":[109,120,131,131,148,178,189,189,189,200,200,27,57,57,57,156,156,174,188,199,199,199,199,199,227,252,269,269,24,52,72,72,177,177,191,191,191,191,204,231,246,246,271,286,286,303,330,340,340,340,340,340,15,48,48],"floor_reached":56,"playtime":4708,"items_purged":["Regret","Pain"],"score":1386,"play_id":"8689f70d-71ac-4fc9-b147-ff0001367527","local_time":"20190123153930","is_ascension_mode":true,"campfire_choices":[{"floor":8.0,"key":"REST"},{"floor":11.0,"key":"RECALL"},{"data":"1","floor":15.0,"key":"LIFT"},{"data":"2","floor":23.0,"key":"LIFT"},{"data":"3","floor":32.0,"key":"LIFT"},{"data":"Calculated Gamble","floor":42,"key":"SMITH"},{"data":"Thinking Ahead","floor":45,"key":"SMITH"},{"data":"Noxious Fumes","floor":49,"key":"SMITH"},{"data":"Neutralize","floor":52,"key":"SMITH"}],"neow_cost":"PERCENT_DAMAGE","seed_source_timestamp":0,"circlet_count":0,"master_deck":["Defend_G","Defend_G","Defend_G","Defend_G","Strike_G","Strike_G","Strike_G","Survivor","Neutralize+1","Dark Shackles","PanicButton","Poisoned Stab","Backstab","Sucker Punch","Dagger Throw","Leg Sweep","Flying Knee","Noxious Fumes+1","Dodge and Roll","Cloak And Dagger","Adrenaline","Dagger Spray","Blade Dance","Blade Dance","RitualDagger","Distraction+1","Calculated Gamble+1","Endless Agony","Blur+1","Adrenaline","Slice+1","Poisoned Stab+1","Unload+1","Blade Dance+1","Finesse","Deep Breath","Thinking Ahead+1","Dash+1","Quick Slash+1","Dagger Throw","Poisoned Stab","Cloak And Dagger","Slice","Dagger Spray+1","Backstab","Mind Blast","Apotheosis","Blade Dance+1"],"special_seed":0,"relics":["Ring of the Snake","Shuriken","PreservedInsect","Girya","WarpedTongs","Cursed Key","Ninja Scroll","Blood Vial","Omamori","Bag of Preparation","Astrolabe","Bottled Tornado","Vajra","Smiling Mask","Centennial Puzzle"],"potions_floor_usage":[35,41,47,50,55,55,55,55,55],"damage_taken":[{"damage":0.0,"enemies":"Jaw Worm","floor":1.0,"turns":4.0},{"damage":0.0,"enemies":"Small Slimes","floor":2.0,"turns":4.0},{"damage":0.0,"enemies":"Cultist","floor":3.0,"turns":3.0},{"damage":14.0,"enemies":"Exordium Wildlife","floor":5.0,"turns":7.0},{"damage":12.0,"enemies":"Lagavulin","floor":6.0,"turns":6.0},{"damage":0.0,"enemies":"Blue Slaver","floor":7.0,"turns":2.0},{"damage":0.0,"enemies":"2 Fungi Beasts","floor":10.0,"turns":3.0},{"damage":6.0,"enemies":"3 Sentries","floor":13.0,"turns":4.0},{"damage":27.0,"enemies":"Hexaghost","floor":16.0,"turns":9.0},{"damage":9.0,"enemies":"Shell Parasite","floor":18.0,"turns":5.0},{"damage":8.0,"enemies":"3 Byrds","floor":19.0,"turns":4.0},{"damage":16.0,"enemies":"Snecko","floor":20.0,"turns":6.0},{"damage":0.0,"enemies":"Slavers","floor":25.0,"turns":3.0},{"damage":0.0,"enemies":"Shelled Parasite and Fungi","floor":27.0,"turns":3.0},{"damage":0.0,"enemies":"Gremlin Leader","floor":30.0,"turns":3.0},{"damage":0.0,"enemies":"3 Cultists","floor":31.0,"turns":2.0},{"damage":12.0,"enemies":"Champ","floor":33.0,"turns":8.0},{"damage":0,"enemies":"3 Darklings","floor":35,"turns":2},{"damage":0,"enemies":"Orb Walker","floor":39,"turns":2},{"damage":0,"enemies":"Reptomancer","floor":40,"turns":2},{"damage":4,"enemies":"Jaw Worm Horde","floor":41,"turns":2},{"damage":0,"enemies":"Transient","floor":44,"turns":5},{"damage":0,"enemies":"Sphere and 2 Shapes","floor":46,"turns":1},{"damage":4,"enemies":"Giant Head","floor":47,"turns":4},{"damage":0,"enemies":"Maw","floor":48,"turns":4},{"damage":43,"enemies":"Donu and Deca","floor":50,"turns":6},{"damage":0,"enemies":"Shield and Spear","floor":54,"turns":3},{"damage":64,"enemies":"The Heart","floor":55,"turns":8}],"seed_played":"-1106029603301599301","potions_obtained":[{"floor":3.0,"key":"AttackPotion"},{"floor":6.0,"key":"LiquidBronze"},{"floor":7.0,"key":"Strength Potion"},{"floor":10.0,"key":"Dexterity Potion"},{"floor":18.0,"key":"Weak Potion"},{"floor":24.0,"key":"Fire Potion"},{"floor":24.0,"key":"Fire Potion"},{"floor":25.0,"key":"EssenceOfSteel"},{"floor":33.0,"key":"Dexterity Potion"},{"floor":39,"key":"Weak Potion"},{"floor":40,"key":"EntropicBrew"},{"floor":44,"key":"Weak Potion"},{"floor":47,"key":"SteroidPotion"},{"floor":54,"key":"Energy Potion"}],"is_trial":false,"path_per_floor":["M","M","M","?","M","E","M","R","T","M","R","$","E","?","R","B",null,"M","M","M","?","?","R","?","E","T","M","?","$","E","M","R","B",null,"M","?","?","?","M","E","M","R","T","M","R","M","E","M","R","B",null,"R","$","E","B",null],"character_chosen":"THE_SILENT","items_purchased":["Noxious Fumes","Dodge and Roll","Omamori","Backstab","Mind Blast","Apotheosis"],"campfire_rested":1,"item_purchase_floors":[12,12,29,53,53,53],"current_hp_per_floor":[49,49,49,49,35,23,23,44,44,44,44,44,38,38,38,11,70,61,53,37,31,31,31,31,31,31,33,56,56,58,60,60,50,70,70,60,60,60,62,64,62,62,62,64,64,66,64,66,66,25,70,70,70,70,6],"gold":48,"neow_bonus":"RANDOM_COLORLESS_2","is_prod":false,"is_daily":false,"chose_seed":false,"campfire_upgraded":4,"win_rate":0,"timestamp":1548275970,"path_taken":["M","M","M","?","M","E","M","R","T","M","R","?","E","?","R","BOSS","M","?","M","?","?","R","?","E","T","?","?","$","E","M","R","BOSS","M","?","?","?","M","E","M","R","T","M","R","M","E","M","R","BOSS","R","$","E","BOSS"],"build_version":"2019-01-23","purchased_purges":2,"victory":true,"max_hp_per_floor":[70,70,70,70,70,70,70,70,70,70,70,70,70,70,70,70,70,70,70,70,70,70,70,70,70,70,70,70,70,70,70,70,70,70,70,70,70,70,70,70,70,70,70,70,70,70,70,70,70,70,70,70,70,70,70],"card_choices":[{"not_picked":["Deadly Poison","Sucker Punch"],"picked":"Poisoned Stab","floor":1.0},{"not_picked":["Bouncing Flask","Prepared"],"picked":"Backstab","floor":2.0},{"not_picked":["Dodge and Roll","Eviscerate"],"picked":"Deflect","floor":3.0},{"not_picked":["Terror","Noxious Fumes"],"picked":"Sucker Punch","floor":5.0},{"not_picked":["Skewer","Eviscerate"],"picked":"Dagger Throw","floor":6.0},{"not_picked":["PiercingWail","Dagger Throw"],"picked":"Leg Sweep","floor":7.0},{"not_picked":["Dagger Throw","All Out Attack"],"picked":"Flying Knee","floor":10.0},{"not_picked":["Unload","Well Laid Plans"],"picked":"Cloak And Dagger","floor":13.0},{"not_picked":["Glass Knife","A Thousand Cuts"],"picked":"Adrenaline","floor":16.0},{"not_picked":["Prepared","Riddle With Holes"],"picked":"Dagger Spray","floor":18.0},{"not_picked":["Deflect","PiercingWail"],"picked":"Blade Dance","floor":19.0},{"not_picked":["Bouncing Flask","Deadly Poison"],"picked":"Blade Dance","floor":20.0},{"not_picked":["Bullet Time","Deflect"],"picked":"Distraction+1","floor":25.0},{"not_picked":["Predator","Slice"],"picked":"Calculated Gamble","floor":27.0},{"not_picked":["All Out Attack","Caltrops"],"picked":"Endless Agony","floor":30.0},{"not_picked":["Dagger Throw+1","Sucker Punch"],"picked":"Blur+1","floor":31.0},{"not_picked":["Corpse Explosion","Burst"],"picked":"Adrenaline","floor":33.0},{"not_picked":["Expertise+1","Cloak And Dagger"],"picked":"Blade Dance+1","floor":35},{"not_picked":["PanicButton","Panacea"],"picked":"Finesse","floor":36},{"not_picked":["Enlightenment","Trip"],"picked":"Deep Breath","floor":36},{"not_picked":["Madness","Finesse"],"picked":"Thinking Ahead","floor":36},{"not_picked":["Flying Knee+1","Poisoned Stab"],"picked":"Dash+1","floor":39},{"not_picked":["Underhanded Strike","Deadly Poison"],"picked":"Quick Slash+1","floor":40},{"not_picked":["Flying Knee","Crippling Poison"],"picked":"Dagger Throw","floor":41},{"not_picked":["Wraith Form v2","Dash+1"],"picked":"Poisoned Stab","floor":44},{"not_picked":["Expertise+1","Quick Slash"],"picked":"Cloak And Dagger","floor":46},{"not_picked":["Sucker Punch+1","Blade Dance+1"],"picked":"Slice","floor":47},{"not_picked":["Sucker Punch","PiercingWail"],"picked":"Dagger Spray+1","floor":48},{"not_picked":["Tactician+1","Sucker Punch"],"picked":"Blade Dance+1","floor":54}],"player_experience":55817,"relics_obtained":[{"floor":6.0,"key":"PreservedInsect"},{"floor":13.0,"key":"Girya"},{"floor":25.0,"key":"Ninja Scroll"},{"floor":26.0,"key":"Blood Vial"},{"floor":30.0,"key":"Bag of Preparation"},{"floor":40,"key":"Bottled Tornado"},{"floor":43,"key":"Vajra"},{"floor":47,"key":"Smiling Mask"},{"floor":54,"key":"Centennial Puzzle"}],"event_choices":[{"damage_healed":0.0,"max_hp_gain":0.0,"max_hp_loss":0.0,"gold_gain":0.0,"event_name":"Big Fish","player_choice":"Box","floor":4.0,"gold_loss":0.0,"damage_taken":0.0,"relics_obtained":["Shuriken"],"cards_obtained":["Regret"]},{"damage_healed":0.0,"max_hp_gain":0.0,"max_hp_loss":0.0,"gold_gain":0.0,"event_name":"Accursed Blacksmith","player_choice":"Rummage","floor":14.0,"gold_loss":0.0,"damage_taken":0.0,"relics_obtained":["WarpedTongs"],"cards_obtained":["Pain"]},{"damage_healed":0.0,"max_hp_gain":0.0,"max_hp_loss":0.0,"gold_gain":0.0,"event_name":"Nest","player_choice":"Joined the Cult","floor":21.0,"gold_loss":0.0,"damage_taken":6.0,"cards_obtained":["RitualDagger"]},{"damage_healed":0.0,"max_hp_gain":0.0,"max_hp_loss":0.0,"gold_gain":0.0,"event_name":"Ghosts","player_choice":"Ignored","floor":22.0,"gold_loss":0.0,"damage_taken":0.0},{"damage_healed":0.0,"max_hp_gain":0.0,"max_hp_loss":0.0,"gold_gain":0.0,"event_name":"Lab","player_choice":"Got Potions","floor":24.0,"gold_loss":0.0,"damage_taken":0.0},{"damage_healed":23.0,"max_hp_gain":0.0,"max_hp_loss":0.0,"gold_gain":0.0,"event_name":"The Library","player_choice":"Heal","floor":28.0,"gold_loss":0.0,"damage_taken":0.0},{"damage_healed":0,"gold_gain":0,"player_choice":"Memory 3","damage_taken":10,"max_hp_gain":0,"max_hp_loss":0,"event_name":"SensoryStone","floor":36,"gold_loss":0},{"cards_removed":["Deflect"],"damage_healed":0,"gold_gain":0,"player_choice":"Removed Skill","damage_taken":0,"max_hp_gain":0,"max_hp_loss":0,"event_name":"Falling","floor":37,"gold_loss":0},{"cards_removed":["Shame"],"damage_healed":0,"gold_gain":0,"player_choice":"Purged","damage_taken":0,"max_hp_gain":0,"max_hp_loss":0,"event_name":"Purifier","floor":38,"gold_loss":0}],"is_beta":false,"boss_relics":[{"not_picked":["Eternal Feather","Sozu"],"picked":"Cursed Key"},{"not_picked":["Runic Dome","White Beast Statue"],"picked":"Astrolabe"}],"items_purged_floors":[12,29],"is_endless":false,"potions_floor_spawned":[3,6,7,10,18,25,33,39,40,44,47,48,54],"ascension_level":1}