{"gold_per_floor":[99,99,99,99,99,99,99,99,99,99,99,99,99,99,99,99,99,99,32,0,0,0],"floor_reached":22,"playtime":1031,"items_purged":[],"score":329,"play_id":"b88002c8-4a7a-473b-bb68-0cb58e386d85","local_time":"20190114201559","is_ascension_mode":true,"campfire_choices":[{"data":"Consume","floor":6,"key":"SMITH"},{"floor":10,"key":"REST"},{"data":"Defragment","floor":15,"key":"SMITH"}],"neow_cost":"NONE","seed_source_timestamp":359252900417500,"circlet_count":0,"master_deck":["AscendersBane","Strike_B","Strike_B","Strike_B","Defend_B","Defend_B","Defend_B","Defend_B","Zap","Dualcast","Conserve Battery","Melter","Consume+1","Defragment+1","Ball Lightning","Electrodynamics","Loop","Echo Form","Chill","Self Repair","White Noise","Hologram"],"relics":["Ectoplasm","MawBank","Ornamental Fan","Dodecahedron","SsserpentHead","Snecko Eye"],"potions_floor_usage":[11,16,21,22],"damage_taken":[{"damage":6,"enemies":"Small Slimes","floor":1,"turns":3},{"damage":2,"enemies":"Jaw Worm","floor":4,"turns":4},{"damage":1,"enemies":"Cultist","floor":5,"turns":3},{"damage":18,"enemies":"Lagavulin","floor":7,"turns":7},{"damage":26,"enemies":"Exordium Thugs","floor":8,"turns":6},{"damage":13,"enemies":"Exordium Wildlife","floor":11,"turns":4},{"damage":0,"enemies":"3 Louse","floor":13,"turns":2},{"damage":23,"enemies":"Hexaghost","floor":16,"turns":8},{"damage":0,"enemies":"3 Byrds","floor":18,"turns":2},{"damage":28,"enemies":"2 Thieves","floor":20,"turns":5},{"damage":31,"enemies":"Snake Plant","floor":21,"turns":3},{"damage":11,"enemies":"Centurion and Healer","floor":22,"turns":3}],"seed_played":"-3799851888985765560","potions_obtained":[{"floor":5,"key":"Swift Potion"},{"floor":7,"key":"Regen Potion"},{"floor":16,"key":"GamblersBrew"},{"floor":21,"key":"Explosive Potion"}],"is_trial":false,"path_per_floor":["M","?","?","M","M","R","E","M","T","R","M","T","M","?","R","B",null,"M","$","M","M","M"],"character_chosen":"DEFECT","items_purchased":["Self Repair"],"campfire_rested":1,"item_purchase_floors":[19],"current_hp_per_floor":[58,58,51,49,48,48,30,4,4,25,12,12,12,12,12,4,54,54,54,33,9,0],"gold":0,"neow_bonus":"BOSS_RELIC","is_prod":false,"is_daily":false,"chose_seed":false,"campfire_upgraded":2,"win_rate":0,"timestamp":1547525759,"path_taken":["M","?","?","M","M","R","E","M","T","R","M","?","M","?","R","BOSS","M","$","?","M","M"],"build_version":"2019-01-10","purchased_purges":0,"victory":false,"max_hp_per_floor":[71,71,71,71,71,71,71,71,71,71,71,71,71,71,71,71,71,71,71,71,71,71],"card_choices":[{"not_picked":["Steam","Beam Cell"],"picked":"Conserve Battery","floor":1},{"not_picked":["Steam","Recycle"],"picked":"Melter","floor":4},{"not_picked":["Hologram","Fusion"],"picked":"Consume","floor":5},{"not_picked":["Self Repair","Reinforced Body"],"picked":"Defragment","floor":7},{"not_picked":["Gash","Blizzard"],"picked":"Ball Lightning","floor":8},{"not_picked":["Steam","Fusion"],"picked":"Electrodynamics","floor":11},{"not_picked":["Turbo","Sweeping Beam"],"picked":"Loop","floor":13},{"not_picked":["Electrodynamics","Seek"],"picked":"Echo Form","floor":16},{"not_picked":["Sweeping Beam","Conserve Battery"],"picked":"Chill","floor":18},{"not_picked":["Redo","Stack"],"picked":"White Noise","floor":20},{"not_picked":["Stack","BootSequence"],"picked":"Hologram","floor":21}],"player_experience":469821,"relics_obtained":[{"floor":7,"key":"MawBank"},{"floor":9,"key":"Ornamental Fan"},{"floor":12,"key":"Dodecahedron"}],"event_choices":[{"damage_healed":0,"gold_gain":0,"player_choice":"Ignored","damage_taken":0,"max_hp_gain":0,"max_hp_loss":0,"event_name":"Liars Game","floor":2,"gold_loss":0},{"cards_removed":["Strike_B"],"damage_healed":0,"gold_gain":0,"player_choice":"Card Removal","damage_taken":7,"max_hp_gain":0,"max_hp_loss":0,"event_name":"Golden Wing","floor":3,"gold_loss":0},{"damage_healed":0,"gold_gain":0,"player_choice":"Trade","damage_taken":0,"relics_obtained":["SsserpentHead"],"max_hp_gain":0,"max_hp_loss":0,"event_name":"FaceTrader","floor":14,"gold_loss":0}],"is_beta":false,"boss_relics":[{"not_picked":["Pandora\u0027s Box","White Beast Statue"],"picked":"Snecko Eye"}],"items_purged_floors":[],"is_endless":false,"potions_floor_spawned":[5,7,8,16,21],"killed_by":"Centurion and Healer","ascension_level":15}