{"path_per_floor":["M","M","?","M","M","?","R","?","T","M","E","M","R","M","R","B",null,"M","M","$"],"character_chosen":"IRONCLAD","items_purchased":["Magic Flower","Mercury Hourglass"],"gold_per_floor":[214,227,227,241,264,264,264,264,264,287,628,653,653,678,678,808,808,823,839,225],"floor_reached":21,"campfire_rested":1,"playtime":598,"current_hp_per_floor":[75,69,49,48,41,67,67,67,67,55,33,34,34,25,49,9,80,47,40,40],"items_purged":["Injury"],"gold":225,"score":183,"play_id":"6cb6ed9b-7585-4185-afcc-21b5e600aa02","local_time":"20180305173320","is_prod":false,"is_daily":false,"is_ascension_mode":false,"campfire_upgraded":2,"timestamp":1520238800,"path_taken":["M","M","?","M","M","?","R","?","T","M","E","M","R","?","R","BOSS","M","M","$","M"],"build_version":"2018-03-01-PROD1","purchased_purges":1,"victory":false,"master_deck":["Strike_R","Strike_R","Strike_R","Strike_R","Strike_R","Defend_R","Defend_R","Defend_R","Defend_R","Bash","Heavy Blade+1","Headbutt+1","Cleave","Rampage+1","Metallicize","Battle Trance+1"],"max_hp_per_floor":[80,80,80,80,80,80,80,80,80,80,80,80,80,80,80,80,80,80,80,80],"relics":["Black Blood","Golden Idol","Unceasing Top","Old Coin","Magic Flower","Mercury Hourglass"],"card_choices":[{"not_picked":["True Grit","Shrug It Off"],"picked":"Heavy Blade"},{"not_picked":["Uppercut","Hemokinesis"],"picked":"Headbutt"},{"not_picked":["Pommel Strike","Seeing Red"],"picked":"Cleave"},{"not_picked":["Perfected Strike","Sever Soul"],"picked":"Rampage"},{"not_picked":["Armaments","Blood for Blood"],"picked":"Metallicize"},{"not_picked":["Pommel Strike","Shockwave"],"picked":"Battle Trance"}],"player_experience":259515,"potions_floor_usage":[12,19,19],"damage_taken":[{"damage":11,"enemies":"Jaw Worm","floor":1,"turns":4},{"damage":12,"enemies":"2 Louse","floor":2,"turns":2},{"damage":7,"enemies":"Small Slimes","floor":4,"turns":3},{"damage":13,"enemies":"2 Fungi Beasts","floor":5,"turns":3},{"damage":18,"enemies":"3 Louse","floor":10,"turns":3},{"damage":28,"enemies":"Gremlin Nob","floor":11,"turns":4},{"damage":5,"enemies":"Gremlin Gang","floor":12,"turns":2},{"damage":15,"enemies":"Looter","floor":14,"turns":3},{"damage":46,"enemies":"Hexaghost","floor":16,"turns":9},{"damage":43,"enemies":"Spheric Guardian","floor":18,"turns":6},{"damage":17,"enemies":"3 Byrds","floor":19,"turns":6},{"damage":41,"enemies":"Slaver and Parasite","floor":21,"turns":6}],"event_choices":[{"event_name":"Golden Idol","player_choice":"Take Damage","floor":3,"damage_taken":0},{"event_name":"Big Fish","player_choice":"Banana","floor":6,"damage_taken":0},{"event_name":"Accursed Blacksmith","player_choice":"Forge","floor":8,"damage_taken":0}],"boss_relics":[{"not_picked":["Lizard Tail","Runic Cube"],"picked":"Black Blood"}],"potions_floor_spawned":[5,11,14,16],"seed_played":"-868238285163937445","killed_by":"Slaver and Parasite","ascension_level":0,"is_trial":false}