{"gold_per_floor":[118,131,131,146,68,95,95,130,130,130,205,220,220,246,246,344,344,357,368,47,47,64,97,97,122,148,148,173,173,5,16,16,118,118,128,228,228,228,103,128,128,161,161,193,244,261,261,261,261,261,261,261,111,144,144],"floor_reached":56,"playtime":7160,"items_purged":["Defend_B","Strike_B","Writhe","Defend_B"],"score":1686,"play_id":"9e2f8195-da32-4a8e-89b8-70b8b4543af1","local_time":"20190302161238","is_ascension_mode":true,"campfire_choices":[{"data":"Buffer","floor":7,"key":"SMITH"},{"data":"Capacitor","floor":10,"key":"SMITH"},{"floor":13,"key":"RECALL"},{"data":"Creative AI","floor":15,"key":"SMITH"},{"floor":24,"key":"DIG"},{"floor":27,"key":"DIG"},{"floor":29,"key":"DIG"},{"floor":32,"key":"DIG"},{"floor":41,"key":"DIG"},{"floor":47,"key":"DIG"},{"floor":49,"key":"REST"},{"floor":52,"key":"DIG"}],"neow_cost":"NONE","seed_source_timestamp":77769923577524,"circlet_count":0,"master_deck":["Strike_B","Strike_B+1","Defend_B","Defend_B","Zap","Dualcast","Coolheaded+1","Cold Snap+1","Buffer+1","Capacitor+1","Chill","Creative AI+1","Conserve Battery","Core Surge","Tempest","Reinforced Body+1","Apotheosis","Consume","Buffer+1","Loop+1","Defragment+1","Loop+1","Buffer+1","Defragment+1","Thunder Strike+1"],"relics":["Nuclear Battery","Cables","Bird Faced Urn","Incense Burner","StoneCalendar","Black Star","Shovel","Whetstone","Frozen Egg 2","Blood Vial","Dream Catcher","Bag of Preparation","Ancient Tea Set","Bronze Scales","Juzu Bracelet","Molten Egg 2","Question Card","Inserter","Turnip","Pear","Calipers","Bottled Flame","Centennial Puzzle","Dodecahedron","Oddly Smooth Stone","Darkstone Periapt","Meat on the Bone","FossilizedHelix","Happy Flower","Ornamental Fan","Lantern","Kunai"],"potions_floor_usage":[55,55,55],"damage_taken":[{"damage":3,"enemies":"Jaw Worm","floor":1,"turns":5},{"damage":7,"enemies":"Small Slimes","floor":2,"turns":3},{"damage":0,"enemies":"2 Louse","floor":4,"turns":3},{"damage":0,"enemies":"Lagavulin","floor":6,"turns":10},{"damage":3,"enemies":"3 Sentries","floor":8,"turns":10},{"damage":0,"enemies":"Large Slime","floor":12,"turns":6},{"damage":20,"enemies":"Gremlin Nob","floor":14,"turns":5},{"damage":2,"enemies":"The Guardian","floor":16,"turns":10},{"damage":1,"enemies":"Chosen","floor":18,"turns":7},{"damage":0,"enemies":"Spheric Guardian","floor":19,"turns":5},{"damage":4,"enemies":"Shelled Parasite and Fungi","floor":22,"turns":7},{"damage":19,"enemies":"Slavers","floor":23,"turns":6},{"damage":20,"enemies":"Gremlin Leader","floor":25,"turns":7},{"damage":0,"enemies":"Book of Stabbing","floor":28,"turns":7},{"damage":0,"enemies":"Chosen and Byrds","floor":31,"turns":3},{"damage":0,"enemies":"Automaton","floor":33,"turns":11},{"damage":0,"enemies":"3 Shapes","floor":35,"turns":7},{"damage":0,"enemies":"Mind Bloom Boss Battle","floor":36,"turns":6},{"damage":0,"enemies":"Nemesis","floor":40,"turns":6},{"damage":0,"enemies":"Giant Head","floor":42,"turns":8},{"damage":0,"enemies":"Nemesis","floor":44,"turns":7},{"damage":36,"enemies":"2 Orb Walkers","floor":45,"turns":4},{"damage":0,"enemies":"Orb Walker","floor":46,"turns":5},{"damage":0,"enemies":"Donu and Deca","floor":50,"turns":7},{"damage":9,"enemies":"Shield and Spear","floor":54,"turns":7},{"damage":39,"enemies":"The Heart","floor":55,"turns":8}],"seed_played":"-3531917322337244373","potions_obtained":[{"floor":2,"key":"Ancient Potion"},{"floor":6,"key":"Swift Potion"},{"floor":16,"key":"FearPotion"},{"floor":40,"key":"PowerPotion"},{"floor":44,"key":"PowerPotion"}],"is_trial":false,"path_per_floor":["M","M","?","M","$","E","R","E","T","R","?","M","R","E","R","B",null,"M","M","$","?","M","E","R","E","T","R","E","R","$","M","R","B",null,"M","?","?","?","$","E","R","E","T","E","?","M","R","?","R","B",null,"R","$","E","B",null],"character_chosen":"DEFECT","items_purchased":["Capacitor","Apotheosis","Consume","Loop+1"],"campfire_rested":1,"item_purchase_floors":[5,20,20,30],"current_hp_per_floor":[72,65,65,65,65,65,65,62,62,62,51,61,61,51,51,65,75,75,75,75,75,75,62,62,56,56,56,74,74,74,75,75,75,75,75,75,75,75,75,85,85,85,85,85,49,73,73,73,85,85,85,85,85,85,65],"gold":144,"neow_bonus":"BOSS_RELIC","is_prod":false,"is_daily":false,"chose_seed":false,"campfire_upgraded":3,"win_rate":0,"timestamp":1551564758,"path_taken":["M","M","?","M","$","E","R","E","T","R","?","M","R","E","R","BOSS","M","M","$","?","M","E","R","E","T","R","E","R","$","M","R","BOSS","M","?","?","?","$","E","R","E","T","E","?","M","R","?","R","BOSS","R","$","E","BOSS"],"build_version":"2019-01-23","purchased_purges":4,"victory":true,"max_hp_per_floor":[75,75,75,75,75,75,75,75,75,75,75,75,75,75,75,75,75,75,75,75,75,75,75,75,75,75,75,75,75,75,75,75,75,75,75,75,75,75,75,85,85,85,85,85,85,85,85,85,85,85,85,85,85,85,85],"card_choices":[{"not_picked":["Steam","Ball Lightning"],"picked":"Coolheaded","floor":1},{"not_picked":["Streamline","Scrape"],"picked":"Cold Snap","floor":2},{"not_picked":["Barrage","Stack"],"picked":"Buffer","floor":4},{"not_picked":["Gash","Steam"],"picked":"Chill","floor":6},{"not_picked":["Stack","Darkness"],"picked":"Creative AI","floor":8},{"not_picked":["Hologram","Gash"],"picked":"Conserve Battery","floor":12},{"not_picked":["Blizzard","Sweeping Beam","Auto Shields"],"picked":"SKIP","floor":14},{"not_picked":["Reboot","Hyperbeam"],"picked":"Core Surge","floor":16},{"not_picked":["Turbo","Conserve Battery"],"picked":"Tempest","floor":18},{"not_picked":["FTL","Steam"],"picked":"Reinforced Body+1","floor":19},{"not_picked":["Rebound","Stack+1","Steam Power"],"picked":"SKIP","floor":22},{"not_picked":["Cold Snap","Redo"],"picked":"Buffer","floor":23},{"not_picked":["Stack","Chaos+1"],"picked":"Loop+1","floor":25},{"not_picked":["Chill","Redo"],"picked":"Defragment+1","floor":28},{"not_picked":["Steam","BootSequence","Coolheaded"],"picked":"SKIP","floor":31},{"not_picked":["Thunder Strike+1","Fission","Biased Cognition+1"],"picked":"Buffer+1","floor":33},{"not_picked":["Barrage+1","Redo+1","Streamline+1","Genetic Algorithm+1"],"picked":"SKIP","floor":35},{"not_picked":["Conserve Battery","Ball Lightning+1","Compile Driver+1"],"picked":"Defragment+1","floor":36},{"not_picked":["Beam Cell+1","Redo+1","Hologram","Consume"],"picked":"SKIP","floor":40},{"not_picked":["Thunder Strike+1","Steam+1","Glacier","Cold Snap+1"],"picked":"SKIP","floor":42},{"not_picked":["Steam+1","Glacier","Cold Snap+1"],"picked":"Thunder Strike+1","floor":42},{"not_picked":["Scrape+1","Streamline+1","Leap+1","Glacier"],"picked":"SKIP","floor":44},{"not_picked":["Cold Snap+1","Rebound+1","Redo","Skim+1"],"picked":"SKIP","floor":46},{"not_picked":["Leap","Redo","Amplify","Force Field"],"picked":"SKIP","floor":54}],"player_experience":51694,"relics_obtained":[{"floor":6,"key":"Cables"},{"floor":8,"key":"Bird Faced Urn"},{"floor":9,"key":"Incense Burner"},{"floor":14,"key":"StoneCalendar"},{"floor":23,"key":"Whetstone"},{"floor":23,"key":"Frozen Egg 2"},{"floor":24,"key":"Blood Vial"},{"floor":25,"key":"Dream Catcher"},{"floor":25,"key":"Bag of Preparation"},{"floor":27,"key":"Ancient Tea Set"},{"floor":28,"key":"Bronze Scales"},{"floor":28,"key":"Juzu Bracelet"},{"floor":29,"key":"Molten Egg 2"},{"floor":32,"key":"Question Card"},{"floor":36,"key":"Turnip"},{"floor":40,"key":"Pear"},{"floor":40,"key":"Calipers"},{"floor":41,"key":"Bottled Flame"},{"floor":42,"key":"Centennial Puzzle"},{"floor":42,"key":"Dodecahedron"},{"floor":43,"key":"Oddly Smooth Stone"},{"floor":44,"key":"Darkstone Periapt"},{"floor":44,"key":"Meat on the Bone"},{"floor":45,"key":"FossilizedHelix"},{"floor":47,"key":"Happy Flower"},{"floor":52,"key":"Ornamental Fan"},{"floor":54,"key":"Lantern"},{"floor":54,"key":"Kunai"}],"event_choices":[{"damage_healed":0,"gold_gain":0,"player_choice":"Grow","damage_taken":0,"max_hp_gain":0,"max_hp_loss":0,"event_name":"Living Wall","floor":3,"gold_loss":0,"cards_upgraded":["Coolheaded"]},{"damage_healed":0,"gold_gain":75,"player_choice":"Gather Gold","damage_taken":11,"max_hp_gain":0,"max_hp_loss":0,"event_name":"World of Goop","floor":11,"gold_loss":0},{"damage_healed":0,"gold_gain":0,"player_choice":"Opened","damage_taken":0,"relics_obtained":["Shovel"],"max_hp_gain":0,"max_hp_loss":0,"event_name":"The Mausoleum","floor":21,"gold_loss":0},{"damage_healed":0,"gold_gain":0,"player_choice":"Fight","damage_taken":0,"max_hp_gain":0,"max_hp_loss":0,"event_name":"MindBloom","floor":36,"gold_loss":0},{"damage_healed":19,"gold_gain":0,"player_choice":"Writhe","damage_taken":0,"max_hp_gain":0,"max_hp_loss":0,"event_name":"Winding Halls","floor":37,"gold_loss":0,"cards_obtained":["Writhe"]},{"cards_removed":["Strike_B"],"damage_healed":0,"gold_gain":0,"player_choice":"Removed Attack","damage_taken":0,"max_hp_gain":0,"max_hp_loss":0,"event_name":"Falling","floor":38,"gold_loss":0},{"damage_healed":0,"gold_gain":0,"player_choice":"Fight","damage_taken":0,"max_hp_gain":0,"max_hp_loss":0,"event_name":"Mysterious Sphere","floor":45,"gold_loss":0},{"damage_healed":0,"gold_gain":0,"player_choice":"Memory 1","damage_taken":0,"max_hp_gain":0,"max_hp_loss":0,"event_name":"SensoryStone","floor":48,"gold_loss":0}],"is_beta":false,"boss_relics":[{"not_picked":["White Beast Statue","Ectoplasm"],"picked":"Black Star"},{"not_picked":["Runic Dome","Empty Cage"],"picked":"Inserter"}],"items_purged_floors":[20,30,39,53],"is_endless":false,"potions_floor_spawned":[2,6,16,18,22,40,42,44,46],"ascension_level":3}