{"gold_per_floor":[109,209,219,238,163,163,153,153,153,163,177,77,105,123,123,228,228,244,261,280,280,280],"floor_reached":22,"playtime":1262,"items_purged":["Strike_G","Strike_G"],"score":228,"play_id":"c3dd90af-cda6-48aa-9821-f0b0457a2b89","local_time":"20181122112506","is_ascension_mode":true,"campfire_choices":[{"data":"Neutralize","floor":6,"key":"SMITH"},{"data":"Infinite Blades","floor":8,"key":"SMITH"},{"data":"Accuracy","floor":15,"key":"SMITH"}],"neow_cost":"NONE","seed_source_timestamp":609908432013305,"circlet_count":0,"master_deck":["Defend_G","Defend_G","Defend_G","Defend_G","Defend_G","Survivor","Neutralize+1","Predator","Infinite Blades+1","Accuracy+1","Backflip","Cloak And Dagger","Envenom","Burst+1","Poisoned Stab+1","Accuracy+1","Blade Dance","Flying Knee+1","Deflect+1","Infinite Blades+1"],"relics":["Ring of the Snake","Dream Catcher","Sundial","Bottled Lightning","Astrolabe"],"potions_floor_usage":[19],"damage_taken":[{"damage":6,"enemies":"Jaw Worm","floor":1,"turns":6},{"damage":1,"enemies":"Cultist","floor":3,"turns":4},{"damage":1,"enemies":"2 Louse","floor":4,"turns":2},{"damage":8,"enemies":"Exordium Thugs","floor":7,"turns":4},{"damage":0,"enemies":"Large Slime","floor":10,"turns":5},{"damage":10,"enemies":"Gremlin Gang","floor":11,"turns":4},{"damage":19,"enemies":"3 Sentries","floor":13,"turns":9},{"damage":0,"enemies":"Blue Slaver","floor":14,"turns":4},{"damage":19,"enemies":"The Guardian","floor":16,"turns":15},{"damage":7,"enemies":"Chosen","floor":18,"turns":4},{"damage":23,"enemies":"2 Thieves","floor":19,"turns":5},{"damage":30,"enemies":"Sentry and Sphere","floor":20,"turns":6},{"damage":12,"enemies":"Snake Plant","floor":22,"turns":4}],"seed_played":"-9158027720114280958","potions_obtained":[{"floor":3,"key":"SteroidPotion"},{"floor":10,"key":"FearPotion"},{"floor":13,"key":"Dexterity Potion"},{"floor":20,"key":"Ancient Potion"}],"is_trial":false,"path_per_floor":["M","?","M","M","$","R","M","R","T","M","M","$","E","M","R","B",null,"M","M","M","?","M"],"character_chosen":"THE_SILENT","items_purchased":[],"campfire_rested":0,"item_purchase_floors":[],"current_hp_per_floor":[64,64,63,62,62,62,54,54,54,54,44,44,25,25,25,6,70,63,40,10,10,0],"gold":280,"neow_bonus":"RANDOM_COMMON_RELIC","is_prod":false,"is_daily":false,"chose_seed":false,"campfire_upgraded":3,"win_rate":0,"timestamp":1542903906,"path_taken":["M","?","M","M","$","R","M","R","T","M","?","?","E","M","R","BOSS","M","?","M","?","M"],"build_version":"2018-11-15","purchased_purges":2,"victory":false,"max_hp_per_floor":[70,70,70,70,70,70,70,70,70,70,70,70,70,70,70,70,70,70,70,70,70,70],"card_choices":[{"not_picked":["Bane","Backflip"],"picked":"Predator","floor":1},{"not_picked":["Backflip","Blade Dance"],"picked":"Infinite Blades","floor":3},{"not_picked":["Blade Dance","Poisoned Stab"],"picked":"Accuracy","floor":4},{"not_picked":["Flying Knee","Dagger Throw","Deflect"],"picked":"SKIP","floor":7},{"not_picked":["Choke","Poisoned Stab"],"picked":"Backflip","floor":10},{"not_picked":["Setup","Calculated Gamble","Dash"],"picked":"SKIP","floor":11},{"not_picked":["Quick Slash","Underhanded Strike"],"picked":"Cloak And Dagger","floor":13},{"not_picked":["Dodge and Roll","Tactician","Slice"],"picked":"SKIP","floor":14},{"not_picked":["Tools of the Trade","Night Terror"],"picked":"Envenom","floor":16},{"not_picked":["Crippling Poison","Deadly Poison"],"picked":"Blade Dance","floor":18},{"not_picked":["Noxious Fumes","Sucker Punch"],"picked":"Flying Knee+1","floor":19},{"not_picked":["Outmaneuver+1","Heel Hook"],"picked":"Deflect+1","floor":20}],"player_experience":406799,"relics_obtained":[{"floor":9,"key":"Sundial"},{"floor":13,"key":"Bottled Lightning"}],"event_choices":[{"damage_healed":0,"gold_gain":100,"player_choice":"Gold","damage_taken":0,"max_hp_gain":0,"max_hp_loss":0,"event_name":"Wheel of Change","floor":2,"gold_loss":0},{"damage_healed":0,"gold_gain":0,"player_choice":"Copied","damage_taken":0,"max_hp_gain":0,"max_hp_loss":0,"event_name":"Duplicator","floor":21,"gold_loss":0,"cards_obtained":["Infinite Blades"]}],"is_beta":true,"boss_relics":[{"not_picked":["Ring of the Serpent","Pandora\u0027s Box"],"picked":"Astrolabe"}],"items_purged_floors":[5,12],"is_endless":false,"potions_floor_spawned":[3,10,13,14,18,20],"killed_by":"Snake Plant","ascension_level":4}