{"gold_per_floor":[112,127,45,63,63,95,95,245,245,245,258,16,16,29,29,102,102,120,120,94,113,128,155,155,190,266,283,283,301,311,311],"floor_reached":31,"playtime":1286,"items_purged":["Doubt"],"score":558,"play_id":"05387c41-5a8c-41ae-bb16-eef6b2051e88","local_time":"20190211084325","is_ascension_mode":true,"campfire_choices":[{"data":"Zap","floor":7,"key":"SMITH"},{"data":"Go for the Eyes","floor":10,"key":"SMITH"},{"data":"Conserve Battery","floor":15,"key":"SMITH"},{"data":"Biased Cognition","floor":24,"key":"SMITH"},{"floor":28,"key":"REST"}],"neow_cost":"NONE","seed_source_timestamp":426876129758700,"circlet_count":0,"master_deck":["AscendersBane","Strike_B","Strike_B","Strike_B","Strike_B","Defend_B","Defend_B","Defend_B","Defend_B","Zap+1","Dualcast","Go for the Eyes+1","Steam","Conserve Battery+1","Ball Lightning","Self Repair+1","Steam","Rebound","Cold Snap","Biased Cognition+1","White Noise","Static Discharge","Glacier","Fission"],"relics":["Cracked Core","The Courier","StoneCalendar","Pocketwatch","ClockworkSouvenir","Runic Pyramid","Bottled Tornado","DataDisk","Matryoshka"],"potions_floor_usage":[6,16,16,31],"damage_taken":[{"damage":7,"enemies":"Small Slimes","floor":1,"turns":3},{"damage":8,"enemies":"2 Louse","floor":2,"turns":3},{"damage":0,"enemies":"Cultist","floor":4,"turns":3},{"damage":33,"enemies":"Lagavulin","floor":6,"turns":8},{"damage":11,"enemies":"3 Louse","floor":11,"turns":4},{"damage":0,"enemies":"Looter","floor":14,"turns":3},{"damage":8,"enemies":"The Guardian","floor":16,"turns":8},{"damage":7,"enemies":"Chosen","floor":18,"turns":4},{"damage":10,"enemies":"2 Thieves","floor":20,"turns":4},{"damage":8,"enemies":"Snake Plant","floor":21,"turns":4},{"damage":3,"enemies":"Centurion and Healer","floor":22,"turns":4},{"damage":39,"enemies":"Book of Stabbing","floor":23,"turns":6},{"damage":15,"enemies":"Gremlin Leader","floor":25,"turns":7},{"damage":28,"enemies":"Shelled Parasite and Fungi","floor":27,"turns":7},{"damage":11,"enemies":"Snecko","floor":29,"turns":6},{"damage":16,"enemies":"3 Cultists","floor":30,"turns":5},{"damage":31,"enemies":"Slavers","floor":31,"turns":4}],"seed_played":"-3409502879652524839","potions_obtained":[{"floor":4,"key":"FearPotion"},{"floor":11,"key":"Strength Potion"},{"floor":14,"key":"Regen Potion"},{"floor":18,"key":"FearPotion"},{"floor":20,"key":"Strength Potion"},{"floor":23,"key":"Ancient Potion"}],"is_trial":false,"path_per_floor":["M","M","$","M","?","E","R","?","T","R","M","$","?","M","R","B",null,"M","?","M","M","M","E","R","E","T","M","R","M","M","E"],"character_chosen":"DEFECT","items_purchased":["Conserve Battery","Ball Lightning","ClockworkSouvenir"],"campfire_rested":1,"item_purchase_floors":[3,3,12],"current_hp_per_floor":[64,56,56,56,45,19,19,19,19,19,15,15,15,25,25,42,69,72,72,72,74,71,42,42,37,37,19,42,31,25,0],"gold":311,"neow_bonus":"TEN_PERCENT_HP_BONUS","is_prod":false,"is_daily":false,"chose_seed":false,"campfire_upgraded":4,"win_rate":0,"timestamp":1549903405,"path_taken":["M","M","$","M","?","E","R","?","T","R","M","$","?","M","R","BOSS","M","?","M","M","M","E","R","E","T","M","R","M","M","E"],"build_version":"2019-01-23","purchased_purges":1,"victory":false,"max_hp_per_floor":[78,78,78,78,78,78,78,78,78,78,78,78,78,78,78,78,78,78,78,78,78,78,78,78,78,78,78,78,78,78,78],"card_choices":[{"not_picked":["Steam","Turbo"],"picked":"Go for the Eyes","floor":1},{"not_picked":["Reprogram","Meteor Strike"],"picked":"Steam","floor":2},{"not_picked":["Hello World","Steam"],"picked":"Self Repair","floor":4},{"not_picked":["Thunder Strike","Turbo"],"picked":"Steam","floor":6},{"not_picked":["Blizzard","Turbo"],"picked":"Rebound","floor":11},{"not_picked":["Compile Driver","Stack"],"picked":"Cold Snap","floor":14},{"not_picked":["Machine Learning","Core Surge"],"picked":"Biased Cognition","floor":16},{"not_picked":["Sweeping Beam","Melter","Rip and Tear"],"picked":"SKIP","floor":18},{"not_picked":["Turbo","Streamline","Recycle"],"picked":"SKIP","floor":20},{"not_picked":["Doom and Gloom","Gash"],"picked":"Static Discharge","floor":21},{"not_picked":["BootSequence","Compile Driver","Turbo+1"],"picked":"SKIP","floor":22},{"not_picked":["Leap","Sunder","Turbo"],"picked":"SKIP","floor":23},{"not_picked":["Gash","Compile Driver+1"],"picked":"Glacier","floor":25},{"not_picked":["Auto Shields","Sweeping Beam"],"picked":"Fission","floor":27},{"not_picked":["Reinforced Body","Barrage","Hologram"],"picked":"SKIP","floor":29},{"not_picked":["Doom and Gloom+1","Consume+1","Turbo+1"],"picked":"SKIP","floor":30}],"player_experience":679698,"relics_obtained":[{"floor":6,"key":"StoneCalendar"},{"floor":9,"key":"Pocketwatch"},{"floor":23,"key":"Bottled Tornado"},{"floor":25,"key":"DataDisk"},{"floor":26,"key":"Matryoshka"}],"event_choices":[{"damage_healed":0,"gold_gain":0,"player_choice":"Success","damage_taken":11,"relics_obtained":["The Courier"],"max_hp_gain":0,"max_hp_loss":0,"event_name":"Scrap Ooze","floor":5,"gold_loss":0},{"damage_healed":0,"gold_gain":150,"player_choice":"AGREE","damage_taken":0,"max_hp_gain":0,"max_hp_loss":0,"event_name":"Liars Game","floor":8,"gold_loss":0,"cards_obtained":["Doubt"]},{"damage_healed":0,"gold_gain":0,"player_choice":"Upgraded","damage_taken":0,"max_hp_gain":0,"max_hp_loss":0,"event_name":"Upgrade Shrine","floor":13,"gold_loss":0,"cards_upgraded":["Self Repair"]},{"damage_healed":0,"gold_gain":0,"player_choice":"Read","damage_taken":0,"max_hp_gain":0,"max_hp_loss":0,"event_name":"The Library","floor":19,"gold_loss":0,"cards_obtained":["White Noise"]}],"is_beta":false,"boss_relics":[{"not_picked":["Nuclear Battery","Lizard Tail"],"picked":"Runic Pyramid"}],"items_purged_floors":[12],"is_endless":false,"potions_floor_spawned":[4,11,14,18,20,23,25],"killed_by":"Slavers","ascension_level":20}