{"path_per_floor":["M","M","?","?","?","E","T","R","T","M","M","?","E","$","R"],"character_chosen":"IRONCLAD","items_purchased":["War Paint","Potion Belt"],"gold_per_floor":[115,129,129,229,229,264,264,264,264,282,292,292,323,16,16,16],"floor_reached":16,"campfire_rested":1,"playtime":1037,"item_purchase_floors":[14,14],"current_hp_per_floor":[72,67,64,64,64,19,19,19,19,21,11,11,12,12,36,0],"items_purged":[],"gold":16,"score":108,"play_id":"0f006494-703c-4884-86b2-2abc62aff60f","local_time":"20180606210950","is_prod":false,"is_daily":false,"chose_seed":false,"is_ascension_mode":false,"campfire_upgraded":1,"win_rate":0,"timestamp":1528344590,"campfire_choices":[{"data":"Disarm","floor":8,"key":"SMITH"},{"floor":15,"key":"REST"}],"path_taken":["M","M","?","?","?","E","?","R","T","M","M","?","E","$","R","BOSS"],"build_version":"2018-05-31","seed_source_timestamp":329409784386711,"purchased_purges":0,"victory":false,"master_deck":["Strike_R","Strike_R","Strike_R","Strike_R","Strike_R","Defend_R+1","Defend_R","Bash","Flex+1","Disarm+1","Normality","Anger","Blood for Blood","Flex","Entrench","Whirlwind"],"max_hp_per_floor":[80,80,80,80,80,80,80,80,80,80,80,80,80,80,80,80],"relics":["Burning Blood","Ancient Tea Set","Mummified Hand","Juzu Bracelet","Shuriken","Boot","Meat on the Bone","War Paint","Potion Belt"],"card_choices":[{"not_picked":["Shrug It Off","Iron Wave"],"picked":"Flex","floor":1},{"not_picked":["Anger","Cleave"],"picked":"Disarm","floor":2},{"not_picked":["Perfected Strike","Brutality"],"picked":"Anger","floor":6},{"not_picked":["Entrench","Warcry"],"picked":"Blood for Blood","floor":10},{"not_picked":["Searing Blow","True Grit"],"picked":"Flex","floor":11},{"not_picked":["Heavy Blade","Warcry"],"picked":"Whirlwind","floor":13}],"player_experience":35688,"potions_floor_usage":[13,16],"damage_taken":[{"damage":14,"enemies":"2 Louse","floor":1,"turns":3},{"damage":11,"enemies":"Jaw Worm","floor":2,"turns":2},{"damage":51,"enemies":"3 Sentries","floor":6,"turns":11},{"damage":4,"enemies":"Cultist","floor":10,"turns":4},{"damage":16,"enemies":"Exordium Wildlife","floor":11,"turns":4},{"damage":5,"enemies":"Gremlin Nob","floor":13,"turns":3},{"damage":36,"enemies":"The Guardian","floor":16,"turns":8}],"relics_obtained":[{"floor":6,"key":"Juzu Bracelet"},{"floor":7,"key":"Shuriken"},{"floor":9,"key":"Boot"},{"floor":13,"key":"Meat on the Bone"}],"event_choices":[{"event_name":"Scrap Ooze","player_choice":"success","floor":3,"damage_taken":3},{"event_name":"Wheel of Change","player_choice":"Gold","floor":4,"damage_taken":0},{"event_name":"Accursed Blacksmith","player_choice":"Rummage","floor":5,"damage_taken":0},{"event_name":"Transmorgrifier","player_choice":"Transform","floor":12,"damage_taken":0}],"boss_relics":[],"items_purged_floors":[],"potions_floor_spawned":[10,13],"seed_played":"-5139331535161001782","killed_by":"The Guardian","ascension_level":0,"potions_obtained":[{"floor":10,"key":"SkillPotion"},{"floor":13,"key":"GamblersBrew"}],"is_trial":false}