{"gold_per_floor":[116,66,79,79,79,110,125,139,139,152,169,169,179,26,26,121,121,135,87,0,0,16,49,49,49,127,127,147,147,166,186,186,291,291,308,13,13,32,32,32,47,47,47,147,147,178,178,193,193,193],"floor_reached":51,"playtime":1304,"items_purged":["Strike_R","Bash"],"score":797,"play_id":"884b0823-e995-49a7-9507-f4f53d8c6645","local_time":"20181218055041","is_ascension_mode":false,"campfire_choices":[{"data":"Anger","floor":12.0,"key":"SMITH"},{"data":"Spot Weakness","floor":15.0,"key":"SMITH"},{"floor":24,"key":"REST"},{"data":"Heavy Blade","floor":27,"key":"SMITH"},{"data":"Thunderclap","floor":29,"key":"SMITH"},{"data":"Inflame","floor":32,"key":"SMITH"},{"data":"Double Tap","floor":40,"key":"SMITH"},{"data":"Rage","floor":42,"key":"SMITH"},{"data":"Clash","floor":47,"key":"SMITH"},{"data":"Clash","floor":49,"key":"SMITH"}],"neow_cost":"NONE","seed_source_timestamp":436426993598227,"circlet_count":0,"master_deck":["Clash+1","Heavy Blade+1","Spot Weakness+1","Thunderclap+1","Clash","Clash+1","Clash+1","Double Tap+1","Rage+1"],"special_seed":0,"relics":["Black Blood","NeowsBlessing","Nunchaku","Paper Frog","Pandora\u0027s Box","Gremlin Horn","Tiny Chest","Brimstone","Pocketwatch","Gambling Chip","Kunai","Lantern"],"potions_floor_usage":[18,33,46,46,48,50],"damage_taken":[{"damage":0.0,"enemies":"Small Slimes","floor":1.0,"turns":1.0},{"damage":0.0,"enemies":"Jaw Worm","floor":3.0,"turns":1.0},{"damage":0.0,"enemies":"3 Sentries","floor":6.0,"turns":1.0},{"damage":6.0,"enemies":"Cultist","floor":7.0,"turns":3.0},{"damage":2.0,"enemies":"3 Louse","floor":8.0,"turns":3.0},{"damage":15.0,"enemies":"Gremlin Gang","floor":10.0,"turns":5.0},{"damage":13.0,"enemies":"Exordium Thugs","floor":11.0,"turns":4.0},{"damage":3.0,"enemies":"Red Slaver","floor":13.0,"turns":2.0},{"damage":37.0,"enemies":"Hexaghost","floor":16.0,"turns":6.0},{"damage":13,"enemies":"3 Byrds","floor":18,"turns":3},{"damage":10,"enemies":"2 Thieves","floor":22,"turns":2},{"damage":36,"enemies":"Gremlin Leader","floor":23,"turns":3},{"damage":10,"enemies":"Cultist and Chosen","floor":28,"turns":2},{"damage":0,"enemies":"Shelled Parasite and Fungi","floor":30,"turns":2},{"damage":0,"enemies":"Chosen and Byrds","floor":31,"turns":2},{"damage":28,"enemies":"Champ","floor":33,"turns":5},{"damage":10,"enemies":"Orb Walker","floor":35,"turns":2},{"damage":14,"enemies":"3 Darklings","floor":38,"turns":3},{"damage":6,"enemies":"Sphere and 2 Shapes","floor":41,"turns":2},{"damage":0,"enemies":"Mind Bloom Boss Battle","floor":44,"turns":2},{"damage":0,"enemies":"Giant Head","floor":46,"turns":4},{"damage":10,"enemies":"Maw","floor":48,"turns":3},{"damage":20,"enemies":"Awakened One","floor":50,"turns":5}],"seed_played":"7154234559953958198","potions_obtained":[{"floor":1.0,"key":"Ancient Potion"},{"floor":7.0,"key":"Poison Potion"},{"floor":10.0,"key":"Ancient Potion"},{"floor":13.0,"key":"SteroidPotion"},{"floor":16.0,"key":"AttackPotion"},{"floor":28,"key":"Ancient Potion"},{"floor":31,"key":"SteroidPotion"},{"floor":35,"key":"EssenceOfSteel"},{"floor":46,"key":"SkillPotion"},{"floor":48,"key":"EssenceOfSteel"}],"is_trial":false,"path_per_floor":["M","?","M","$","?","E","M","M","T","M","M","R","M","$","R","B",null,"M","$","?","?","M","E","R","?","T","R","M","R","M","M","R","B",null,"M","$","?","M","?","R","M","R","T","?","T","E","R","M","R","B",null],"character_chosen":"IRONCLAD","items_purchased":["Spot Weakness","Clash","Brimstone"],"campfire_rested":1,"item_purchase_floors":[14,19,36],"current_hp_per_floor":[80,80,80,80,80,80,80,80,80,71,64,64,67,67,67,36,80,73,73,73,73,69,39,63,63,63,63,59,59,65,71,71,49,80,80,80,80,76,80,80,80,80,80,80,80,80,80,80,80,70],"gold":193,"neow_bonus":"THREE_ENEMY_KILL","is_prod":false,"is_daily":false,"chose_seed":false,"campfire_upgraded":9,"win_rate":0,"timestamp":1545130241,"path_taken":["M","?","M","$","?","E","M","M","T","M","M","R","M","$","R","BOSS","M","$","?","?","?","E","R","?","T","R","M","R","M","?","R","BOSS","M","$","?","?","?","R","?","R","T","?","?","E","R","M","R","BOSS"],"build_version":"2018-12-13","purchased_purges":2,"victory":true,"max_hp_per_floor":[80,80,80,80,80,80,80,80,80,80,80,80,80,80,80,80,80,80,80,80,80,80,80,80,80,80,80,80,80,80,80,80,80,80,80,80,80,80,80,80,80,80,80,80,80,80,80,80,80,80],"card_choices":[{"not_picked":["Second Wind","Perfected Strike"],"picked":"Inflame","floor":1.0},{"not_picked":["Pummel","Wild Strike","Body Slam"],"picked":"SKIP","floor":3.0},{"not_picked":["Pommel Strike","Searing Blow","Metallicize"],"picked":"SKIP","floor":6.0},{"not_picked":["Twin Strike","Heavy Blade"],"picked":"Clash","floor":7.0},{"not_picked":["Immolate","Dual Wield","Sentinel"],"picked":"SKIP","floor":8.0},{"not_picked":["Pommel Strike","Infernal Blade"],"picked":"Anger","floor":10.0},{"not_picked":["Headbutt","Perfected Strike","Second Wind"],"picked":"SKIP","floor":11.0},{"not_picked":["Warcry","Reckless Charge"],"picked":"Heavy Blade","floor":13.0},{"not_picked":["Havoc","Cleave"],"picked":"Thunderclap","floor":18},{"not_picked":["Feel No Pain+1","Body Slam"],"picked":"Clash+1","floor":22},{"not_picked":["Inflame","Berserk","Warcry"],"picked":"SKIP","floor":23},{"not_picked":["Thunderclap+1","Sword Boomerang","Power Through+1"],"picked":"SKIP","floor":28},{"not_picked":["Wild Strike","Sever Soul","Rampage"],"picked":"SKIP","floor":30},{"not_picked":["Reckless Charge","True Grit","Warcry+1"],"picked":"SKIP","floor":31},{"not_picked":["Juggernaut","Reaper"],"picked":"Double Tap","floor":33},{"not_picked":["Ghostly Armor+1","True Grit+1"],"picked":"Rage","floor":35},{"not_picked":["Clothesline+1","Twin Strike+1","Perfected Strike+1"],"picked":"SKIP","floor":38},{"not_picked":["Rupture","Wild Strike","Clothesline+1"],"picked":"SKIP","floor":41},{"not_picked":["Armaments+1","Brutality","True Grit"],"picked":"SKIP","floor":46},{"not_picked":["Intimidate+1","Thunderclap","Rampage"],"picked":"SKIP","floor":48}],"player_experience":322200,"relics_obtained":[{"floor":6.0,"key":"Nunchaku"},{"floor":9.0,"key":"Paper Frog"},{"floor":23,"key":"Gremlin Horn"},{"floor":26,"key":"Tiny Chest"},{"floor":43,"key":"Pocketwatch"},{"floor":44,"key":"Gambling Chip"},{"floor":45,"key":"Kunai"},{"floor":46,"key":"Lantern"}],"event_choices":[{"cards_removed":["Defend_R"],"damage_healed":0.0,"max_hp_gain":0.0,"max_hp_loss":0.0,"gold_gain":0.0,"event_name":"The Cleric","player_choice":"Card Removal","floor":2.0,"gold_loss":50.0,"damage_taken":0.0},{"cards_removed":["Strike_R"],"damage_healed":0.0,"max_hp_gain":0.0,"max_hp_loss":0.0,"gold_gain":0.0,"event_name":"Living Wall","player_choice":"Forget","floor":5.0,"gold_loss":0.0,"damage_taken":0.0},{"damage_healed":0,"gold_gain":0,"player_choice":"Paid Fearfully","damage_taken":0,"max_hp_gain":0,"max_hp_loss":0,"event_name":"Masked Bandits","floor":20,"gold_loss":87},{"damage_healed":0,"gold_gain":0,"player_choice":"Copied","damage_taken":0,"max_hp_gain":0,"max_hp_loss":0,"event_name":"Duplicator","floor":21,"gold_loss":0,"cards_obtained":["Clash"]},{"damage_healed":0,"gold_gain":0,"player_choice":"Ignored","damage_taken":0,"max_hp_gain":0,"max_hp_loss":0,"event_name":"NoteForYourself","floor":25,"gold_loss":0},{"cards_removed":["Anger"],"damage_healed":0,"gold_gain":0,"player_choice":"Card Removal","damage_taken":0,"max_hp_gain":0,"max_hp_loss":0,"event_name":"Wheel of Change","floor":37,"gold_loss":0},{"cards_removed":["Inflame"],"damage_healed":4,"gold_gain":0,"player_choice":"Offered Uncommon","damage_taken":0,"max_hp_gain":0,"max_hp_loss":0,"event_name":"Bonfire Elementals","floor":39,"gold_loss":0},{"damage_healed":0,"gold_gain":0,"player_choice":"Fight","damage_taken":0,"max_hp_gain":0,"max_hp_loss":0,"event_name":"MindBloom","floor":44,"gold_loss":0}],"is_beta":false,"boss_relics":[{"not_picked":["Philosopher\u0027s Stone","Velvet Choker"],"picked":"Pandora\u0027s Box"},{"not_picked":["Runic Pyramid","Tiny House"],"picked":"Black Blood"}],"items_purged_floors":[14,36],"is_endless":false,"potions_floor_spawned":[1,7,10,13,16,28,31,35,41,46,48],"ascension_level":0}