{"path_per_floor":["M","?","$","?","?","E","R","M","T","M","$","R","E","M","R","B",null,"M","M","M","M","M","E","R","E","T","R","$","R","?","M","R","B",null,"M","$","M","?","M","R","E","M","T","E","M","M","M","M","R","B"],"character_chosen":"THE_SILENT","items_purchased":["Infinite Blades","Adrenaline","Kunai","War Paint"],"gold_per_floor":[118,293,19,19,19,50,50,69,121,141,41,41,72,82,82,183,183,195,210,228,242,252,280,280,315,315,315,58,58,58,72,72,171,171,183,35,45,45,55,55,84,104,104,131,146,165,179,192,192,192],"floor_reached":51,"campfire_rested":1,"playtime":5956,"item_purchase_floors":[3,3,28,36],"current_hp_per_floor":[70,70,70,70,70,39,39,38,45,45,45,45,49,49,49,33,87,87,87,87,81,76,66,66,35,35,35,35,35,35,25,25,20,87,87,87,80,80,80,80,80,79,79,79,71,48,50,24,50,5],"items_purged":["Doubt","Defend_G"],"gold":192,"score":811,"play_id":"a0287c43-b14b-4f7d-92c7-3cf13116f94e","local_time":"20180618031037","is_prod":false,"is_daily":false,"chose_seed":false,"is_ascension_mode":false,"campfire_upgraded":8,"win_rate":0,"timestamp":1529316637,"campfire_choices":[{"data":"Flying Knee","floor":7,"key":"SMITH"},{"data":"Tools of the Trade","floor":12,"key":"SMITH"},{"data":"Underhanded Strike","floor":15,"key":"SMITH"},{"data":"Terror","floor":24,"key":"SMITH"},{"data":"Bullet Time","floor":27,"key":"SMITH"},{"data":"Adrenaline","floor":29,"key":"SMITH"},{"data":"Adrenaline","floor":32,"key":"SMITH"},{"data":"After Image","floor":40,"key":"SMITH"},{"floor":49,"key":"REST"}],"path_taken":["M","?","$","?","?","E","R","M","T","M","$","R","E","M","R","BOSS","M","M","M","M","M","E","R","E","T","R","?","R","?","M","R","BOSS","M","$","M","?","M","R","E","M","T","E","M","M","M","M","R","BOSS"],"build_version":"2018-06-14v2","seed_source_timestamp":4554578276919,"purchased_purges":2,"victory":true,"master_deck":["Defend_G","Defend_G","Strike_G","Strike_G","Strike_G","Survivor+1","Neutralize","Flying Knee+1","Infinite Blades+1","Adrenaline+1","Tools of the Trade+1","Acrobatics","Underhanded Strike+1","Dagger Throw","Slice","Adrenaline+1","Noxious Fumes+1","Tools of the Trade+1","Prepared+1","Underhanded Strike","Malaise","Terror+1","Blade Dance+1","Malaise+1","Underhanded Strike+1","Bullet Time+1","Dash+1","After Image+1","Dagger Spray+1","Dagger Spray","Quick Slash","Choke+1","Endless Agony+1","Choke","Choke","Outmaneuver","Burst"],"max_hp_per_floor":[70,70,70,70,70,70,70,70,77,77,77,77,87,87,87,87,87,87,87,87,87,87,87,87,87,87,87,87,87,87,87,87,87,87,87,87,87,87,87,87,87,87,87,87,87,87,87,87,87,87],"relics":["Ring of the Snake","Anchor","Strawberry","Pear","Astrolabe","Snake Skull","Juzu Bracelet","Tough Bandages","Kunai","Sozu","War Paint","Pantograph","Letter Opener","Blood Vial"],"card_choices":[{"not_picked":["Backflip","Choke"],"picked":"Flying Knee","floor":1},{"not_picked":["Backflip","Bane"],"picked":"Tools of the Trade","floor":6},{"not_picked":["Dash","Masterful Stab"],"picked":"Acrobatics","floor":8},{"not_picked":["Cloak And Dagger","Distraction"],"picked":"Underhanded Strike","floor":10},{"not_picked":["Deadly Poison","Deflect"],"picked":"Dagger Throw","floor":13},{"not_picked":["Poisoned Stab","Envenom"],"picked":"Slice","floor":14},{"not_picked":["Glass Knife","After Image"],"picked":"Adrenaline","floor":16},{"not_picked":["Bane","Slice"],"picked":"Underhanded Strike","floor":18},{"not_picked":["Skewer","Crippling Poison"],"picked":"Malaise","floor":19},{"not_picked":["Outmaneuver","Distraction+1"],"picked":"Terror","floor":20},{"not_picked":["Backflip","Poisoned Stab"],"picked":"Blade Dance","floor":21},{"not_picked":["Leg Sweep","Heel Hook"],"picked":"Malaise+1","floor":22},{"not_picked":["Endless Agony","Poisoned Stab"],"picked":"Underhanded Strike+1","floor":23},{"not_picked":["Backstab","Malaise"],"picked":"Bullet Time","floor":25},{"not_picked":["Bane","Dagger Throw"],"picked":"Dash+1","floor":31},{"not_picked":["Envenom","Die Die Die"],"picked":"After Image","floor":33},{"not_picked":["Footwork+1","Flying Knee"],"picked":"Dagger Spray+1","floor":35},{"not_picked":["Poisoned Stab+1","Dash"],"picked":"Dagger Spray","floor":37},{"not_picked":["Poisoned Stab+1","Dagger Spray+1"],"picked":"Quick Slash","floor":39},{"not_picked":["Sucker Punch","After Image"],"picked":"Choke+1","floor":41},{"not_picked":["Acrobatics+1","Deflect"],"picked":"Endless Agony+1","floor":42},{"not_picked":["PiercingWail","Endless Agony"],"picked":"Choke","floor":44},{"not_picked":["Underhanded Strike+1","Prepared+1"],"picked":"Choke","floor":45},{"not_picked":["Crippling Poison","Dagger Throw"],"picked":"Outmaneuver","floor":46},{"not_picked":["Acrobatics","Deflect"],"picked":"Burst","floor":47},{"not_picked":["Malaise","Sucker Punch","PiercingWail+1"],"picked":"SKIP","floor":48}],"player_experience":85281,"potions_floor_usage":[20,25,50,50],"damage_taken":[{"damage":0,"enemies":"Small Slimes","floor":1,"turns":4},{"damage":31,"enemies":"Lagavulin","floor":6,"turns":9},{"damage":1,"enemies":"2 Louse","floor":8,"turns":3},{"damage":0,"enemies":"Cultist","floor":10,"turns":3},{"damage":6,"enemies":"3 Sentries","floor":13,"turns":7},{"damage":0,"enemies":"Exordium Thugs","floor":14,"turns":3},{"damage":16,"enemies":"Slime Boss","floor":16,"turns":10},{"damage":0,"enemies":"Spheric Guardian","floor":18,"turns":3},{"damage":0,"enemies":"Chosen","floor":19,"turns":3},{"damage":0,"enemies":"Centurion and Healer","floor":20,"turns":4},{"damage":6,"enemies":"Snake Plant","floor":21,"turns":5},{"damage":5,"enemies":"Snecko","floor":22,"turns":4},{"damage":10,"enemies":"Book of Stabbing","floor":23,"turns":6},{"damage":31,"enemies":"Slavers","floor":25,"turns":5},{"damage":10,"enemies":"3 Cultists","floor":31,"turns":5},{"damage":5,"enemies":"Automaton","floor":33,"turns":9},{"damage":0,"enemies":"Orb Walker","floor":35,"turns":4},{"damage":7,"enemies":"3 Shapes","floor":37,"turns":4},{"damage":0,"enemies":"Maw","floor":39,"turns":6},{"damage":0,"enemies":"Nemesis","floor":41,"turns":5},{"damage":1,"enemies":"Sphere and 2 Shapes","floor":42,"turns":3},{"damage":0,"enemies":"2 Orb Walkers","floor":44,"turns":4},{"damage":10,"enemies":"4 Shapes","floor":45,"turns":3},{"damage":25,"enemies":"3 Darklings","floor":46,"turns":5},{"damage":0,"enemies":"Maw","floor":47,"turns":5},{"damage":28,"enemies":"4 Shapes","floor":48,"turns":4},{"damage":72,"enemies":"Awakened One","floor":50,"turns":12}],"relics_obtained":[{"floor":6,"key":"Anchor"},{"floor":9,"key":"Strawberry"},{"floor":13,"key":"Pear"},{"floor":23,"key":"Snake Skull"},{"floor":25,"key":"Juzu Bracelet"},{"floor":26,"key":"Tough Bandages"},{"floor":41,"key":"Pantograph"},{"floor":43,"key":"Letter Opener"},{"floor":44,"key":"Blood Vial"}],"event_choices":[{"event_name":"Liars Game","player_choice":"agreed","floor":2,"damage_taken":0},{"event_name":"Living Wall","player_choice":"Grow","floor":4,"damage_taken":0},{"event_name":"Purifier","player_choice":"One Purge","floor":5,"damage_taken":0},{"event_name":"Vampires","player_choice":"Ignored","floor":30,"damage_taken":0},{"event_name":"SecretPortal","player_choice":"Rejected Portal.","floor":38,"damage_taken":0}],"boss_relics":[{"not_picked":["Fusion Hammer","Tiny House"],"picked":"Astrolabe"},{"not_picked":["Velvet Choker","Calling Bell"],"picked":"Sozu"}],"items_purged_floors":[3,11],"is_endless":false,"potions_floor_spawned":[6,8,10,16,19,22,23,31,41,44,46,47,48],"seed_played":"6060409960577088966","ascension_level":0,"potions_obtained":[{"floor":6,"key":"Swift Potion"},{"floor":8,"key":"LiquidBronze"},{"floor":10,"key":"FearPotion"},{"floor":22,"key":"SmokeBomb"},{"floor":23,"key":"Dexterity Potion"},{"floor":31,"key":"FearPotion"}],"is_trial":false}