{"gold_per_floor":[110,185,196,211,222,222,252,262,285,320,352,372,372,387,387,461,461,471,61,79,93,106,106],"floor_reached":23,"playtime":1502,"items_purged":[],"score":401,"play_id":"14cf8974-2cdd-4a99-b7d0-52596a02163b","local_time":"20190223045945","is_ascension_mode":true,"campfire_choices":[{"data":"Zap","floor":6.0,"key":"SMITH"},{"data":"Defragment","floor":13.0,"key":"SMITH"},{"floor":15.0,"key":"REST"}],"neow_cost":"TEN_PERCENT_HP_LOSS","seed_source_timestamp":281654392616519,"circlet_count":0,"master_deck":["AscendersBane","Zap+1","Dualcast","Rebound","Steam","Capacitor","Cold Snap","Streamline","Sunder","Defragment","Consume","Defragment+1","Steam","Cold Snap","Creative AI","Biased Cognition","Static Discharge","Auto Shields","Glacier","Steam","Redo","Darkness","Chaos","Coolheaded","Heatsinks","Auto Shields","Stack","Sweeping Beam"],"special_seed":0,"relics":["Cracked Core","WingedGreaves","Dream Catcher","Art of War","Regal Pillow","Strawberry","Pandora\u0027s Box","Mummified Hand"],"potions_floor_usage":[23,23],"damage_taken":[{"damage":1.0,"enemies":"Cultist","floor":1.0,"turns":3.0},{"damage":0.0,"enemies":"Small Slimes","floor":3.0,"turns":2.0},{"damage":2.0,"enemies":"Jaw Worm","floor":4.0,"turns":3.0},{"damage":12.0,"enemies":"3 Louse","floor":5.0,"turns":4.0},{"damage":11.0,"enemies":"3 Sentries","floor":7.0,"turns":9.0},{"damage":5.0,"enemies":"Blue Slaver","floor":8.0,"turns":4.0},{"damage":13.0,"enemies":"Lagavulin","floor":10.0,"turns":6.0},{"damage":4.0,"enemies":"3 Sentries","floor":11.0,"turns":5.0},{"damage":0.0,"enemies":"Looter","floor":12.0,"turns":2.0},{"damage":1.0,"enemies":"2 Fungi Beasts","floor":14.0,"turns":3.0},{"damage":19.0,"enemies":"Hexaghost","floor":16.0,"turns":10.0},{"damage":14.0,"enemies":"3 Byrds","floor":18.0,"turns":4.0},{"damage":9.0,"enemies":"Spheric Guardian","floor":20.0,"turns":3.0},{"damage":7.0,"enemies":"Snecko","floor":21.0,"turns":8.0},{"damage":7.0,"enemies":"Centurion and Healer","floor":22.0,"turns":7.0},{"damage":37,"enemies":"Slavers","floor":23,"turns":3}],"seed_played":"-8681045104250066848","potions_obtained":[{"floor":4.0,"key":"Ancient Potion"},{"floor":5.0,"key":"SkillPotion"},{"floor":10.0,"key":"PowerPotion"},{"floor":14.0,"key":"AttackPotion"},{"floor":16.0,"key":"EssenceOfSteel"},{"floor":20.0,"key":"Dexterity Potion"}],"is_trial":false,"path_per_floor":["M","?","M","M","M","R","E","M","T","E","E","M","R","M","R","B",null,"M","$","M","M","M","E"],"character_chosen":"DEFECT","items_purchased":["Mummified Hand","Heatsinks","Auto Shields"],"campfire_rested":1,"item_purchase_floors":[19,19,19],"current_hp_per_floor":[63,52,52,50,38,38,27,22,22,9,12,12,12,11,47,28,60,46,46,37,30,23,0],"gold":106,"neow_bonus":"ONE_RARE_RELIC","is_prod":false,"is_daily":false,"chose_seed":false,"campfire_upgraded":2,"win_rate":0,"timestamp":1550915985,"path_taken":["M","?","M","M","M","R","E","M","T","E","E","M","R","M","R","BOSS","M","$","M","M","M","E"],"build_version":"2019-01-23","purchased_purges":0,"victory":false,"max_hp_per_floor":[64,64,64,64,64,64,64,64,64,64,71,71,71,71,71,71,71,71,71,71,71,71,71],"card_choices":[{"not_picked":["Gash","Hologram"],"picked":"Rebound","floor":1.0},{"not_picked":["Double Energy","Tempest"],"picked":"Steam","floor":3.0},{"not_picked":["Hello World","Rebound"],"picked":"Capacitor","floor":4.0},{"not_picked":["Chaos","Aggregate"],"picked":"Cold Snap","floor":5.0},{"not_picked":["Tempest","Darkness"],"picked":"Streamline","floor":7.0},{"not_picked":["Chaos","Storm"],"picked":"Sunder","floor":8.0},{"not_picked":["All For One","FTL"],"picked":"Defragment","floor":10.0},{"not_picked":["Sweeping Beam","Streamline"],"picked":"Consume","floor":11.0},{"not_picked":["Hologram","Go for the Eyes"],"picked":"Defragment","floor":12.0},{"not_picked":["Compile Driver","Doom and Gloom"],"picked":"Steam","floor":14.0},{"not_picked":["Rebound","Gash"],"picked":"Cold Snap","floor":15.0},{"not_picked":["Amplify","Hyperbeam"],"picked":"Creative AI","floor":16.0},{"not_picked":["Beam Cell","Blizzard"],"picked":"Coolheaded","floor":18.0},{"not_picked":["Reprogram","Gash"],"picked":"Stack","floor":20.0},{"not_picked":["Beam Cell","Redo"],"picked":"Sweeping Beam","floor":21.0},{"not_picked":["Turbo","Consume","Gash"],"picked":"SKIP","floor":22.0}],"player_experience":548579,"relics_obtained":[{"floor":7.0,"key":"Dream Catcher"},{"floor":9.0,"key":"Art of War"},{"floor":10.0,"key":"Regal Pillow"},{"floor":11.0,"key":"Strawberry"}],"event_choices":[{"damage_healed":0.0,"max_hp_gain":0.0,"max_hp_loss":0.0,"gold_gain":75.0,"event_name":"World of Goop","player_choice":"Gather Gold","floor":2.0,"gold_loss":0.0,"damage_taken":11.0}],"is_beta":false,"boss_relics":[{"not_picked":["Calling Bell","Runic Dome"],"picked":"Pandora\u0027s Box"}],"items_purged_floors":[],"is_endless":false,"potions_floor_spawned":[4,5,10,14,16,20,22],"killed_by":"Slavers","ascension_level":17}