{"path_per_floor":["M","?","M","M","?","R","$","R","T","M","M","?","M","?","R","B",null,"M","T","?","?","M","R","M","$","T","R","M","R","E","?","R"],"character_chosen":"IRONCLAD","items_purchased":["Flex","Whirlwind"],"gold_per_floor":[119,119,137,153,103,103,58,58,58,75,95,95,114,94,94,194,194,208,261,261,186,199,199,209,65,65,65,83,83,110,110,110],"floor_reached":33,"campfire_rested":1,"playtime":636,"current_hp_per_floor":[80,80,80,75,75,75,75,75,75,71,56,56,56,56,56,8,80,70,70,70,70,68,68,43,43,43,43,41,41,39,39,63],"items_purged":["Defend_R"],"gold":110,"score":255,"play_id":"720b9967-632f-416e-a9f9-d1cd7641be20","local_time":"20180318163118","is_prod":false,"is_daily":false,"is_ascension_mode":false,"campfire_upgraded":6,"timestamp":1521358278,"path_taken":["M","?","M","?","?","R","?","R","T","M","M","?","?","?","R","BOSS","M","?","?","?","M","R","M","?","T","R","?","R","E","?","R","BOSS"],"build_version":"2018-03-15v3","purchased_purges":1,"victory":false,"master_deck":["Strike_R","Strike_R","Strike_R","Strike_R","Bash","Sword Boomerang+1","Thunderclap+1","Pommel Strike+1","Flex+1","Clash+1","Double Tap+1","Whirlwind+1","Heavy Blade+1"],"max_hp_per_floor":[80,80,80,80,80,80,80,80,80,80,80,80,80,80,80,80,80,80,80,80,80,80,80,80,80,80,80,80,80,80,80,80],"relics":["Black Blood","Omamori","Lantern","Molten Egg 2","Toolbox"],"card_choices":[{"not_picked":["Wild Strike","True Grit"],"picked":"Sword Boomerang"},{"not_picked":["Headbutt","Clothesline"],"picked":"Thunderclap"},{"not_picked":["Twin Strike","Sword Boomerang"],"picked":"Pommel Strike"},{"not_picked":["Shrug It Off","Pommel Strike"],"picked":"Clash"},{"not_picked":["Impervious","Dark Embrace"],"picked":"Double Tap"},{"not_picked":["Intimidate","Anger"],"picked":"Heavy Blade"}],"player_experience":315278,"potions_floor_usage":[16,30,33],"damage_taken":[{"damage":3,"enemies":"Small Slimes","floor":1,"turns":4},{"damage":6,"enemies":"Cultist","floor":3,"turns":3},{"damage":11,"enemies":"Jaw Worm","floor":4,"turns":2},{"damage":10,"enemies":"Looter","floor":10,"turns":2},{"damage":21,"enemies":"Exordium Thugs","floor":11,"turns":3},{"damage":6,"enemies":"2 Fungi Beasts","floor":13,"turns":2},{"damage":54,"enemies":"Hexaghost","floor":16,"turns":6},{"damage":20,"enemies":"2 Thieves","floor":18,"turns":2},{"damage":12,"enemies":"Shell Parasite","floor":22,"turns":2},{"damage":35,"enemies":"Snecko","floor":24,"turns":5},{"damage":12,"enemies":"Centurion and Healer","floor":28,"turns":3},{"damage":12,"enemies":"Gremlin Leader","floor":30,"turns":3},{"damage":63,"enemies":"Collector","floor":33,"turns":5}],"event_choices":[{"event_name":"Living Wall","player_choice":"Forget","floor":2,"damage_taken":0},{"event_name":"The Cleric","player_choice":"Card Removal","floor":5,"damage_taken":0},{"event_name":"Liars Game","player_choice":"disagreed","floor":12,"damage_taken":0},{"event_name":"The Woman in Blue","player_choice":"Bought 1 Potion","floor":14,"damage_taken":0},{"event_name":"Accursed Blacksmith","player_choice":"Forge","floor":20,"damage_taken":0},{"event_name":"Beggar","player_choice":"Gave Gold","floor":21,"damage_taken":0},{"event_name":"Back to Basics","player_choice":"Elegance","floor":31,"damage_taken":0}],"boss_relics":[{"not_picked":["Runic Pyramid","Runic Cube"],"picked":"Black Blood"}],"potions_floor_spawned":[10,11,16,22],"seed_played":"-4858346437477918598","killed_by":"Collector","ascension_level":0,"is_trial":false}