{"gold_per_floor":[14,33,50,15,15,15,77,77,77,77,77,94,108,133,133,209,209,223,238,238,163,180,215,215,53,53,88,88],"floor_reached":28,"playtime":844,"items_purged":["Defend_B"],"score":537,"play_id":"0973a04e-cd82-466c-ad0e-209f158c5a91","local_time":"20190223223953","is_ascension_mode":true,"campfire_choices":[{"data":"Static Discharge","floor":6,"key":"SMITH"},{"data":"Static Discharge","floor":8,"key":"SMITH"},{"floor":11,"key":"REST"},{"data":"Static Discharge","floor":15,"key":"SMITH"},{"floor":24,"key":"REST"}],"neow_cost":"NO_GOLD","seed_source_timestamp":1514320256693500,"circlet_count":0,"master_deck":["AscendersBane","Strike_B+1","Defend_B","Defend_B","Defend_B","Zap","Dualcast","Static Discharge+1","Static Discharge+1","Static Discharge+1","Sweeping Beam+1","Consume+1","Auto Shields","Conserve Battery","Defragment","Creative AI","Reboot","Consume","Cold Snap+1","Static Discharge","Machine Learning","Double Energy","Static Discharge"],"relics":["Cracked Core","FossilizedHelix","Lantern","Mercury Hourglass","Orrery","Whetstone","Turnip","Ornamental Fan"],"potions_floor_usage":[16],"damage_taken":[{"damage":4,"enemies":"Jaw Worm","floor":1,"turns":4},{"damage":3,"enemies":"Small Slimes","floor":2,"turns":4},{"damage":10,"enemies":"2 Louse","floor":3,"turns":2},{"damage":32,"enemies":"Gremlin Nob","floor":7,"turns":4},{"damage":6,"enemies":"2 Fungi Beasts","floor":12,"turns":2},{"damage":2,"enemies":"Large Slime","floor":13,"turns":4},{"damage":2,"enemies":"Lagavulin","floor":14,"turns":6},{"damage":18,"enemies":"Hexaghost","floor":16,"turns":4},{"damage":11,"enemies":"Spheric Guardian","floor":18,"turns":4},{"damage":20,"enemies":"Chosen","floor":19,"turns":4},{"damage":11,"enemies":"Snake Plant","floor":22,"turns":2},{"damage":25,"enemies":"Slavers","floor":23,"turns":4},{"damage":24,"enemies":"Book of Stabbing","floor":27,"turns":3},{"damage":27,"enemies":"Snecko","floor":28,"turns":4}],"seed_played":"-7914639583555897280","potions_obtained":[{"floor":2,"key":"Strength Potion"},{"floor":13,"key":"LiquidBronze"},{"floor":14,"key":"SneckoOil"},{"floor":16,"key":"Dexterity Potion"}],"is_trial":false,"path_per_floor":["M","M","M","?","?","R","?","R","T","?","R","M","M","E","R","B",null,"M","M","?","?","M","E","R","$","T","E","M"],"character_chosen":"DEFECT","items_purchased":["Double Energy"],"campfire_rested":2,"item_purchase_floors":[25],"current_hp_per_floor":[60,57,47,64,69,69,37,37,37,14,36,30,28,26,26,8,59,48,28,43,43,32,7,29,29,29,5,0],"gold":88,"neow_bonus":"TRANSFORM_TWO_CARDS","is_prod":false,"is_daily":false,"chose_seed":false,"campfire_upgraded":3,"win_rate":0,"timestamp":1550990393,"path_taken":["M","M","M","?","?","R","?","R","T","?","R","M","M","E","R","BOSS","M","M","?","?","M","E","R","$","T","E","M"],"build_version":"2019-01-23","purchased_purges":1,"victory":false,"max_hp_per_floor":[71,71,71,71,76,76,76,76,76,76,76,76,76,76,76,76,76,76,76,76,76,76,76,76,76,76,76,76],"card_choices":[{"not_picked":["Beam Cell","Redo"],"picked":"Static Discharge","floor":1},{"not_picked":["Hologram","Compile Driver"],"picked":"Sweeping Beam","floor":2},{"not_picked":["Turbo","Compile Driver"],"picked":"Consume","floor":3},{"not_picked":["Leap","Compile Driver"],"picked":"Auto Shields","floor":7},{"not_picked":["Steam","Hologram"],"picked":"Conserve Battery","floor":12},{"not_picked":["Streamline","Barrage","Sweeping Beam"],"picked":"SKIP","floor":13},{"not_picked":["Go for the Eyes","Cold Snap"],"picked":"Defragment","floor":14},{"not_picked":["Multi-Cast","Reboot"],"picked":"Creative AI","floor":16},{"not_picked":["Coolheaded","Redo"],"picked":"Reboot","floor":17},{"not_picked":["Turbo","Blizzard"],"picked":"Consume","floor":17},{"not_picked":["Compile Driver","Go for the Eyes"],"picked":"Cold Snap","floor":17},{"not_picked":["Cold Snap","Scrape","Chaos"],"picked":"SKIP","floor":18},{"not_picked":["Leap","Coolheaded"],"picked":"Static Discharge","floor":19},{"not_picked":["Coolheaded","Fusion","Streamline+1"],"picked":"SKIP","floor":22},{"not_picked":["All For One","Conserve Battery"],"picked":"Machine Learning","floor":23},{"not_picked":["Lockon","Coolheaded+1"],"picked":"Static Discharge","floor":27}],"player_experience":760466,"relics_obtained":[{"floor":7,"key":"FossilizedHelix"},{"floor":9,"key":"Lantern"},{"floor":14,"key":"Mercury Hourglass"},{"floor":23,"key":"Whetstone"},{"floor":26,"key":"Turnip"},{"floor":27,"key":"Ornamental Fan"}],"event_choices":[{"damage_healed":17,"gold_gain":0,"player_choice":"Healed","damage_taken":0,"max_hp_gain":0,"max_hp_loss":0,"event_name":"The Cleric","floor":4,"gold_loss":35},{"damage_healed":0,"gold_gain":0,"player_choice":"Donut","damage_taken":0,"max_hp_gain":5,"max_hp_loss":0,"event_name":"Big Fish","floor":5,"gold_loss":0},{"damage_healed":0,"gold_gain":0,"player_choice":"Searched \u00271\u0027 times","damage_taken":0,"max_hp_gain":0,"max_hp_loss":0,"event_name":"Dead Adventurer","floor":7,"gold_loss":0},{"damage_healed":0,"gold_gain":0,"player_choice":"Entered Light","damage_taken":23,"max_hp_gain":0,"max_hp_loss":0,"event_name":"Shining Light","floor":10,"gold_loss":0,"cards_upgraded":["Strike_B","Consume"]},{"damage_healed":15,"gold_gain":0,"player_choice":"Heal","damage_taken":0,"max_hp_gain":0,"max_hp_loss":0,"event_name":"The Library","floor":20,"gold_loss":0},{"cards_removed":["Strike_B"],"damage_healed":0,"gold_gain":0,"player_choice":"Gave Gold","damage_taken":0,"max_hp_gain":0,"max_hp_loss":0,"event_name":"Beggar","floor":21,"gold_loss":75}],"is_beta":false,"boss_relics":[{"not_picked":["Coffee Dripper","Runic Dome"],"picked":"Orrery"}],"items_purged_floors":[25],"is_endless":false,"potions_floor_spawned":[2,13,14,16],"killed_by":"Snecko","ascension_level":20}