{"gold_per_floor":[114,126,76,76,76,106,106,137,137,172,185,185,200,35,35,35],"floor_reached":16,"playtime":557,"items_purged":["Strike_R"],"score":243,"play_id":"f5e03cf8-c7a8-4a9a-b6b2-9d6d4d5f1ebe","local_time":"20190216071715","is_ascension_mode":true,"campfire_choices":[{"data":"Body Slam","floor":7.0,"key":"SMITH"},{"data":"True Grit","floor":12.0,"key":"SMITH"},{"data":"True Grit","floor":15.0,"key":"SMITH"}],"neow_cost":"NONE","seed_source_timestamp":31389387078327,"circlet_count":0,"master_deck":["AscendersBane","Strike_R","Strike_R","Strike_R","Defend_R","Defend_R","Defend_R","Bash","True Grit+1","Body Slam+1","Hemokinesis","Whirlwind","Barricade","True Grit+1","Dual Wield","Metallicize","Headbutt"],"special_seed":0,"relics":["Burning Blood","NeowsBlessing","Ornamental Fan","Anchor","Self Forming Clay","Bronze Scales"],"potions_floor_usage":[16],"damage_taken":[{"damage":0.0,"enemies":"2 Louse","floor":1.0,"turns":1.0},{"damage":0.0,"enemies":"Small Slimes","floor":2.0,"turns":1.0},{"damage":0.0,"enemies":"3 Sentries","floor":6.0,"turns":2.0},{"damage":54.0,"enemies":"Lagavulin","floor":8.0,"turns":7.0},{"damage":19.0,"enemies":"3 Sentries","floor":10.0,"turns":11.0},{"damage":6.0,"enemies":"Cultist","floor":11.0,"turns":5.0},{"damage":0.0,"enemies":"3 Louse","floor":13.0,"turns":2.0},{"damage":36,"enemies":"Slime Boss","floor":16,"turns":4}],"seed_played":"-7687161772210963899","potions_obtained":[{"floor":2.0,"key":"SpeedPotion"},{"floor":8.0,"key":"Weak Potion"},{"floor":10.0,"key":"SteroidPotion"},{"floor":11.0,"key":"Dexterity Potion"}],"is_trial":false,"path_per_floor":["M","M","?","?","?","E","R","E","T","E","M","R","M","$","R","B"],"character_chosen":"IRONCLAD","items_purchased":["Metallicize","Headbutt"],"campfire_rested":0,"item_purchase_floors":[14,14],"current_hp_per_floor":[74,75,75,75,68,74,74,26,26,13,13,13,19,19,19,0],"gold":35,"neow_bonus":"THREE_ENEMY_KILL","is_prod":false,"is_daily":false,"chose_seed":false,"campfire_upgraded":3,"win_rate":0,"timestamp":1550319435,"path_taken":["M","M","?","?","?","E","R","E","T","E","?","R","M","$","R","BOSS"],"build_version":"2019-01-23","purchased_purges":1,"victory":false,"max_hp_per_floor":[75,75,75,75,75,75,75,75,75,75,75,75,75,75,75,75],"card_choices":[{"not_picked":["Heavy Blade","Wild Strike"],"picked":"True Grit","floor":1.0},{"not_picked":["Shrug It Off","Disarm"],"picked":"Body Slam","floor":2.0},{"not_picked":["Anger","Spot Weakness"],"picked":"Whirlwind","floor":6.0},{"not_picked":["Feel No Pain","Clash"],"picked":"Barricade","floor":8.0},{"not_picked":["Clothesline","Whirlwind","Combust"],"picked":"SKIP","floor":10.0},{"not_picked":["Headbutt","Sword Boomerang"],"picked":"True Grit","floor":11.0},{"not_picked":["Warcry","Blood for Blood"],"picked":"Dual Wield","floor":13.0}],"player_experience":439411,"relics_obtained":[{"floor":6.0,"key":"Ornamental Fan"},{"floor":8.0,"key":"Anchor"},{"floor":9.0,"key":"Self Forming Clay"},{"floor":10.0,"key":"Bronze Scales"}],"event_choices":[{"cards_removed":["Defend_R"],"damage_healed":0.0,"max_hp_gain":0.0,"max_hp_loss":0.0,"gold_gain":0.0,"event_name":"The Cleric","player_choice":"Card Removal","floor":3.0,"gold_loss":50.0,"damage_taken":0.0},{"damage_healed":0.0,"max_hp_gain":0.0,"max_hp_loss":0.0,"gold_gain":0.0,"cards_transformed":["Strike_R"],"event_name":"Living Wall","player_choice":"Change","floor":4.0,"gold_loss":0.0,"damage_taken":0.0,"cards_obtained":["Hemokinesis"]},{"damage_healed":0.0,"max_hp_gain":0.0,"max_hp_loss":0.0,"gold_gain":0.0,"event_name":"Wheel of Change","player_choice":"Damaged","floor":5.0,"gold_loss":0.0,"damage_taken":7.0}],"is_beta":false,"boss_relics":[],"items_purged_floors":[14],"is_endless":false,"potions_floor_spawned":[2,8,10,11],"killed_by":"Slime Boss","ascension_level":14}