{"gold_per_floor":[118,118,134,134,152,183,183,217,272,272,272,272,286,306,306,306],"floor_reached":16,"playtime":771,"items_purged":[],"score":121,"play_id":"eb12f9a7-80a2-4b4a-8dc3-05eb605dfffb","local_time":"20190303094317","is_ascension_mode":true,"campfire_choices":[{"floor":7,"key":"REST"},{"floor":10,"key":"REST"},{"data":"Storm of Steel","floor":12,"key":"SMITH"},{"data":"Infinite Blades","floor":15,"key":"SMITH"}],"neow_cost":"NONE","seed_source_timestamp":1525966370550318,"circlet_count":0,"master_deck":["Defend_G","Defend_G","Defend_G","Defend_G","Strike_G","Strike_G","Strike_G","Strike_G","Survivor","Neutralize","Forethought","Endless Agony","All Out Attack","Bouncing Flask","Blade Dance","Finisher","Distraction","Storm of Steel+1","Infinite Blades+1"],"relics":["Ring of the Snake","Calipers","PreservedInsect","Shuriken"],"potions_floor_usage":[6,16],"damage_taken":[{"damage":10,"enemies":"Jaw Worm","floor":1,"turns":7},{"damage":1,"enemies":"Cultist","floor":3,"turns":3},{"damage":6,"enemies":"2 Louse","floor":5,"turns":2},{"damage":34,"enemies":"Gremlin Nob","floor":6,"turns":6},{"damage":26,"enemies":"Lagavulin","floor":8,"turns":4},{"damage":8,"enemies":"Exordium Thugs","floor":13,"turns":2},{"damage":5,"enemies":"Blue Slaver","floor":14,"turns":2},{"damage":24,"enemies":"Slime Boss","floor":16,"turns":6}],"seed_played":"5217952175288777416","potions_obtained":[{"floor":1,"key":"GhostInAJar"},{"floor":5,"key":"Explosive Potion"},{"floor":8,"key":"Dexterity Potion"}],"is_trial":false,"path_per_floor":["M","?","M","T","M","E","R","E","T","R","?","R","M","M","R","B"],"character_chosen":"THE_SILENT","items_purchased":[],"campfire_rested":2,"item_purchase_floors":[],"current_hp_per_floor":[60,60,59,59,53,19,40,14,14,35,35,35,27,22,22,0],"gold":306,"neow_bonus":"RANDOM_COLORLESS","is_prod":false,"is_daily":false,"chose_seed":false,"campfire_upgraded":2,"win_rate":0,"timestamp":1551634997,"path_taken":["M","?","M","?","?","E","R","E","T","R","?","R","M","M","R","BOSS"],"build_version":"2019-01-23","purchased_purges":0,"victory":false,"max_hp_per_floor":[70,70,70,70,70,70,70,70,70,70,70,70,70,70,70,70],"card_choices":[{"not_picked":["Slice","Cloak And Dagger"],"picked":"Endless Agony","floor":1},{"not_picked":["Dagger Spray","Deadly Poison"],"picked":"Bouncing Flask","floor":3},{"not_picked":["Dodge and Roll","Quick Slash"],"picked":"Blade Dance","floor":5},{"not_picked":["Underhanded Strike","Catalyst"],"picked":"Finisher","floor":6},{"not_picked":["PiercingWail","Deflect"],"picked":"Distraction","floor":8},{"not_picked":["Finisher","Poisoned Stab","Footwork"],"picked":"SKIP","floor":13},{"not_picked":["Distraction","Quick Slash"],"picked":"Infinite Blades","floor":14}],"player_experience":191937,"relics_obtained":[{"floor":4,"key":"Calipers"},{"floor":6,"key":"PreservedInsect"},{"floor":8,"key":"Shuriken"}],"event_choices":[{"damage_healed":0,"gold_gain":0,"cards_transformed":["Defend_G"],"player_choice":"Change","damage_taken":0,"max_hp_gain":0,"max_hp_loss":0,"event_name":"Living Wall","floor":2,"gold_loss":0,"cards_obtained":["All Out Attack"]},{"damage_healed":0,"gold_gain":0,"cards_transformed":["Strike_G"],"player_choice":"Transformed","damage_taken":0,"max_hp_gain":0,"max_hp_loss":0,"event_name":"Transmorgrifier","floor":11,"gold_loss":0,"cards_obtained":["Storm of Steel"]}],"is_beta":false,"boss_relics":[],"items_purged_floors":[],"is_endless":false,"potions_floor_spawned":[1,5,8],"killed_by":"Slime Boss","ascension_level":2}