{"gold_per_floor":[115,115,115,138,154,154,109,125,125,166,166,204,225,246,246,365,365,385,385,401,40,55,55,74,92,145,178,178,178,54,72,72,168,168,183,183,183,237,250,250,23,23,23,42,42,57,71,85,85,85,85,85,10,10],"floor_reached":54,"playtime":2708,"items_purged":["Normality"],"score":721,"play_id":"1d99ca09-1e51-4491-90dc-9979119330fb","local_time":"20190119154105","is_ascension_mode":false,"campfire_choices":[{"floor":6,"key":"RECALL"},{"floor":11,"key":"REST"},{"floor":15,"key":"REST"},{"data":"Demon Form","floor":23,"key":"SMITH"},{"data":"Spot Weakness","floor":29,"key":"SMITH"},{"data":"Sword Boomerang","floor":32,"key":"SMITH"},{"floor":40,"key":"DIG"},{"floor":42,"key":"DIG"},{"floor":45,"key":"DIG"},{"floor":49,"key":"DIG"},{"floor":52,"key":"DIG"}],"neow_cost":"NONE","seed_source_timestamp":920633105574799,"circlet_count":0,"master_deck":["Strike_R","Strike_R+1","Strike_R","Strike_R+1","Strike_R","Defend_R","Defend_R","Defend_R","Defend_R","Bash","Cleave","Twin Strike","Ghostly Armor","Shrug It Off","Thunderclap","Spot Weakness+1","Flame Barrier","Sword Boomerang+1","Power Through","Inflame","Twin Strike","Demon Form+1","Cleave","Shrug It Off","Warcry+1","Bandage Up+1","Armaments+1","Infernal Blade+1","Twin Strike+1","Infernal Blade+1","Flex+1","Headbutt+1","Feed","Shrug It Off+1","Madness+1","Madness+1","Trip+1","Forethought+1","The Bomb+1","Metallicize+1","Flex+1","Inflame","Clumsy","Iron Wave+1","Shrug It Off+1","Anger+1","Twin Strike+1","Metallicize"],"relics":["Burning Blood","Bloody Idol","Dream Catcher","Thread and Needle","Cursed Key","CultistMask","Toxic Egg 2","Pen Nib","Meat on the Bone","Runic Cube","Shovel","Vajra","Oddly Smooth Stone","Bird Faced Urn","Gremlin Horn","Mercury Hourglass","Whetstone","Bottled Flame"],"potions_floor_usage":[38,44,50],"damage_taken":[{"damage":1,"enemies":"Cultist","floor":1,"turns":3},{"damage":14,"enemies":"Jaw Worm","floor":4,"turns":4},{"damage":3,"enemies":"Small Slimes","floor":5,"turns":4},{"damage":4,"enemies":"Blue Slaver","floor":8,"turns":5},{"damage":20,"enemies":"Gremlin Nob","floor":10,"turns":5},{"damage":44,"enemies":"3 Sentries","floor":12,"turns":7},{"damage":3,"enemies":"3 Louse","floor":13,"turns":2},{"damage":0,"enemies":"Looter","floor":14,"turns":4},{"damage":33,"enemies":"The Guardian","floor":16,"turns":14},{"damage":4,"enemies":"Spheric Guardian","floor":18,"turns":4},{"damage":5,"enemies":"Shell Parasite","floor":20,"turns":6},{"damage":14,"enemies":"Shelled Parasite and Fungi","floor":22,"turns":5},{"damage":7,"enemies":"Sentry and Sphere","floor":24,"turns":5},{"damage":6,"enemies":"Snecko","floor":25,"turns":7},{"damage":12,"enemies":"Gremlin Leader","floor":27,"turns":6},{"damage":0,"enemies":"3 Cultists","floor":31,"turns":3},{"damage":69,"enemies":"Automaton","floor":33,"turns":10},{"damage":1,"enemies":"Orb Walker","floor":35,"turns":3},{"damage":47,"enemies":"2 Orb Walkers","floor":38,"turns":4},{"damage":22,"enemies":"3 Darklings","floor":39,"turns":3},{"damage":35,"enemies":"Spire Growth","floor":44,"turns":5},{"damage":4,"enemies":"Transient","floor":46,"turns":5},{"damage":0,"enemies":"Sphere and 2 Shapes","floor":47,"turns":3},{"damage":10,"enemies":"4 Shapes","floor":48,"turns":4},{"damage":71,"enemies":"Donu and Deca","floor":50,"turns":8},{"damage":107,"enemies":"Shield and Spear","floor":54,"turns":6}],"seed_played":"6236741039310344286","potions_obtained":[{"floor":3,"key":"Regen Potion"},{"floor":3,"key":"Dexterity Potion"},{"floor":3,"key":"Weak Potion"},{"floor":39,"key":"Regen Potion"},{"floor":44,"key":"Dexterity Potion"}],"is_trial":false,"path_per_floor":["M","?","?","M","M","R","$","M","T","E","R","E","M","M","R","B",null,"M","?","M","$","M","R","M","M","T","E","?","R","$","M","R","B",null,"M","?","?","?","M","R","$","R","T","M","R","M","M","M","R","B",null,"R","$","E"],"character_chosen":"IRONCLAD","items_purchased":["Shrug It Off","Toxic Egg 2","Warcry+1","Bandage Up+1","Flex+1","Oddly Smooth Stone","Inflame","Metallicize"],"campfire_rested":2,"item_purchase_floors":[7,21,21,21,30,41,41,53],"current_hp_per_floor":[88,66,66,58,61,61,61,63,63,49,75,37,40,46,72,45,88,88,88,88,88,80,80,79,85,85,85,85,85,85,88,88,47,88,88,77,67,46,53,53,53,53,53,59,59,76,91,94,94,53,94,94,94,0],"gold":10,"neow_bonus":"TEN_PERCENT_HP_BONUS","is_prod":false,"is_daily":false,"chose_seed":false,"campfire_upgraded":3,"win_rate":0,"timestamp":1547930465,"path_taken":["M","?","?","M","?","R","$","M","T","E","R","E","M","M","R","BOSS","M","?","M","?","M","R","?","M","T","E","?","R","$","M","R","BOSS","M","?","?","?","M","R","?","R","T","M","R","M","M","M","R","BOSS","R","$","E"],"build_version":"2019-01-17v2","purchased_purges":1,"victory":false,"max_hp_per_floor":[88,88,88,88,88,88,88,88,88,88,88,88,88,88,88,88,88,88,88,88,88,88,88,88,88,88,88,88,88,88,88,88,88,88,88,88,88,91,91,91,91,91,91,91,91,91,91,94,94,94,94,94,94,94],"card_choices":[{"not_picked":["Clothesline","Flex"],"picked":"Cleave","floor":1},{"not_picked":["Clash","Corruption"],"picked":"Twin Strike","floor":4},{"not_picked":["Whirlwind","Twin Strike"],"picked":"Ghostly Armor","floor":5},{"not_picked":["Whirlwind","Hemokinesis"],"picked":"Thunderclap","floor":8},{"not_picked":["Headbutt","Double Tap"],"picked":"Spot Weakness","floor":10},{"not_picked":["Infernal Blade","Dual Wield"],"picked":"Flame Barrier","floor":11},{"not_picked":["Body Slam","Intimidate"],"picked":"Sword Boomerang","floor":12},{"not_picked":["Feel No Pain","Corruption"],"picked":"Power Through","floor":13},{"not_picked":["Flame Barrier","Blood for Blood"],"picked":"Inflame","floor":14},{"not_picked":["Combust","Infernal Blade"],"picked":"Twin Strike","floor":15},{"not_picked":["Reaper","Brutality"],"picked":"Demon Form","floor":16},{"not_picked":["Disarm","Twin Strike"],"picked":"Cleave","floor":18},{"not_picked":["Anger+1","Reckless Charge"],"picked":"Shrug It Off","floor":20},{"not_picked":["Twin Strike+1","Warcry+1"],"picked":"Armaments+1","floor":22},{"not_picked":["Headbutt","Anger"],"picked":"Infernal Blade+1","floor":24},{"not_picked":["Infernal Blade+1","Sever Soul"],"picked":"Twin Strike+1","floor":25},{"not_picked":["Wild Strike","Warcry+1"],"picked":"Infernal Blade+1","floor":27},{"not_picked":["Rage+1","Warcry+1"],"picked":"Headbutt+1","floor":31},{"not_picked":["Barricade","Offering+1"],"picked":"Feed","floor":33},{"not_picked":["Armaments+1","Iron Wave"],"picked":"Shrug It Off+1","floor":35},{"not_picked":["Enlightenment+1","Dramatic Entrance"],"picked":"Trip+1","floor":37},{"not_picked":["Dramatic Entrance","Purity+1"],"picked":"Forethought+1","floor":37},{"not_picked":["Dramatic Entrance","Violence+1"],"picked":"The Bomb+1","floor":37},{"not_picked":["Fire Breathing","Pummel+1"],"picked":"Metallicize+1","floor":38},{"not_picked":["Dropkick+1","Cleave+1"],"picked":"Flex+1","floor":39},{"not_picked":["Rage+1","Armaments+1"],"picked":"Iron Wave+1","floor":44},{"not_picked":["Iron Wave","Headbutt+1"],"picked":"Shrug It Off+1","floor":46},{"not_picked":["Clothesline","Fire Breathing+1"],"picked":"Anger+1","floor":47},{"not_picked":["Body Slam","Wild Strike"],"picked":"Twin Strike+1","floor":48}],"player_experience":69939,"relics_obtained":[{"floor":10,"key":"Dream Catcher"},{"floor":12,"key":"Thread and Needle"},{"floor":26,"key":"Pen Nib"},{"floor":27,"key":"Meat on the Bone"},{"floor":38,"key":"Shovel"},{"floor":40,"key":"Vajra"},{"floor":42,"key":"Bird Faced Urn"},{"floor":43,"key":"Gremlin Horn"},{"floor":45,"key":"Mercury Hourglass"},{"floor":49,"key":"Whetstone"},{"floor":52,"key":"Bottled Flame"}],"event_choices":[{"damage_healed":0,"gold_gain":0,"player_choice":"Take Damage","damage_taken":22,"relics_obtained":["Golden Idol"],"max_hp_gain":0,"max_hp_loss":0,"event_name":"Golden Idol","floor":2,"gold_loss":0},{"damage_healed":0,"gold_gain":0,"player_choice":"Got Potions","damage_taken":0,"max_hp_gain":0,"max_hp_loss":0,"event_name":"Lab","floor":3,"gold_loss":0},{"damage_healed":0,"gold_gain":0,"player_choice":"Trade","damage_taken":0,"relics_obtained":["CultistMask"],"max_hp_gain":0,"max_hp_loss":0,"event_name":"FaceTrader","floor":19,"gold_loss":0},{"damage_healed":0,"gold_gain":0,"player_choice":"Gave Idol","damage_taken":0,"relics_obtained":["Bloody Idol"],"max_hp_gain":0,"max_hp_loss":0,"event_name":"Forgotten Altar","floor":28,"relics_lost":["Golden Idol"],"gold_loss":0},{"damage_healed":0,"gold_gain":0,"player_choice":"Embrace Madness","damage_taken":11,"max_hp_gain":0,"max_hp_loss":0,"event_name":"Winding Halls","floor":36,"gold_loss":0,"cards_obtained":["Madness","Madness"]},{"damage_healed":0,"gold_gain":0,"player_choice":"Memory 3","damage_taken":10,"max_hp_gain":0,"max_hp_loss":0,"event_name":"SensoryStone","floor":37,"gold_loss":0},{"damage_healed":0,"gold_gain":0,"player_choice":"Fight","damage_taken":0,"max_hp_gain":0,"max_hp_loss":0,"event_name":"Mysterious Sphere","floor":38,"gold_loss":0}],"is_beta":false,"boss_relics":[{"not_picked":["Coffee Dripper","Tiny House"],"picked":"Cursed Key"},{"not_picked":["Eternal Feather","Orrery"],"picked":"Runic Cube"}],"items_purged_floors":[30],"is_endless":false,"potions_floor_spawned":[5,8,13,20,24,25,33,39,44],"killed_by":"Shield and Spear","ascension_level":0}