{"gold_per_floor":[110,110,110,135,60,98,98,98,98,123,123,146,146,169,169,293,293,312,312,312,9,9,9,52,68,68,68,84,7,31,45,45,45],"floor_reached":33,"playtime":2347,"items_purged":["Strike_R","Strike_R"],"score":280,"play_id":"b387d12b-592c-4b5a-ad87-ca31a3fe6350","local_time":"20190308202114","is_ascension_mode":true,"campfire_choices":[{"data":"Clothesline","floor":8,"key":"SMITH"},{"data":"Inflame","floor":11,"key":"SMITH"},{"data":"Pommel Strike","floor":13,"key":"SMITH"},{"data":"Body Slam","floor":15,"key":"SMITH"},{"data":"RitualDagger","floor":23,"key":"SMITH"},{"floor":27,"key":"REST"},{"floor":32,"key":"REST"}],"neow_cost":"TEN_PERCENT_HP_LOSS","seed_source_timestamp":4418555648079,"circlet_count":0,"master_deck":["Strike_R","Strike_R","Strike_R","Defend_R","Defend_R","Defend_R","Bash","Impervious","Clothesline+1","Inflame+1","Impervious","Pommel Strike+1","Body Slam+1","RitualDagger+1","Barricade","Uppercut","Body Slam","Feel No Pain","Uppercut+1"],"relics":["Burning Blood","Golden Idol","Vajra","Mummified Hand","Runic Pyramid","Pocketwatch","Toolbox","Dream Catcher","Ancient Tea Set"],"potions_floor_usage":[10,12,14,22,33,33],"damage_taken":[{"damage":10,"enemies":"Small Slimes","floor":1,"turns":6},{"damage":2,"enemies":"2 Louse","floor":4,"turns":4},{"damage":25,"enemies":"Gremlin Nob","floor":6,"turns":5},{"damage":3,"enemies":"Jaw Worm","floor":10,"turns":4},{"damage":0,"enemies":"3 Louse","floor":12,"turns":2},{"damage":0,"enemies":"Exordium Wildlife","floor":14,"turns":3},{"damage":40,"enemies":"The Guardian","floor":16,"turns":16},{"damage":5,"enemies":"3 Byrds","floor":18,"turns":6},{"damage":0,"enemies":"Shell Parasite","floor":22,"turns":1},{"damage":62,"enemies":"Book of Stabbing","floor":24,"turns":8},{"damage":9,"enemies":"Centurion and Healer","floor":25,"turns":5},{"damage":3,"enemies":"Snake Plant","floor":28,"turns":4},{"damage":0,"enemies":"Snecko","floor":30,"turns":3},{"damage":10,"enemies":"Centurion and Healer","floor":31,"turns":6},{"damage":55,"enemies":"Automaton","floor":33,"turns":8}],"seed_played":"-792745765612971242","potions_obtained":[{"floor":6,"key":"BloodPotion"},{"floor":10,"key":"Explosive Potion"},{"floor":12,"key":"Block Potion"},{"floor":18,"key":"SmokeBomb"},{"floor":30,"key":"Poison Potion"},{"floor":31,"key":"SneckoOil"}],"is_trial":false,"path_per_floor":["M","?","?","M","$","E","?","R","T","M","R","M","R","M","R","B",null,"M","?","T","$","M","R","E","M","T","R","M","$","M","M","R","B"],"character_chosen":"IRONCLAD","items_purchased":["Toolbox","Feel No Pain"],"campfire_rested":2,"item_purchase_floors":[21,29],"current_hp_per_floor":[68,68,67,67,67,48,48,48,48,57,57,63,63,67,67,33,67,67,61,61,61,67,67,11,8,8,28,31,31,37,33,53,0],"gold":45,"neow_bonus":"THREE_RARE_CARDS","is_prod":false,"is_daily":false,"chose_seed":false,"campfire_upgraded":5,"win_rate":0,"timestamp":1552036874,"path_taken":["M","?","?","M","$","E","?","R","T","M","R","M","R","?","R","BOSS","M","?","?","?","?","R","E","M","T","R","M","$","?","M","R","BOSS"],"build_version":"2019-02-06","purchased_purges":2,"victory":false,"max_hp_per_floor":[72,72,67,67,67,67,67,67,67,67,67,67,67,67,67,67,67,67,67,67,67,67,67,67,67,67,67,67,67,67,67,67,67],"card_choices":[{"not_picked":["Immolate","Bludgeon"],"picked":"Impervious","floor":0},{"not_picked":["Warcry","Sword Boomerang"],"picked":"Clothesline","floor":1},{"not_picked":["True Grit","Combust"],"picked":"Inflame","floor":4},{"not_picked":["Reckless Charge","Disarm"],"picked":"Impervious","floor":6},{"not_picked":["Havoc","Cleave","Combust"],"picked":"SKIP","floor":10},{"not_picked":["Burning Pact","Anger"],"picked":"Pommel Strike","floor":12},{"not_picked":["Shrug It Off","Bloodletting"],"picked":"Body Slam","floor":14},{"not_picked":["Armaments","Power Through","Headbutt"],"picked":"SKIP","floor":18},{"not_picked":["Fire Breathing","Carnage"],"picked":"Barricade","floor":24},{"not_picked":["Anger+1","Feel No Pain"],"picked":"Uppercut","floor":25},{"not_picked":["Armaments","Carnage"],"picked":"Body Slam","floor":28},{"not_picked":["Flex","Battle Trance","Perfected Strike"],"picked":"SKIP","floor":30},{"not_picked":["Wild Strike","Headbutt"],"picked":"Uppercut+1","floor":31}],"player_experience":508143,"relics_obtained":[{"floor":6,"key":"Vajra"},{"floor":9,"key":"Mummified Hand"},{"floor":20,"key":"Pocketwatch"},{"floor":24,"key":"Dream Catcher"},{"floor":26,"key":"Ancient Tea Set"}],"event_choices":[{"damage_healed":0,"gold_gain":0,"player_choice":"Ignored","damage_taken":0,"max_hp_gain":0,"max_hp_loss":0,"event_name":"Liars Game","floor":2,"gold_loss":0},{"damage_healed":0,"gold_gain":0,"player_choice":"Lose Max HP","damage_taken":0,"relics_obtained":["Golden Idol"],"max_hp_gain":0,"max_hp_loss":5,"event_name":"Golden Idol","floor":3,"gold_loss":0},{"cards_removed":["Defend_R"],"damage_healed":0,"gold_gain":0,"player_choice":"Forget","damage_taken":0,"max_hp_gain":0,"max_hp_loss":0,"event_name":"Living Wall","floor":7,"gold_loss":0},{"damage_healed":0,"gold_gain":0,"player_choice":"Joined the Cult","damage_taken":6,"max_hp_gain":0,"max_hp_loss":0,"event_name":"Nest","floor":19,"gold_loss":0,"cards_obtained":["RitualDagger"]}],"is_beta":true,"boss_relics":[{"not_picked":["Lizard Tail","White Beast Statue"],"picked":"Runic Pyramid"}],"items_purged_floors":[5,21],"is_endless":false,"potions_floor_spawned":[6,10,12,18,30,31],"killed_by":"Automaton","ascension_level":1}