{"gold_per_floor":[116,135,3,16,28,56,76,111,137,137,137],"floor_reached":11,"playtime":700,"items_purged":[],"score":106,"play_id":"6fba647f-d872-4fe8-b148-6b40d49aa736","local_time":"20190119103642","is_ascension_mode":true,"campfire_choices":[{"floor":10,"key":"REST"}],"neow_cost":"PERCENT_DAMAGE","seed_source_timestamp":756827853141600,"circlet_count":0,"master_deck":["Strike_R","Strike_R","Strike_R","Strike_R","Strike_R","Defend_R","Defend_R","Defend_R","Defend_R","Bash","Thunderclap","Rupture","Rampage","Pommel Strike","Metallicize","Armaments","Iron Wave","Armaments","Second Wind","Armaments","Rage","True Grit","Intimidate","Warcry"],"relics":["Burning Blood","Prayer Wheel","Potion Belt","Anchor","Red Skull"],"potions_floor_usage":[6,8],"damage_taken":[{"damage":13,"enemies":"Jaw Worm","floor":1,"turns":5},{"damage":1,"enemies":"Cultist","floor":2,"turns":4},{"damage":1,"enemies":"2 Louse","floor":4,"turns":3},{"damage":4,"enemies":"Blue Slaver","floor":5,"turns":5},{"damage":19,"enemies":"Gremlin Nob","floor":6,"turns":4},{"damage":7,"enemies":"2 Fungi Beasts","floor":7,"turns":5},{"damage":43,"enemies":"3 Sentries","floor":8,"turns":12},{"damage":37,"enemies":"Gremlin Nob","floor":11,"turns":4}],"seed_played":"5807536012851002621","potions_obtained":[{"floor":1,"key":"Energy Potion"},{"floor":2,"key":"PowerPotion"},{"floor":4,"key":"Weak Potion"}],"is_trial":false,"path_per_floor":["M","M","$","M","M","E","M","E","T","R","E"],"character_chosen":"IRONCLAD","items_purchased":["Metallicize","Armaments"],"campfire_rested":1,"item_purchase_floors":[3,3],"current_hp_per_floor":[49,54,54,59,61,48,47,10,10,34,0],"gold":137,"neow_bonus":"ONE_RARE_RELIC","is_prod":false,"is_daily":false,"chose_seed":false,"campfire_upgraded":0,"win_rate":0,"timestamp":1547923002,"path_taken":["M","M","$","M","M","E","M","E","T","R","E"],"build_version":"2019-01-17v2","purchased_purges":0,"victory":false,"max_hp_per_floor":[80,80,80,80,80,80,80,80,80,80,80],"card_choices":[{"not_picked":["Ghostly Armor","Anger"],"picked":"Thunderclap","floor":1},{"not_picked":["Shrug It Off","Wild Strike"],"picked":"Rupture","floor":1},{"not_picked":["Power Through","Perfected Strike"],"picked":"Rampage","floor":2},{"not_picked":["Intimidate","Dual Wield"],"picked":"Pommel Strike","floor":2},{"not_picked":["Thunderclap","Power Through"],"picked":"Iron Wave","floor":4},{"not_picked":["Sword Boomerang","Headbutt"],"picked":"Armaments","floor":4},{"not_picked":["Twin Strike","Clothesline"],"picked":"Second Wind","floor":5},{"not_picked":["Body Slam","Anger"],"picked":"Armaments","floor":5},{"not_picked":["Havoc","Clothesline"],"picked":"Rage","floor":6},{"not_picked":["Dropkick","Heavy Blade"],"picked":"True Grit","floor":7},{"not_picked":["Heavy Blade","Blood for Blood"],"picked":"Intimidate","floor":7},{"not_picked":["Sever Soul","Offering"],"picked":"Warcry","floor":8}],"player_experience":539796,"relics_obtained":[{"floor":6,"key":"Potion Belt"},{"floor":8,"key":"Anchor"},{"floor":9,"key":"Red Skull"}],"event_choices":[],"is_beta":false,"boss_relics":[],"items_purged_floors":[],"is_endless":false,"potions_floor_spawned":[1,2,4],"killed_by":"Gremlin Nob","ascension_level":5}