{"gold_per_floor":[115,27,27,27,27,84,84,113,137,156,156],"floor_reached":11,"playtime":236,"items_purged":[],"score":245,"play_id":"88dbe502-3ee5-4b67-a10a-f5e839b247cb","local_time":"20190121020017","is_ascension_mode":true,"campfire_choices":[{"data":"Zap","floor":7,"key":"SMITH"}],"neow_cost":"NONE","seed_source_timestamp":899107611452700,"circlet_count":0,"master_deck":["AscendersBane","Strike_B","Strike_B","Strike_B","Defend_B","Defend_B","Defend_B","Defend_B","Zap+1","Dualcast","Recycle","Doom and Gloom","Beam Cell","Self Repair","Conserve Battery","Tempest"],"relics":["Cracked Core","NeowsBlessing","Singing Bowl","Tiny Chest","Art of War","Centennial Puzzle"],"potions_floor_usage":[],"damage_taken":[{"damage":0,"enemies":"Cultist","floor":1,"turns":1},{"damage":0,"enemies":"Lagavulin","floor":6,"turns":1},{"damage":0,"enemies":"Gremlin Nob","floor":8,"turns":1},{"damage":12,"enemies":"Small Slimes","floor":10,"turns":3},{"damage":66,"enemies":"3 Sentries","floor":11,"turns":7}],"seed_played":"5600389181200157537","potions_obtained":[],"is_trial":false,"path_per_floor":["M","$","T","$","?","E","R","E","T","M","E"],"character_chosen":"DEFECT","items_purchased":["Doom and Gloom"],"campfire_rested":0,"item_purchase_floors":[2],"current_hp_per_floor":[64,64,64,64,64,64,64,64,64,59,0],"gold":156,"neow_bonus":"THREE_ENEMY_KILL","is_prod":false,"is_daily":false,"chose_seed":false,"campfire_upgraded":1,"win_rate":0,"timestamp":1548064817,"path_taken":["M","$","?","$","?","E","R","E","T","?","E"],"build_version":"2019-01-17v2","purchased_purges":0,"victory":false,"max_hp_per_floor":[71,71,71,71,71,71,71,71,71,71,71],"card_choices":[{"not_picked":["Beam Cell","Gash"],"picked":"Recycle","floor":1},{"not_picked":["Hologram","Stack"],"picked":"Self Repair","floor":6},{"not_picked":["Compile Driver","Reprogram"],"picked":"Conserve Battery","floor":8},{"not_picked":["Storm","Recycle"],"picked":"Tempest","floor":10}],"player_experience":575741,"relics_obtained":[{"floor":3,"key":"Singing Bowl"},{"floor":6,"key":"Tiny Chest"},{"floor":8,"key":"Art of War"},{"floor":9,"key":"Centennial Puzzle"}],"event_choices":[{"damage_healed":0,"gold_gain":0,"cards_transformed":["Strike_B"],"player_choice":"Transformed","damage_taken":0,"max_hp_gain":0,"max_hp_loss":0,"event_name":"Transmorgrifier","floor":5,"gold_loss":0,"cards_obtained":["Beam Cell"]}],"is_beta":false,"boss_relics":[],"items_purged_floors":[],"is_endless":false,"potions_floor_spawned":[],"killed_by":"3 Sentries","ascension_level":18}