{"gold_per_floor":[119,136,136,148,148,160,21,21,71,90,101,101,101,112,112,112],"floor_reached":16,"playtime":427,"items_purged":[],"score":152,"play_id":"ad388f6b-d553-416b-a99e-95f213d6259d","local_time":"20181116202338","is_ascension_mode":true,"campfire_choices":[{"data":"Static Discharge","floor":6,"key":"SMITH"},{"data":"Lockon","floor":8,"key":"SMITH"},{"data":"Dualcast","floor":13,"key":"SMITH"},{"floor":15,"key":"REST"}],"neow_cost":"NONE","seed_source_timestamp":23489046131964,"circlet_count":0,"master_deck":["AscendersBane","Strike_B","Strike_B","Strike_B","Strike_B","Defend_B","Defend_B","Defend_B","Defend_B","Zap+1","Dualcast+1","Amplify","Lockon+1","Static Discharge+1","Coolheaded","Ball Lightning"],"relics":["Cracked Core","MawBank","PreservedInsect","Juzu Bracelet"],"potions_floor_usage":[14,16],"damage_taken":[{"damage":10,"enemies":"Small Slimes","floor":1,"turns":3},{"damage":7,"enemies":"Jaw Worm","floor":2,"turns":2},{"damage":1,"enemies":"Cultist","floor":4,"turns":3},{"damage":3,"enemies":"Blue Slaver","floor":10,"turns":3},{"damage":6,"enemies":"Exordium Wildlife","floor":11,"turns":3},{"damage":14,"enemies":"Lots of Slimes","floor":14,"turns":3},{"damage":31,"enemies":"The Guardian","floor":16,"turns":8}],"seed_played":"7241560974619819299","potions_obtained":[{"floor":4,"key":"Regen Potion"},{"floor":14,"key":"SneckoOil"}],"is_trial":false,"path_per_floor":["M","M","?","M","?","R","$","R","T","M","M","?","R","M","R","B"],"character_chosen":"DEFECT","items_purchased":["PreservedInsect"],"campfire_rested":1,"item_purchase_floors":[7],"current_hp_per_floor":[58,51,56,55,22,22,22,22,22,19,13,13,13,4,28,0],"gold":112,"neow_bonus":"ONE_RANDOM_RARE_CARD","is_prod":false,"is_daily":false,"chose_seed":false,"campfire_upgraded":3,"win_rate":0,"timestamp":1542428618,"path_taken":["M","M","?","M","?","R","?","R","T","M","M","?","R","M","R","BOSS"],"build_version":"2018-11-15","purchased_purges":0,"victory":false,"max_hp_per_floor":[75,75,80,80,80,80,80,80,80,80,80,80,80,80,80,80],"card_choices":[{"not_picked":["Leap","Compile Driver"],"picked":"Lockon","floor":1},{"not_picked":["Rip and Tear","Streamline","Melter"],"picked":"SKIP","floor":2},{"not_picked":["Chill","Skim"],"picked":"Static Discharge","floor":4},{"not_picked":["Go for the Eyes","Blizzard","Cold Snap"],"picked":"SKIP","floor":10},{"not_picked":["Compile Driver","Turbo"],"picked":"Coolheaded","floor":11},{"not_picked":["Chill","Streamline"],"picked":"Ball Lightning","floor":14}],"player_experience":414897,"relics_obtained":[{"floor":9,"key":"Juzu Bracelet"}],"event_choices":[{"damage_healed":0,"gold_gain":0,"player_choice":"Donut","damage_taken":0,"max_hp_gain":5,"max_hp_loss":0,"event_name":"Big Fish","floor":3,"gold_loss":0},{"damage_healed":0,"gold_gain":0,"player_choice":"Success","damage_taken":33,"relics_obtained":["MawBank"],"max_hp_gain":0,"max_hp_loss":0,"event_name":"Scrap Ooze","floor":5,"gold_loss":0},{"damage_healed":0,"gold_gain":0,"player_choice":"Upgraded","damage_taken":0,"max_hp_gain":0,"max_hp_loss":0,"event_name":"Upgrade Shrine","floor":12,"gold_loss":0,"cards_upgraded":["Zap"]}],"is_beta":false,"boss_relics":[],"items_purged_floors":[],"is_endless":false,"potions_floor_spawned":[4,14],"killed_by":"The Guardian","ascension_level":13}