{"gold_per_floor":[113,22,35,35,49,82,95,127,127,152,170,170,42,56,56,181,181,194,86,185,100,70,70,108,108,160,199,199,224,255,275,275,406,469,493,424,424,112,131,131,131,152,177,195,213,237,251,251,251,251,251,251,6,39,39],"floor_reached":55,"playtime":4961,"items_purged":["Injury","Hyperbeam"],"score":807,"play_id":"7edb7673-475b-4b69-96c7-5b471c312fec","local_time":"20190220134941","is_ascension_mode":true,"campfire_choices":[{"floor":15,"key":"REST"},{"floor":23,"key":"RECALL"},{"floor":25,"key":"REST"},{"floor":32,"key":"REST"},{"data":"Creative AI","floor":40,"key":"SMITH"},{"data":"Blizzard","floor":49,"key":"SMITH"},{"data":"Panacea","floor":52,"key":"SMITH"}],"neow_cost":"NONE","seed_source_timestamp":9712247173334,"circlet_count":0,"master_deck":["Zap+1","Dualcast+1","Sweeping Beam+1","Cold Snap+1","Coolheaded+1","Rebound+1","Machine Learning+1","Beam Cell+1","Hello World+1","BootSequence+1","Ball Lightning+1","Coolheaded+1","Creative AI+1","Static Discharge+1","Compile Driver+1","Force Field+1","Storm+1","Doom and Gloom+1","All For One+1","Reboot+1","Ball Lightning+1","Doom and Gloom+1","Capacitor+1","Melter+1","Defragment+1","White Noise+1","Coolheaded+1","Force Field+1","Defragment+1","Capacitor+1","Coolheaded+1","Panache+1","Blizzard+1","Panacea+1","Stack","White Noise+1"],"relics":["Cracked Core","NeowsBlessing","Bronze Scales","Letter Opener","Thread and Needle","The Courier","Golden Idol","Pandora\u0027s Box","Mummified Hand","Kunai","Regal Pillow","Art of War","Orichalcum","Tiny House","OrangePellets","Mark of the Bloom","Whetstone","Runic Capacitor","Shuriken"],"potions_floor_usage":[8,11,18,30,35,39,47,50,54],"damage_taken":[{"damage":0,"enemies":"Small Slimes","floor":1,"turns":1},{"damage":0,"enemies":"Cultist","floor":3,"turns":1},{"damage":0,"enemies":"Jaw Worm","floor":5,"turns":1},{"damage":27,"enemies":"3 Sentries","floor":6,"turns":6},{"damage":1,"enemies":"Looter","floor":7,"turns":3},{"damage":23,"enemies":"Lagavulin","floor":8,"turns":7},{"damage":12,"enemies":"3 Sentries","floor":10,"turns":5},{"damage":0,"enemies":"Blue Slaver","floor":11,"turns":2},{"damage":0,"enemies":"2 Fungi Beasts","floor":14,"turns":3},{"damage":3,"enemies":"Slime Boss","floor":16,"turns":8},{"damage":6,"enemies":"Shell Parasite","floor":18,"turns":5},{"damage":25,"enemies":"Slavers","floor":24,"turns":3},{"damage":18,"enemies":"Book of Stabbing","floor":27,"turns":5},{"damage":0,"enemies":"Chosen","floor":29,"turns":4},{"damage":5,"enemies":"Gremlin Leader","floor":30,"turns":5},{"damage":0,"enemies":"Snake Plant","floor":31,"turns":3},{"damage":33,"enemies":"Collector","floor":33,"turns":8},{"damage":0,"enemies":"Orb Walker","floor":35,"turns":3},{"damage":15,"enemies":"3 Darklings","floor":39,"turns":4},{"damage":0,"enemies":"4 Shapes","floor":42,"turns":3},{"damage":6,"enemies":"Sphere and 2 Shapes","floor":44,"turns":3},{"damage":4,"enemies":"3 Darklings","floor":45,"turns":3},{"damage":0,"enemies":"Transient","floor":46,"turns":5},{"damage":0,"enemies":"Writhing Mass","floor":47,"turns":4},{"damage":13,"enemies":"Time Eater","floor":50,"turns":7},{"damage":29,"enemies":"Shield and Spear","floor":54,"turns":4},{"damage":24,"enemies":"The Heart","floor":55,"turns":2}],"seed_played":"770624035081422286","potions_obtained":[{"floor":6,"key":"PowerPotion"},{"floor":10,"key":"FocusPotion"},{"floor":11,"key":"Poison Potion"},{"floor":29,"key":"AttackPotion"},{"floor":30,"key":"FairyPotion"},{"floor":31,"key":"SpeedPotion"},{"floor":34,"key":"FairyPotion"},{"floor":35,"key":"Weak Potion"},{"floor":46,"key":"EssenceOfSteel"},{"floor":47,"key":"EssenceOfSteel"}],"is_trial":false,"path_per_floor":["M","?","M","?","M","E","M","E","T","E","M","?","$","M","R","B",null,"M","$","?","?","$","R","E","R","T","E","?","M","E","M","R","B",null,"M","$","?","$","M","R","?","M","T","M","M","M","M","?","R","B",null,"R","$","E","B"],"character_chosen":"DEFECT","items_purchased":["BootSequence","Ball Lightning","Doom and Gloom","Capacitor","Capacitor","Coolheaded","Panache","OrangePellets","Runic Capacitor","EssenceOfSteel","Stack"],"campfire_rested":3,"item_purchase_floors":[13,13,19,22,36,36,38,38,53,53,53],"current_hp_per_floor":[75,75,75,68,68,41,40,17,17,5,5,5,5,5,27,24,75,69,69,69,69,69,69,44,66,66,48,48,48,43,43,75,42,80,80,80,80,80,65,65,65,65,65,59,55,55,55,55,55,42,42,42,42,13,0],"gold":39,"neow_bonus":"THREE_ENEMY_KILL","is_prod":false,"is_daily":false,"chose_seed":false,"campfire_upgraded":3,"win_rate":0,"timestamp":1550681381,"path_taken":["M","?","?","?","M","E","M","E","T","E","M","?","?","M","R","BOSS","M","$","?","?","$","R","E","R","T","E","?","M","E","M","R","BOSS","M","$","?","$","?","R","?","M","T","M","M","M","M","?","R","BOSS","R","$","E","BOSS"],"build_version":"2019-01-23","purchased_purges":2,"victory":false,"max_hp_per_floor":[75,75,75,75,75,75,75,75,75,75,75,75,75,75,75,75,75,75,75,75,75,75,75,75,75,75,75,75,75,75,75,75,75,80,80,80,80,80,80,80,80,80,80,80,80,80,80,80,80,80,80,80,80,80,80],"card_choices":[{"not_picked":["Compile Driver","Turbo"],"picked":"Sweeping Beam","floor":1},{"not_picked":["Force Field","Hologram"],"picked":"Cold Snap","floor":3},{"not_picked":["Compile Driver","Steam Power"],"picked":"Coolheaded","floor":5},{"not_picked":["Redo","Chill"],"picked":"Rebound","floor":6},{"not_picked":["Auto Shields","Cold Snap"],"picked":"Machine Learning","floor":7},{"not_picked":["Gash","Heatsinks"],"picked":"Beam Cell","floor":8},{"not_picked":["Amplify","Gash"],"picked":"Hyperbeam","floor":10},{"not_picked":["Reprogram","BootSequence"],"picked":"Hello World","floor":11},{"not_picked":["Sweeping Beam","Barrage"],"picked":"Coolheaded","floor":14},{"not_picked":["Rainbow","Core Surge"],"picked":"Creative AI","floor":16},{"not_picked":["Conserve Battery","Barrage"],"picked":"Ball Lightning","floor":18},{"not_picked":["Steam","Gash"],"picked":"Melter+1","floor":24},{"not_picked":["Coolheaded","Leap"],"picked":"Defragment","floor":27},{"not_picked":["Barrage+1","Double Energy","Storm"],"picked":"SKIP","floor":29},{"not_picked":["Rebound","Rip and Tear"],"picked":"Coolheaded+1","floor":30},{"not_picked":["Glacier","Streamline"],"picked":"Force Field","floor":31},{"not_picked":["Streamline","Undo+1"],"picked":"Defragment","floor":34},{"not_picked":["Leap","Coolheaded+1","Undo+1"],"picked":"SKIP","floor":35},{"not_picked":["Compile Driver+1","Steam","Skim+1"],"picked":"SKIP","floor":39},{"not_picked":["Machine Learning","Lockon","Doom and Gloom"],"picked":"SKIP","floor":42},{"not_picked":["Ball Lightning","Conserve Battery","Darkness+1"],"picked":"SKIP","floor":44},{"not_picked":["Conserve Battery","Go for the Eyes+1","Sweeping Beam+1"],"picked":"SKIP","floor":45},{"not_picked":["Conserve Battery+1","Force Field"],"picked":"Blizzard","floor":46},{"not_picked":["Turbo","Cold Snap+1","Force Field"],"picked":"SKIP","floor":47},{"not_picked":["Impatience","Bandage Up"],"picked":"Panacea","floor":48},{"not_picked":["Go for the Eyes","Conserve Battery"],"picked":"White Noise+1","floor":54}],"player_experience":108115,"relics_obtained":[{"floor":6,"key":"Letter Opener"},{"floor":8,"key":"Thread and Needle"},{"floor":10,"key":"The Courier"},{"floor":24,"key":"Kunai"},{"floor":26,"key":"Regal Pillow"},{"floor":27,"key":"Art of War"},{"floor":30,"key":"Orichalcum"},{"floor":43,"key":"Whetstone"},{"floor":54,"key":"Shuriken"}],"event_choices":[{"damage_healed":0,"gold_gain":0,"player_choice":"Paid Gold","damage_taken":0,"relics_obtained":["Bronze Scales"],"max_hp_gain":0,"max_hp_loss":0,"event_name":"WeMeetAgain","floor":2,"gold_loss":91},{"cards_removed":["Strike_B"],"damage_healed":0,"gold_gain":0,"player_choice":"Card Removal","damage_taken":7,"max_hp_gain":0,"max_hp_loss":0,"event_name":"Golden Wing","floor":4,"gold_loss":0},{"damage_healed":0,"gold_gain":0,"player_choice":"Take Wound","damage_taken":0,"relics_obtained":["Golden Idol"],"max_hp_gain":0,"max_hp_loss":0,"event_name":"Golden Idol","floor":12,"gold_loss":0,"cards_obtained":["Injury"]},{"damage_healed":0,"gold_gain":99,"player_choice":"Stole From Cult","damage_taken":0,"max_hp_gain":0,"max_hp_loss":0,"event_name":"Nest","floor":20,"gold_loss":0},{"damage_healed":0,"gold_gain":0,"player_choice":"Obtained Relic","damage_taken":0,"relics_obtained":["Mummified Hand"],"max_hp_gain":0,"max_hp_loss":0,"event_name":"Addict","floor":21,"gold_loss":85},{"damage_healed":0,"gold_gain":0,"player_choice":"Read","damage_taken":0,"max_hp_gain":0,"max_hp_loss":0,"event_name":"The Library","floor":28,"gold_loss":0,"cards_obtained":["White Noise"]},{"damage_healed":0,"gold_gain":0,"player_choice":"Ignored","damage_taken":0,"max_hp_gain":0,"max_hp_loss":0,"event_name":"SecretPortal","floor":37,"gold_loss":0},{"damage_healed":0,"gold_gain":0,"player_choice":"Upgrade","damage_taken":0,"relics_obtained":["Mark of the Bloom"],"max_hp_gain":0,"max_hp_loss":0,"event_name":"MindBloom","floor":41,"gold_loss":0,"cards_upgraded":["Dualcast","Sweeping Beam","Cold Snap","Coolheaded","Rebound","Machine Learning","Beam Cell","Hello World","BootSequence","Ball Lightning","Coolheaded","Static Discharge","Compile Driver","Force Field","Storm","Doom and Gloom","All For One","Reboot","Ball Lightning","Doom and Gloom","Capacitor","Defragment","White Noise","Force Field","Defragment","Capacitor","Coolheaded","Panache"]},{"damage_healed":0,"gold_gain":0,"player_choice":"Memory 1","damage_taken":0,"max_hp_gain":0,"max_hp_loss":0,"event_name":"SensoryStone","floor":48,"gold_loss":0}],"is_beta":false,"boss_relics":[{"not_picked":["Busted Crown","Snecko Eye"],"picked":"Pandora\u0027s Box"},{"not_picked":["Sozu","FrozenCore"],"picked":"Tiny House"}],"items_purged_floors":[13,19],"is_endless":false,"potions_floor_spawned":[6,10,11,29,30,31,35,46,47],"killed_by":"The Heart","ascension_level":1}