{"gold_per_floor":[111,111,111,125,31,54,98,98,123,144,179,202,202,226,226,317,317,333,12,12,12,12,47,47,63,63,63],"floor_reached":27,"playtime":1125,"items_purged":[],"score":480,"play_id":"ff8811ba-da23-4626-9ab4-7f60a2fe7bb8","local_time":"20181111052411","is_ascension_mode":true,"campfire_choices":[{"data":"Zap","floor":8,"key":"SMITH"},{"data":"Sunder","floor":13,"key":"SMITH"},{"data":"Storm","floor":15,"key":"SMITH"},{"data":"Echo Form","floor":24,"key":"SMITH"}],"neow_cost":"NONE","seed_source_timestamp":38858087483107,"circlet_count":0,"master_deck":["AscendersBane","Strike_B","Strike_B","Strike_B","Defend_B","Defend_B+1","Defend_B","Defend_B","Zap+1","Dualcast","Hologram+1","Self Repair","Storm+1","Turbo","Undo","Streamline","Storm","Turbo","Sunder+1","Doom and Gloom","Amplify","Leap","Echo Form+1","Apotheosis+1","Capacitor","White Noise"],"relics":["Cracked Core","Golden Idol","Lantern","Art of War","Ginger","Runic Pyramid","Juzu Bracelet","Vajra"],"potions_floor_usage":[11,16,16,27,27],"damage_taken":[{"damage":0,"enemies":"Small Slimes","floor":1,"turns":3},{"damage":0,"enemies":"Jaw Worm","floor":4,"turns":4},{"damage":4,"enemies":"Cultist","floor":6,"turns":6},{"damage":4,"enemies":"Lagavulin","floor":7,"turns":9},{"damage":6,"enemies":"Large Slime","floor":10,"turns":5},{"damage":16,"enemies":"3 Sentries","floor":11,"turns":5},{"damage":8,"enemies":"Blue Slaver","floor":12,"turns":3},{"damage":12,"enemies":"Exordium Wildlife","floor":14,"turns":3},{"damage":0,"enemies":"Slime Boss","floor":16,"turns":5},{"damage":13,"enemies":"Shell Parasite","floor":18,"turns":5},{"damage":19,"enemies":"Gremlin Leader","floor":23,"turns":6},{"damage":24,"enemies":"2 Thieves","floor":25,"turns":4},{"damage":38,"enemies":"Chosen and Byrds","floor":27,"turns":4}],"seed_played":"-3274402782578317087","potions_obtained":[{"floor":4,"key":"PowerPotion"},{"floor":10,"key":"Explosive Potion"},{"floor":11,"key":"PowerPotion"},{"floor":16,"key":"Fire Potion"},{"floor":25,"key":"FearPotion"}],"is_trial":false,"path_per_floor":["M","?","?","M","$","M","E","R","T","M","E","M","R","M","R","B",null,"M","$","?","$","?","E","R","M","T","M"],"character_chosen":"DEFECT","items_purchased":["Storm","Turbo","Echo Form","Apotheosis"],"campfire_rested":0,"item_purchase_floors":[5,5,19,19],"current_hp_per_floor":[68,50,35,35,35,38,41,41,41,42,33,32,32,27,27,34,65,59,59,59,59,59,50,50,36,36,0],"gold":63,"neow_bonus":"REMOVE_CARD","is_prod":false,"is_daily":false,"chose_seed":false,"campfire_upgraded":4,"win_rate":0,"timestamp":1541942651,"path_taken":["M","?","?","M","$","M","E","R","T","M","E","?","R","M","R","BOSS","M","$","?","?","?","E","R","M","T","M"],"build_version":"2018-11-08","purchased_purges":0,"victory":false,"max_hp_per_floor":[75,75,75,75,75,75,75,75,75,75,75,75,75,75,75,75,75,75,75,75,75,75,75,75,75,75,75],"card_choices":[{"not_picked":["Go for the Eyes","Doom and Gloom"],"picked":"Hologram","floor":1},{"not_picked":["Blizzard","Leap"],"picked":"Self Repair","floor":4},{"not_picked":["Redo","Double Energy"],"picked":"Undo","floor":6},{"not_picked":["Rip and Tear","FTL"],"picked":"Streamline","floor":7},{"not_picked":["Redo","Beam Cell"],"picked":"Storm","floor":10},{"not_picked":["Barrage","Steam"],"picked":"Turbo","floor":11},{"not_picked":["Cold Snap","Sweeping Beam"],"picked":"Sunder","floor":12},{"not_picked":["Steam","Recycle"],"picked":"Doom and Gloom","floor":14},{"not_picked":["Biased Cognition","Seek"],"picked":"Amplify","floor":16},{"not_picked":["Stack","Cold Snap"],"picked":"Leap","floor":18},{"not_picked":["Skim","Sweeping Beam"],"picked":"Capacitor","floor":23},{"not_picked":["Rip and Tear","Hello World"],"picked":"White Noise","floor":25}],"player_experience":400180,"relics_obtained":[{"floor":7,"key":"Lantern"},{"floor":9,"key":"Art of War"},{"floor":11,"key":"Ginger"},{"floor":23,"key":"Juzu Bracelet"},{"floor":26,"key":"Vajra"}],"event_choices":[{"damage_healed":0,"gold_gain":0,"player_choice":"Take Damage","damage_taken":18,"relics_obtained":["Golden Idol"],"max_hp_gain":0,"max_hp_loss":0,"event_name":"Golden Idol","floor":2,"gold_loss":0},{"damage_healed":0,"gold_gain":0,"player_choice":"Entered Light","damage_taken":15,"max_hp_gain":0,"max_hp_loss":0,"event_name":"Shining Light","floor":3,"gold_loss":0,"cards_upgraded":["Hologram","Defend_B"]},{"damage_healed":0,"gold_gain":0,"player_choice":"Upgraded","damage_taken":0,"max_hp_gain":0,"max_hp_loss":0,"event_name":"Upgrade Shrine","floor":20,"gold_loss":0,"cards_upgraded":["Apotheosis"]},{"damage_healed":0,"gold_gain":0,"player_choice":"Ignored","damage_taken":0,"max_hp_gain":0,"max_hp_loss":0,"event_name":"Beggar","floor":22,"gold_loss":0}],"is_beta":false,"boss_relics":[{"not_picked":["Fusion Hammer","Nuclear Battery"],"picked":"Runic Pyramid"}],"items_purged_floors":[],"is_endless":false,"potions_floor_spawned":[4,10,11,16,25],"killed_by":"Chosen and Byrds","ascension_level":13}