{"path_per_floor":["M","?","M","M","?","R","M","R","T","$","E","?","R","M","R","B",null,"M","M","$","M","?","R","M","R","T","R","?","?","M","$","R","B",null,"M","?","?","M","?","R","M","M","T"],"character_chosen":"IRONCLAD","items_purchased":["Flex","Pummel"],"gold_per_floor":[110,110,124,136,136,136,151,151,151,31,66,66,66,86,86,180,180,195,210,110,124,124,124,138,138,138,138,138,138,158,89,89,188,188,203,203,203,227,277,277,296,312,335,335],"floor_reached":44,"campfire_rested":3,"playtime":1045,"item_purchase_floors":[10,31],"current_hp_per_floor":[64,69,66,71,71,71,68,68,68,68,56,56,56,58,58,26,61,42,41,41,47,47,47,20,20,20,41,41,41,31,31,52,15,58,42,42,32,16,16,37,47,19,19,0],"items_purged":["Strike_R","Strike_R"],"gold":335,"score":758,"play_id":"4155b459-79c9-42fe-9842-79c274f39c76","local_time":"20180614202015","is_prod":false,"is_daily":false,"chose_seed":false,"is_ascension_mode":true,"campfire_upgraded":6,"win_rate":0,"timestamp":1528975215,"campfire_choices":[{"data":"Whirlwind","floor":6,"key":"SMITH"},{"data":"Spot Weakness","floor":8,"key":"SMITH"},{"data":"Flex","floor":13,"key":"SMITH"},{"data":"Seeing Red","floor":15,"key":"SMITH"},{"data":"Limit Break","floor":23,"key":"SMITH"},{"data":"Heavy Blade","floor":25,"key":"SMITH"},{"floor":27,"key":"REST"},{"floor":32,"key":"REST"},{"floor":40,"key":"REST"}],"path_taken":["M","?","?","M","?","R","M","R","T","$","E","?","R","M","R","BOSS","M","M","$","M","?","R","?","R","T","R","?","?","M","$","R","BOSS","M","?","?","?","?","R","M","M","T","M"],"build_version":"2018-06-13v3","seed_source_timestamp":72486735282789,"purchased_purges":2,"victory":false,"master_deck":["Strike_R","Defend_R","Defend_R","Defend_R","Defend_R","Bash","AscendersBane","Twin Strike","Whirlwind+1","Spot Weakness+1","Flex+1","Seeing Red+1","Limit Break+1","Shrug It Off","Heavy Blade+1","Iron Wave","Inflame+1","Limit Break+1","Pummel","Injury","Flash of Steel","Flash of Steel","Flex"],"max_hp_per_floor":[75,80,80,80,72,72,72,72,72,72,72,72,72,72,72,72,72,72,72,72,72,72,72,72,72,72,72,72,72,72,72,72,72,72,72,72,72,72,72,72,72,72,72,72],"relics":["Black Blood","Golden Idol","Paper Frog","Gremlin Horn","Mark of Pain","Toolbox","Pen Nib"],"card_choices":[{"not_picked":["Shrug It Off","Armaments"],"picked":"Twin Strike","floor":1},{"not_picked":["Combust","True Grit"],"picked":"Whirlwind","floor":3},{"not_picked":["Perfected Strike","Corruption"],"picked":"Spot Weakness","floor":4},{"not_picked":["Bloodletting","Sword Boomerang","Dropkick"],"picked":"SKIP","floor":7},{"not_picked":["Body Slam","Hemokinesis"],"picked":"Seeing Red","floor":11},{"not_picked":["Warcry","Anger","Twin Strike"],"picked":"SKIP","floor":14},{"not_picked":["Impervious","Immolate"],"picked":"Limit Break","floor":16},{"not_picked":["Wild Strike","Entrench"],"picked":"Shrug It Off","floor":18},{"not_picked":["Heavy Blade","Havoc","Perfected Strike"],"picked":"SKIP","floor":19},{"not_picked":["Havoc","Perfected Strike"],"picked":"Heavy Blade","floor":19},{"not_picked":["Body Slam","True Grit+1","Sentinel"],"picked":"SKIP","floor":21},{"not_picked":["Flex","Thunderclap"],"picked":"Inflame+1","floor":24},{"not_picked":["Sentinel","Shrug It Off"],"picked":"Limit Break","floor":30},{"not_picked":["Pommel Strike","Armaments","Anger+1"],"picked":"SKIP","floor":35},{"not_picked":["Dark Shackles","Deep Breath"],"picked":"Flash of Steel","floor":37},{"not_picked":["Apotheosis","Good Instincts"],"picked":"Flash of Steel","floor":37},{"not_picked":["Pommel Strike","Power Through","Iron Wave"],"picked":"SKIP","floor":38},{"not_picked":["Seeing Red","Perfected Strike","Flex"],"picked":"SKIP","floor":41},{"not_picked":["Seeing Red","Perfected Strike"],"picked":"Flex","floor":41},{"not_picked":["Anger","Perfected Strike","Reckless Charge"],"picked":"SKIP","floor":42}],"player_experience":513202,"potions_floor_usage":[21,38,42,42],"damage_taken":[{"damage":10,"enemies":"Jaw Worm","floor":1,"turns":6},{"damage":9,"enemies":"2 Louse","floor":3,"turns":3},{"damage":1,"enemies":"Cultist","floor":4,"turns":3},{"damage":9,"enemies":"2 Fungi Beasts","floor":7,"turns":3},{"damage":18,"enemies":"3 Sentries","floor":11,"turns":4},{"damage":4,"enemies":"3 Louse","floor":14,"turns":3},{"damage":38,"enemies":"Slime Boss","floor":16,"turns":8},{"damage":25,"enemies":"Spheric Guardian","floor":18,"turns":4},{"damage":7,"enemies":"Chosen","floor":19,"turns":3},{"damage":0,"enemies":"Centurion and Healer","floor":21,"turns":4},{"damage":33,"enemies":"Snake Plant","floor":24,"turns":4},{"damage":16,"enemies":"Cultist and Chosen","floor":30,"turns":4},{"damage":43,"enemies":"Champ","floor":33,"turns":6},{"damage":26,"enemies":"3 Shapes","floor":35,"turns":2},{"damage":26,"enemies":"Flame Bruiser 1 Orb","floor":38,"turns":3},{"damage":0,"enemies":"3 Darklings","floor":41,"turns":2},{"damage":38,"enemies":"4 Shapes","floor":42,"turns":6},{"damage":32,"enemies":"Maw","floor":44,"turns":4}],"relics_obtained":[{"floor":9,"key":"Paper Frog"},{"floor":11,"key":"Gremlin Horn"},{"floor":26,"key":"Toolbox"},{"floor":43,"key":"Pen Nib"}],"event_choices":[{"event_name":"Big Fish","player_choice":"Donut","floor":2,"damage_taken":0},{"event_name":"Golden Idol","player_choice":"Lose Max HP","floor":5,"damage_taken":0},{"event_name":"Living Wall","player_choice":"Forget","floor":12,"damage_taken":0},{"event_name":"Transmorgrifier","player_choice":"Transform","floor":22,"damage_taken":0},{"event_name":"Cursed Tome","player_choice":"Ignored","floor":28,"damage_taken":0},{"event_name":"The Lab","player_choice":"Got Potions","floor":29,"damage_taken":0},{"event_name":"Accursed Blacksmith","player_choice":"Forge","floor":36,"damage_taken":0},{"event_name":"SensoryStone","player_choice":"Memory 3","floor":37,"damage_taken":0},{"event_name":"Golden Shrine","player_choice":"Pray","floor":39,"damage_taken":0}],"boss_relics":[{"not_picked":["Velvet Choker","Fusion Hammer"],"picked":"Mark of Pain"},{"not_picked":["Runic Pyramid","Lizard Tail"],"picked":"Black Blood"}],"items_purged_floors":[10,20],"potions_floor_spawned":[4,11,14,18,30,35,41],"seed_played":"-105727109362956896","killed_by":"Maw","ascension_level":15,"potions_obtained":[{"floor":4,"key":"Explosive Potion"},{"floor":11,"key":"SneckoOil"},{"floor":18,"key":"PowerPotion"},{"floor":29,"key":"Strength Potion"},{"floor":41,"key":"AttackPotion"}],"is_trial":false}