{"gold_per_floor":[111,111,128,142,33,33,52,52,75,110,184,184,184,165,165,270,270,280,293,208,226,226],"floor_reached":22,"playtime":1344,"items_purged":["Strike_R"],"score":226,"play_id":"f8cfdc01-53fe-4608-b9b5-0c6e1a3c7b38","local_time":"20181108191441","is_ascension_mode":true,"campfire_choices":[{"data":"Bash","floor":6,"key":"SMITH"},{"data":"Sever Soul","floor":8,"key":"SMITH"},{"data":"Shrug It Off","floor":12,"key":"SMITH"},{"data":"Warcry","floor":15,"key":"SMITH"}],"neow_cost":"NONE","seed_source_timestamp":377826468052731,"circlet_count":0,"master_deck":["Strike_R","Strike_R","Strike_R","Defend_R","Defend_R","Defend_R","Defend_R","Bash+1","Warcry+1","Exhume","Dropkick","Sever Soul+1","Shrug It Off+1","Double Tap","Headbutt","Havoc"],"relics":["Burning Blood","Dodecahedron","Blood Vial","Anchor","Runic Cube","Orichalcum"],"potions_floor_usage":[13],"damage_taken":[{"damage":6,"enemies":"Cultist","floor":1,"turns":4},{"damage":3,"enemies":"Jaw Worm","floor":3,"turns":4},{"damage":3,"enemies":"2 Louse","floor":4,"turns":3},{"damage":16,"enemies":"Large Slime","floor":7,"turns":8},{"damage":60,"enemies":"3 Sentries","floor":10,"turns":10},{"damage":0,"enemies":"Gremlin Gang","floor":13,"turns":1},{"damage":1,"enemies":"Exordium Thugs","floor":14,"turns":4},{"damage":31,"enemies":"The Guardian","floor":16,"turns":16},{"damage":7,"enemies":"3 Byrds","floor":18,"turns":6},{"damage":12,"enemies":"Chosen","floor":19,"turns":4},{"damage":63,"enemies":"3 Cultists","floor":21,"turns":7},{"damage":31,"enemies":"Shelled Parasite and Fungi","floor":22,"turns":3}],"seed_played":"-1817976781069039954","potions_obtained":[{"floor":3,"key":"SmokeBomb"},{"floor":7,"key":"SmokeBomb"},{"floor":16,"key":"Strength Potion"},{"floor":19,"key":"Swift Potion"}],"is_trial":false,"path_per_floor":["M","T","M","M","$","R","M","R","T","E","?","R","M","M","R","B",null,"M","M","?","M","M"],"character_chosen":"IRONCLAD","items_purchased":["Sever Soul"],"campfire_rested":0,"item_purchase_floors":[5],"current_hp_per_floor":[80,80,80,80,80,80,70,70,70,18,18,18,26,33,33,10,80,79,74,74,19,0],"gold":226,"neow_bonus":"REMOVE_CARD","is_prod":false,"is_daily":false,"chose_seed":false,"campfire_upgraded":4,"win_rate":0,"timestamp":1541722481,"path_taken":["M","?","?","M","$","R","M","R","T","E","?","R","M","M","R","BOSS","M","M","?","M","M"],"build_version":"2018-11-07","purchased_purges":1,"victory":false,"max_hp_per_floor":[80,80,80,80,80,80,80,80,80,80,80,80,80,80,80,80,80,80,80,80,80,80],"card_choices":[{"not_picked":["Anger","Flex"],"picked":"Warcry","floor":1},{"not_picked":["Flame Barrier","Cleave"],"picked":"Exhume","floor":3},{"not_picked":["Twin Strike","Warcry"],"picked":"Dropkick","floor":4},{"not_picked":["Cleave","Combust","Flex"],"picked":"SKIP","floor":7},{"not_picked":["Cleave","Combust","Flex"],"picked":"SKIP","floor":7},{"not_picked":["Exhume","Limit Break"],"picked":"Shrug It Off","floor":10},{"not_picked":["Heavy Blade","Iron Wave","Dual Wield"],"picked":"SKIP","floor":14},{"not_picked":["Bludgeon","Reaper"],"picked":"Double Tap","floor":16},{"not_picked":["Evolve+1","Pommel Strike"],"picked":"Headbutt","floor":18},{"not_picked":["Entrench","Body Slam+1","Flame Barrier+1"],"picked":"SKIP","floor":19},{"not_picked":["Carnage","Thunderclap"],"picked":"Havoc","floor":21}],"player_experience":334670,"relics_obtained":[{"floor":2,"key":"Dodecahedron"},{"floor":9,"key":"Blood Vial"},{"floor":10,"key":"Anchor"}],"event_choices":[{"damage_healed":0,"gold_gain":74,"player_choice":"Gained Gold","damage_taken":0,"max_hp_gain":0,"max_hp_loss":0,"event_name":"Golden Wing","floor":11,"gold_loss":0},{"damage_healed":0,"gold_gain":0,"player_choice":"Obtained Relic","damage_taken":0,"relics_obtained":["Orichalcum"],"max_hp_gain":0,"max_hp_loss":0,"event_name":"Addict","floor":20,"gold_loss":85}],"is_beta":true,"boss_relics":[{"not_picked":["Orrery","Coffee Dripper"],"picked":"Runic Cube"}],"items_purged_floors":[5],"is_endless":false,"potions_floor_spawned":[3,7,16,19],"killed_by":"Shelled Parasite and Fungi","ascension_level":4}