{"gold_per_floor":[116,130,205,219,184,184,215,215,215,215,249,9,9,40,40,138,138,155,33,52,62,62,62],"floor_reached":23,"playtime":1565,"items_purged":[],"score":267,"play_id":"ddd38e21-a09e-4a7e-a44c-7f2fd3daa9c7","local_time":"20181010203848","is_ascension_mode":true,"campfire_choices":[{"data":"Demon Form","floor":6,"key":"SMITH"},{"data":"Armaments","floor":8,"key":"SMITH"},{"data":"True Grit","floor":10,"key":"SMITH"},{"data":"Offering","floor":13,"key":"SMITH"},{"data":"Fiend Fire","floor":15,"key":"SMITH"}],"neow_cost":"PERCENT_DAMAGE","seed_source_timestamp":366485402801432,"circlet_count":0,"master_deck":["Strike_R","Strike_R","Strike_R","Strike_R","Strike_R","Defend_R","Defend_R","Defend_R+1","Defend_R+1","Bash","Fiend Fire+1","Cleave","True Grit+1","Demon Form+1","Armaments+1","Offering+1","Dropkick","Barricade","Power Through+1","True Grit+1","Anger+1"],"relics":["Burning Blood","Mango","Singing Bowl","Calipers","Meat on the Bone","War Paint","Black Star","Tiny Chest"],"potions_floor_usage":[4,4,7,16,21,23],"damage_taken":[{"damage":6,"enemies":"2 Louse","floor":1,"turns":2},{"damage":4,"enemies":"Small Slimes","floor":2,"turns":3},{"damage":0,"enemies":"Jaw Worm","floor":4,"turns":1},{"damage":20,"enemies":"3 Sentries","floor":7,"turns":6},{"damage":24,"enemies":"Gremlin Nob","floor":11,"turns":4},{"damage":6,"enemies":"Lagavulin","floor":14,"turns":4},{"damage":16,"enemies":"The Guardian","floor":16,"turns":6},{"damage":6,"enemies":"Chosen","floor":18,"turns":3},{"damage":48,"enemies":"Shell Parasite","floor":20,"turns":5},{"damage":47,"enemies":"Centurion and Healer","floor":21,"turns":10},{"damage":55,"enemies":"Book of Stabbing","floor":23,"turns":7}],"seed_played":"-5227790643946302928","potions_obtained":[{"floor":1,"key":"EntropicBrew"},{"floor":4,"key":"SmokeBomb"},{"floor":11,"key":"FearPotion"},{"floor":20,"key":"Weak Potion"},{"floor":21,"key":"SkillPotion"}],"is_trial":false,"path_per_floor":["M","M","?","M","?","R","E","R","T","R","E","$","R","E","R","B",null,"M","$","M","M","$"],"character_chosen":"IRONCLAD","items_purchased":["Meat on the Bone","Tiny Chest"],"campfire_rested":0,"item_purchase_floors":[12,19],"current_hp_per_floor":[56,58,47,53,73,73,73,73,73,73,55,55,55,55,55,57,94,94,94,64,35,35,0],"gold":62,"neow_bonus":"THREE_RARE_CARDS","is_prod":false,"is_daily":false,"chose_seed":false,"campfire_upgraded":5,"win_rate":0,"timestamp":1539229128,"path_taken":["M","M","?","M","?","R","E","R","T","R","E","$","R","E","R","BOSS","M","$","M","?","?","E"],"build_version":"2018-10-04v2","purchased_purges":0,"victory":false,"max_hp_per_floor":[80,80,80,80,80,80,94,94,94,94,94,94,94,94,94,94,94,94,94,94,94,94,94],"card_choices":[{"not_picked":["Berserk","Offering"],"picked":"Fiend Fire","floor":0},{"not_picked":["Reckless Charge","Warcry"],"picked":"Cleave","floor":1},{"not_picked":["Dual Wield","Havoc"],"picked":"True Grit","floor":2},{"not_picked":["Havoc","Whirlwind"],"picked":"Demon Form","floor":4},{"not_picked":["Uppercut","Ghostly Armor"],"picked":"Armaments","floor":7},{"not_picked":["Searing Blow","Rupture"],"picked":"Offering","floor":11},{"not_picked":["Clothesline","Havoc"],"picked":"Dropkick","floor":14},{"not_picked":["Berserk","Impervious"],"picked":"Barricade","floor":16},{"not_picked":["Sword Boomerang+1","Iron Wave+1"],"picked":"Power Through+1","floor":18},{"not_picked":["Power Through","Combust"],"picked":"True Grit+1","floor":20},{"not_picked":["Clothesline","Whirlwind"],"picked":"Anger+1","floor":21}],"player_experience":222854,"relics_obtained":[{"floor":7,"key":"Mango"},{"floor":9,"key":"Singing Bowl"},{"floor":11,"key":"Calipers"},{"floor":14,"key":"War Paint"}],"event_choices":[{"event_name":"World of Goop","player_choice":"Gather Gold","floor":3,"damage_taken":0},{"event_name":"The Cleric","player_choice":"Healed","floor":5,"damage_taken":0}],"is_beta":false,"boss_relics":[{"not_picked":["Astrolabe","Fusion Hammer"],"picked":"Black Star"}],"items_purged_floors":[],"is_endless":false,"potions_floor_spawned":[1,4,11,20,21],"killed_by":"Book of Stabbing","ascension_level":3}