{"gold_per_floor":[110,110,124,43,43,71,82,112,142,162,189,206,206,217,217,217],"floor_reached":16,"playtime":477,"items_purged":[],"score":142,"play_id":"f43a45de-f7b5-49e9-ac54-39b2116e8234","local_time":"20190303144433","is_ascension_mode":true,"campfire_choices":[{"data":"Bash","floor":13,"key":"SMITH"},{"data":"Discovery","floor":15,"key":"SMITH"}],"neow_cost":"NONE","seed_source_timestamp":21984903597160,"circlet_count":0,"master_deck":["Strike_R","Strike_R","Strike_R+1","Strike_R+1","Strike_R","Defend_R+1","Defend_R","Defend_R","Bash+1","Sword Boomerang","Discovery+1","Double Tap+1"],"relics":["Burning Blood","NeowsBlessing","Blood Vial","Letter Opener","Tiny Chest","Odd Mushroom","War Paint"],"potions_floor_usage":[8],"damage_taken":[{"damage":0,"enemies":"Small Slimes","floor":1,"turns":1},{"damage":0,"enemies":"Jaw Worm","floor":3,"turns":1},{"damage":0,"enemies":"Gremlin Nob","floor":6,"turns":1},{"damage":6,"enemies":"2 Louse","floor":7,"turns":2},{"damage":21,"enemies":"Lagavulin","floor":8,"turns":6},{"damage":21,"enemies":"The Mushroom Lair","floor":10,"turns":3},{"damage":5,"enemies":"Exordium Wildlife","floor":12,"turns":3},{"damage":5,"enemies":"Gremlin Gang","floor":14,"turns":3},{"damage":54,"enemies":"The Guardian","floor":16,"turns":8}],"seed_played":"8365823012113916140","potions_obtained":[{"floor":3,"key":"PowerPotion"},{"floor":6,"key":"FearPotion"},{"floor":10,"key":"Explosive Potion"}],"is_trial":false,"path_per_floor":["M","?","M","$","?","E","M","E","T","?","T","M","R","M","R","B"],"character_chosen":"IRONCLAD","items_purchased":["Discovery"],"campfire_rested":0,"item_purchase_floors":[4],"current_hp_per_floor":[80,73,79,79,63,69,71,58,58,45,45,48,48,51,51,0],"gold":217,"neow_bonus":"THREE_ENEMY_KILL","is_prod":false,"is_daily":false,"chose_seed":false,"campfire_upgraded":2,"win_rate":0,"timestamp":1551620673,"path_taken":["M","?","M","$","?","E","M","E","T","?","?","M","R","?","R","BOSS"],"build_version":"2019-01-23","purchased_purges":0,"victory":false,"max_hp_per_floor":[80,80,80,80,80,80,80,80,80,80,80,80,80,80,80,80],"card_choices":[{"not_picked":["Body Slam","Havoc"],"picked":"Sword Boomerang","floor":1},{"not_picked":["Disarm","Bloodletting","Reckless Charge"],"picked":"SKIP","floor":3},{"not_picked":["Berserk","Iron Wave","Havoc"],"picked":"SKIP","floor":6},{"not_picked":["Blood for Blood","Iron Wave","Body Slam"],"picked":"SKIP","floor":7},{"not_picked":["Evolve","Clash"],"picked":"Double Tap","floor":8},{"not_picked":["Wild Strike","Second Wind","Warcry"],"picked":"SKIP","floor":12},{"not_picked":["Clash","Entrench","Twin Strike"],"picked":"SKIP","floor":14}],"player_experience":1054911,"relics_obtained":[{"floor":6,"key":"Blood Vial"},{"floor":8,"key":"Letter Opener"},{"floor":9,"key":"Tiny Chest"},{"floor":10,"key":"Odd Mushroom"},{"floor":11,"key":"War Paint"}],"event_choices":[{"cards_removed":["Defend_R"],"damage_healed":0,"gold_gain":0,"player_choice":"Card Removal","damage_taken":7,"max_hp_gain":0,"max_hp_loss":0,"event_name":"Golden Wing","floor":2,"gold_loss":0},{"damage_healed":0,"gold_gain":0,"player_choice":"Entered Light","damage_taken":16,"max_hp_gain":0,"max_hp_loss":0,"event_name":"Shining Light","floor":5,"gold_loss":0,"cards_upgraded":["Strike_R","Strike_R"]},{"damage_healed":0,"gold_gain":0,"player_choice":"Fought Mushrooms","damage_taken":0,"max_hp_gain":0,"max_hp_loss":0,"event_name":"Mushrooms","floor":10,"gold_loss":0}],"is_beta":false,"boss_relics":[],"items_purged_floors":[],"is_endless":false,"potions_floor_spawned":[3,6,10],"killed_by":"The Guardian","ascension_level":1}