{"gold_per_floor":[111,121,121,24,44,44,44,75,75,250,268,288,288,302,302,405,405,418,232,232,249,267,267,281,156,231,231,242,257,271,291,291,390,390,404,43,92,92,103,103,0,29,29,43,43,69,84,99,99,99],"floor_reached":51,"playtime":4243,"items_purged":["Defend_G","Strike_G","Doubt","Strike_G"],"score":738,"play_id":"6c5d0e8e-7783-4922-bd7c-8a90750f58c3","local_time":"20180815161616","is_ascension_mode":false,"campfire_choices":[{"data":"Deadly Poison","floor":6,"key":"SMITH"},{"data":"Deadly Poison","floor":13,"key":"SMITH"},{"data":"Deadly Poison","floor":15,"key":"SMITH"},{"data":"Catalyst","floor":23,"key":"SMITH"},{"data":"Deadly Poison","floor":27,"key":"SMITH"},{"data":"Footwork","floor":32,"key":"SMITH"},{"data":"Catalyst","floor":40,"key":"SMITH"},{"floor":45,"key":"REST"},{"floor":49,"key":"REST"}],"neow_cost":"NONE","seed_source_timestamp":397419208373247,"circlet_count":0,"master_deck":["Defend_G","Defend_G","Defend_G","Defend_G","Strike_G","Survivor","Neutralize+1","Dodge and Roll","Prepared+1","Deadly Poison+1","Deadly Poison+1","Heel Hook+1","Caltrops","Deadly Poison+1","After Image","Footwork+1","Deadly Poison+1","Catalyst+1","Backflip","Crippling Poison+1","Dodge and Roll+1","Adrenaline","Dodge and Roll+1","Crippling Poison","Catalyst+1","Finesse","Writhe","Acrobatics+1","Catalyst+1"],"relics":["White Beast Statue","Pantograph","Mercury Hourglass","Velvet Choker","Mummified Hand","Black Star","Calipers","Red Mask","Boot","Whetstone","Pen Nib","Oddly Smooth Stone","War Paint"],"potions_floor_usage":[8,11,16,28,29,31,33,42,46,48,50,50,50],"damage_taken":[{"damage":5,"enemies":"2 Louse","floor":1,"turns":4},{"damage":1,"enemies":"Jaw Worm","floor":2,"turns":5},{"damage":0,"enemies":"Cultist","floor":5,"turns":4},{"damage":3,"enemies":"Lagavulin","floor":8,"turns":8},{"damage":12,"enemies":"Gremlin Gang","floor":11,"turns":3},{"damage":0,"enemies":"3 Louse","floor":12,"turns":3},{"damage":0,"enemies":"Looter","floor":14,"turns":3},{"damage":20,"enemies":"Hexaghost","floor":16,"turns":7},{"damage":8,"enemies":"Shell Parasite","floor":18,"turns":5},{"damage":11,"enemies":"Spheric Guardian","floor":21,"turns":6},{"damage":11,"enemies":"Snake Plant","floor":22,"turns":3},{"damage":0,"enemies":"Centurion and Healer","floor":24,"turns":6},{"damage":0,"enemies":"3 Cultists","floor":28,"turns":5},{"damage":0,"enemies":"Sentry and Sphere","floor":29,"turns":4},{"damage":0,"enemies":"Cultist and Chosen","floor":30,"turns":5},{"damage":0,"enemies":"3 Cultists","floor":31,"turns":4},{"damage":20,"enemies":"Champ","floor":33,"turns":7},{"damage":13,"enemies":"3 Darklings","floor":35,"turns":5},{"damage":20,"floor":37,"turns":4},{"damage":0,"enemies":"Orb Walker","floor":39,"turns":3},{"damage":8,"enemies":"2 Orb Walkers","floor":42,"turns":6},{"damage":4,"enemies":"Sphere and 2 Shapes","floor":44,"turns":4},{"damage":0,"enemies":"Giant Head","floor":46,"turns":6},{"damage":21,"enemies":"3 Darklings","floor":47,"turns":5},{"damage":44,"enemies":"Flame Bruiser 2 Orb","floor":48,"turns":4},{"damage":7,"enemies":"Time Eater","floor":50,"turns":6}],"seed_played":"6055706146552187916","potions_obtained":[{"floor":1,"key":"EssenceOfSteel"},{"floor":2,"key":"Strength Potion"},{"floor":5,"key":"LiquidBronze"},{"floor":8,"key":"Fire Potion"},{"floor":11,"key":"Block Potion"},{"floor":14,"key":"Explosive Potion"},{"floor":16,"key":"Swift Potion"},{"floor":22,"key":"Poison Potion"},{"floor":24,"key":"Block Potion"},{"floor":28,"key":"Swift Potion"},{"floor":29,"key":"Energy Potion"},{"floor":30,"key":"Dexterity Potion"},{"floor":31,"key":"Energy Potion"},{"floor":33,"key":"Poison Potion"},{"floor":42,"key":"Weak Potion"},{"floor":44,"key":"Fruit Juice"},{"floor":46,"key":"Explosive Potion"},{"floor":48,"key":"Dexterity Potion"}],"is_trial":false,"path_per_floor":["M","M","?","$","M","R","?","E","T","?","M","M","R","M","R","B",null,"M","$","?","M","M","R","M","$","T","R","M","M","M","M","R","B",null,"M","$","?","?","M","R","?","E","T","M","R","E","M","M","R","B"],"character_chosen":"THE_SILENT","items_purchased":["Deadly Poison","Footwork","Deadly Poison","Crippling Poison","Catalyst","Finesse"],"campfire_rested":2,"item_purchase_floors":[4,19,19,36,36,36],"current_hp_per_floor":[65,64,57,57,57,57,57,54,54,54,42,42,42,42,42,47,70,62,62,62,51,40,40,40,40,40,40,40,40,40,40,40,45,70,57,57,37,55,55,55,55,47,47,43,64,69,48,4,26,44],"gold":99,"neow_bonus":"BOSS_RELIC","is_prod":false,"is_daily":false,"chose_seed":false,"campfire_upgraded":7,"win_rate":0.0,"timestamp":1534364176,"path_taken":["M","M","?","$","M","R","?","E","T","?","M","M","R","?","R","BOSS","M","$","?","M","M","R","M","$","T","R","?","M","M","M","R","BOSS","M","$","?","?","M","R","?","E","T","M","R","E","M","?","R","BOSS"],"build_version":"2018-08-09","purchased_purges":4,"victory":true,"max_hp_per_floor":[70,70,70,70,70,70,70,70,70,70,70,70,70,70,70,70,70,70,70,70,70,70,70,70,70,70,70,70,70,70,70,70,70,70,70,70,70,70,70,70,70,70,70,70,70,75,75,75,75,75],"card_choices":[{"not_picked":["Outmaneuver","Dagger Throw"],"picked":"Dodge and Roll","floor":1},{"not_picked":["Quick Slash","PiercingWail"],"picked":"Prepared","floor":2},{"not_picked":["Riddle With Holes","Finisher"],"picked":"Deadly Poison","floor":5},{"not_picked":["Expertise","Underhanded Strike","Infinite Blades"],"picked":"SKIP","floor":8},{"not_picked":["Outmaneuver","Slice","Acrobatics"],"picked":"SKIP","floor":11},{"not_picked":["Deflect","Dagger Spray"],"picked":"Caltrops","floor":12},{"not_picked":["Dagger Throw","Poisoned Stab"],"picked":"Deadly Poison","floor":14},{"not_picked":["Wraith Form v2","Unload"],"picked":"After Image","floor":16},{"not_picked":["Prepared","Blade Dance+1","Flying Knee+1"],"picked":"SKIP","floor":18},{"not_picked":["Sucker Punch","Flying Knee"],"picked":"Backflip","floor":21},{"not_picked":["Poisoned Stab","Blur","Backflip"],"picked":"SKIP","floor":22},{"not_picked":["Terror","Dagger Spray","Underhanded Strike"],"picked":"SKIP","floor":24},{"not_picked":["Choke","Prepared"],"picked":"Crippling Poison+1","floor":28},{"not_picked":["Blade Dance+1","All Out Attack","Eviscerate"],"picked":"SKIP","floor":29},{"not_picked":["Wraith Form v2","Dagger Spray","Outmaneuver"],"picked":"SKIP","floor":30},{"not_picked":["Dagger Throw","Dagger Spray"],"picked":"Dodge and Roll+1","floor":31},{"not_picked":["A Thousand Cuts","Unload"],"picked":"Adrenaline","floor":33},{"not_picked":["Slice+1","Backflip"],"picked":"Dodge and Roll+1","floor":35},{"not_picked":["Prepared","Poisoned Stab+1"],"picked":"Acrobatics+1","floor":39},{"not_picked":["Prepared","Venomology","Quick Slash+1"],"picked":"SKIP","floor":42},{"not_picked":["Blade Dance+1","Choke+1"],"picked":"Catalyst","floor":44},{"not_picked":["Deflect","Endless Agony","All Out Attack"],"picked":"SKIP","floor":46},{"not_picked":["Riddle With Holes","Underhanded Strike+1","Heel Hook"],"picked":"SKIP","floor":47},{"not_picked":["Blade Dance+1","Well Laid Plans+1","Deadly Poison"],"picked":"SKIP","floor":48}],"player_experience":25368,"relics_obtained":[{"floor":8,"key":"Pantograph"},{"floor":9,"key":"Mercury Hourglass"},{"floor":26,"key":"Mummified Hand"},{"floor":37,"key":"Calipers"},{"floor":42,"key":"Boot"},{"floor":42,"key":"Whetstone"},{"floor":43,"key":"Pen Nib"},{"floor":46,"key":"Oddly Smooth Stone"},{"floor":46,"key":"War Paint"}],"event_choices":[{"event_name":"Golden Wing","player_choice":"Card Removal","floor":3,"damage_taken":0},{"event_name":"Living Wall","player_choice":"Change","floor":7,"damage_taken":0},{"event_name":"Liars Game","player_choice":"agreed","floor":10,"damage_taken":0},{"event_name":"The Library","player_choice":"Read","floor":20,"damage_taken":0},{"event_name":"Mysterious Sphere","player_choice":"Fight","floor":37,"damage_taken":0},{"event_name":"Winding Halls","player_choice":"Writhe","floor":38,"damage_taken":0},{"event_name":"Tomb of Lord Red Mask","player_choice":"Paid","floor":41,"damage_taken":0}],"is_beta":false,"boss_relics":[{"not_picked":["Calling Bell","Snecko Eye"],"picked":"Velvet Choker"},{"not_picked":["Sozu","Tiny House"],"picked":"Black Star"}],"items_purged_floors":[4,19,25,36],"is_endless":false,"potions_floor_spawned":[1,2,5,8,11,12,14,16,18,21,22,24,28,29,30,31,33,35,37,39,42,44,46,47,48],"ascension_level":0}