{"gold_per_floor":[110,185,198,123,73,73,134,134,134,166,66,66],"floor_reached":12,"playtime":524,"items_purged":["Strike_G","Strike_G"],"score":125,"play_id":"9fa7a7ca-726f-4368-a03d-ca1ea8e56300","local_time":"20190205201214","is_ascension_mode":true,"campfire_choices":[{"data":"Neutralize","floor":6,"key":"SMITH"},{"data":"Blur","floor":8,"key":"SMITH"}],"neow_cost":"NONE","seed_source_timestamp":337103263921927,"circlet_count":0,"master_deck":["Defend_G","Defend_G","Defend_G","Defend_G","Defend_G","Strike_G","Strike_G","Survivor","Neutralize+1","Prepared","Backflip","Blur+1","Calculated Gamble"],"relics":["Ring of the Snake","NeowsBlessing","Tiny Chest","Orichalcum"],"potions_floor_usage":[10,10],"damage_taken":[{"damage":0,"enemies":"Jaw Worm","floor":1,"turns":1},{"damage":0,"enemies":"2 Louse","floor":3,"turns":1},{"damage":0,"enemies":"Gremlin Nob","floor":7,"turns":1},{"damage":38,"enemies":"3 Sentries","floor":10,"turns":25},{"damage":26,"enemies":"Lagavulin","floor":12,"turns":14}],"seed_played":"4430625861905295124","potions_obtained":[{"floor":3,"key":"Regen Potion"},{"floor":7,"key":"Regen Potion"}],"is_trial":false,"path_per_floor":["M","?","M","$","?","R","E","R","T","E","$","E"],"character_chosen":"THE_SILENT","items_purchased":[],"campfire_rested":0,"item_purchase_floors":[],"current_hp_per_floor":[70,59,59,59,59,59,59,59,59,63,63,37],"gold":66,"neow_bonus":"THREE_ENEMY_KILL","is_prod":false,"is_daily":false,"chose_seed":false,"campfire_upgraded":2,"win_rate":0,"timestamp":1549386734,"path_taken":["M","?","M","$","?","R","E","R","T","E","$","E"],"build_version":"2019-01-23","purchased_purges":2,"victory":false,"max_hp_per_floor":[70,70,70,70,70,70,70,70,70,70,70,70],"card_choices":[{"not_picked":["Bane","Sucker Punch"],"picked":"Prepared","floor":1},{"not_picked":["Bane","Crippling Poison"],"picked":"Backflip","floor":3},{"not_picked":["Bane","Endless Agony"],"picked":"Blur","floor":7},{"not_picked":["Finisher","Tactician"],"picked":"Calculated Gamble","floor":10}],"player_experience":256218,"relics_obtained":[{"floor":7,"key":"Tiny Chest"},{"floor":10,"key":"Orichalcum"}],"event_choices":[{"damage_healed":0,"gold_gain":75,"player_choice":"Gather Gold","damage_taken":11,"max_hp_gain":0,"max_hp_loss":0,"event_name":"World of Goop","floor":2,"gold_loss":0},{"cards_removed":["Strike_G"],"damage_healed":0,"gold_gain":0,"player_choice":"Card Removal","damage_taken":0,"max_hp_gain":0,"max_hp_loss":0,"event_name":"The Cleric","floor":5,"gold_loss":50}],"is_beta":false,"boss_relics":[],"items_purged_floors":[4,11],"is_endless":false,"potions_floor_spawned":[3,7],"killed_by":"Lagavulin","ascension_level":3}