{"gold_per_floor":[116,116,47,66,78,105,116,66,119,137,149,166,17,30,30,30],"floor_reached":16,"playtime":1461,"items_purged":["Strike_R"],"score":106,"play_id":"6aa710ba-37ff-4000-be4f-38824591e631","local_time":"20190308201610","is_ascension_mode":false,"campfire_choices":[{"floor":15,"key":"REST"}],"neow_cost":"PERCENT_DAMAGE","seed_source_timestamp":142567453599,"circlet_count":0,"master_deck":["Strike_R","Defend_R+1","Defend_R","Defend_R+1","Defend_R","Bash","Whirlwind","Body Slam","Dark Embrace","Disarm","Flame Barrier","Thunderclap+1","Reckless Charge+1","Metallicize","Reaper+1","Flame Barrier"],"special_seed":0,"relics":["Burning Blood","Molten Egg 2","War Paint"],"potions_floor_usage":[14,14,16,16],"damage_taken":[{"damage":15.0,"enemies":"Jaw Worm","floor":1.0,"turns":4.0},{"damage":17.0,"enemies":"Cultist","floor":4.0,"turns":5.0},{"damage":3.0,"enemies":"Small Slimes","floor":5.0,"turns":5.0},{"damage":43.0,"enemies":"Gremlin Nob","floor":6.0,"turns":6.0},{"damage":17.0,"enemies":"Red Slaver","floor":7.0,"turns":5.0},{"damage":10,"enemies":"Looter","floor":10,"turns":3},{"damage":0,"enemies":"3 Louse","floor":11,"turns":1},{"damage":0,"enemies":"Large Slime","floor":12,"turns":3},{"damage":24,"enemies":"Exordium Thugs","floor":14,"turns":4},{"damage":54,"enemies":"Slime Boss","floor":16,"turns":12}],"seed_played":"-4969651395868720307","potions_obtained":[{"floor":6.0,"key":"SpeedPotion"},{"floor":11,"key":"Dexterity Potion"},{"floor":12,"key":"Swift Potion"},{"floor":14,"key":"Block Potion"}],"is_trial":false,"path_per_floor":["M","?","$","M","M","E","M","?","T","M","M","M","$","M","R","B"],"character_chosen":"IRONCLAD","items_purchased":["Dark Embrace","Reaper+1"],"campfire_rested":1,"item_purchase_floors":[3,13],"current_hp_per_floor":[47,80,80,69,72,35,24,24,24,20,26,32,32,17,41,0],"gold":30,"neow_bonus":"TRANSFORM_TWO_CARDS","is_prod":false,"is_daily":false,"chose_seed":false,"campfire_upgraded":0,"win_rate":0,"timestamp":1552043770,"path_taken":["M","?","$","M","M","E","?","?","T","M","M","M","$","M","R","BOSS"],"build_version":"2019-01-23","purchased_purges":1,"victory":false,"max_hp_per_floor":[80,80,80,80,80,80,80,80,80,80,80,80,80,80,80,80],"card_choices":[{"not_picked":["True Grit","Sword Boomerang"],"picked":"Body Slam","floor":1.0},{"not_picked":["Twin Strike","Perfected Strike"],"picked":"Disarm","floor":4.0},{"not_picked":["Fire Breathing","Bloodletting"],"picked":"Flame Barrier","floor":5.0},{"not_picked":["Headbutt","Pummel"],"picked":"Thunderclap","floor":6.0},{"not_picked":["Twin Strike+1","Carnage+1","Iron Wave+1"],"picked":"SKIP","floor":7.0},{"not_picked":["Headbutt+1","Clothesline+1"],"picked":"Reckless Charge+1","floor":10},{"not_picked":["Dropkick+1","Pommel Strike+1","Sentinel"],"picked":"SKIP","floor":11},{"not_picked":["Brutality","Perfected Strike+1"],"picked":"Metallicize","floor":12},{"not_picked":["Searing Blow+1","Iron Wave+1"],"picked":"Flame Barrier","floor":14}],"player_experience":227898,"relics_obtained":[{"floor":6.0,"key":"Molten Egg 2"},{"floor":9.0,"key":"War Paint"}],"event_choices":[{"cards_removed":["Pummel"],"damage_healed":33.0,"max_hp_gain":0.0,"max_hp_loss":0.0,"gold_gain":0.0,"event_name":"Bonfire Elementals","player_choice":"Offered Uncommon","floor":2.0,"gold_loss":0.0,"damage_taken":0.0},{"cards_removed":["Strike_R"],"damage_healed":0.0,"max_hp_gain":0.0,"max_hp_loss":0.0,"gold_gain":0.0,"event_name":"The Cleric","player_choice":"Card Removal","floor":8.0,"gold_loss":50.0,"damage_taken":0.0}],"is_beta":false,"boss_relics":[],"items_purged_floors":[13],"is_endless":false,"potions_floor_spawned":[6,11,12,14],"killed_by":"Slime Boss","ascension_level":0}