{"gold_per_floor":[110,122,141,29,48,48,74,74,99,99,99,99,99,110,110,205,205,205,205,205,205,152,152,152,152,152,152,152,152,152,152],"floor_reached":31,"playtime":1658,"items_purged":["Strike_G"],"score":239,"play_id":"1456d807-7a66-464d-9157-2c499dadbaea","local_time":"20181207044958","is_ascension_mode":false,"campfire_choices":[{"data":"Poisoned Stab","floor":6,"key":"SMITH"},{"data":"Noxious Fumes","floor":8,"key":"SMITH"},{"data":"Survivor","floor":13,"key":"SMITH"},{"floor":15,"key":"REST"},{"data":"Envenom","floor":23,"key":"SMITH"},{"data":"Outmaneuver","floor":28,"key":"SMITH"}],"neow_cost":"NONE","seed_source_timestamp":626947121719244,"circlet_count":0,"master_deck":["Defend_G","Defend_G","Defend_G","Defend_G","Defend_G","Strike_G","Strike_G","Strike_G","Survivor+1","Neutralize","Flying Knee","Poisoned Stab+1","Noxious Fumes+1","Envenom+1","Deadly Poison+1","Outmaneuver+1","Deadly Poison+1","Outmaneuver+1"],"relics":["Ring of the Snake","Potion Belt","Pen Nib","Snake Skull","Ectoplasm","Kunai"],"potions_floor_usage":[7,18,18,21,27,30],"damage_taken":[{"damage":0,"enemies":"Small Slimes","floor":1,"turns":5},{"damage":0,"enemies":"2 Louse","floor":2,"turns":3},{"damage":0,"enemies":"Cultist","floor":3,"turns":4},{"damage":4,"enemies":"Blue Slaver","floor":5,"turns":4},{"damage":28,"enemies":"Lagavulin","floor":7,"turns":6},{"damage":15,"enemies":"Lots of Slimes","floor":14,"turns":4},{"damage":13,"enemies":"Hexaghost","floor":16,"turns":9},{"damage":2,"enemies":"3 Byrds","floor":18,"turns":4},{"damage":11,"enemies":"Spheric Guardian","floor":20,"turns":5},{"damage":12,"enemies":"Snake Plant","floor":21,"turns":4},{"damage":20,"enemies":"Centurion and Healer","floor":24,"turns":6},{"damage":15,"enemies":"Shelled Parasite and Fungi","floor":27,"turns":5},{"damage":16,"enemies":"Snake Plant","floor":29,"turns":4},{"damage":17,"enemies":"3 Cultists","floor":30,"turns":5},{"damage":25,"enemies":"Cultist and Chosen","floor":31,"turns":6}],"seed_played":"-5914408226403804647","potions_obtained":[{"floor":1,"key":"Swift Potion"},{"floor":7,"key":"GhostInAJar"},{"floor":14,"key":"SpeedPotion"},{"floor":16,"key":"Explosive Potion"},{"floor":21,"key":"SteroidPotion"},{"floor":24,"key":"AttackPotion"},{"floor":27,"key":"SpeedPotion"}],"is_trial":false,"path_per_floor":["M","M","M","$","M","R","E","R","T","?","$","?","R","M","R","B",null,"M","?","M","M","$","R","M","?","T","M","R","M","M","M"],"character_chosen":"THE_SILENT","items_purchased":["Noxious Fumes","Outmaneuver"],"campfire_rested":1,"item_purchase_floors":[4,22],"current_hp_per_floor":[70,70,70,70,66,66,38,38,38,38,38,38,38,23,44,31,70,68,68,57,45,45,45,25,70,70,55,55,39,22,0],"gold":152,"neow_bonus":"RANDOM_COMMON_RELIC","is_prod":false,"is_daily":false,"chose_seed":false,"campfire_upgraded":5,"win_rate":0.0,"timestamp":1544176198,"path_taken":["M","M","M","$","M","R","E","R","T","?","$","?","R","M","R","BOSS","M","?","?","M","$","R","M","?","T","M","R","M","?","M"],"build_version":"2018-12-06","purchased_purges":1,"victory":false,"max_hp_per_floor":[70,70,70,70,70,70,70,70,70,70,70,70,70,70,70,70,70,70,70,70,70,70,70,70,70,70,70,70,70,70,70],"card_choices":[{"not_picked":["Heel Hook","Dagger Throw"],"picked":"Flying Knee","floor":1},{"not_picked":["Calculated Gamble","Deflect","PiercingWail"],"picked":"SKIP","floor":2},{"not_picked":["PiercingWail","Finisher"],"picked":"Poisoned Stab","floor":3},{"not_picked":["Dodge and Roll","Footwork","Dagger Spray"],"picked":"SKIP","floor":5},{"not_picked":["Backflip","Footwork","Prepared"],"picked":"SKIP","floor":7},{"not_picked":["Quick Slash","Distraction","Blade Dance"],"picked":"SKIP","floor":14},{"not_picked":["Malaise","A Thousand Cuts"],"picked":"Envenom","floor":16},{"not_picked":["Slice+1","Blade Dance","PiercingWail"],"picked":"SKIP","floor":18},{"not_picked":["Deflect","Poisoned Stab"],"picked":"Deadly Poison+1","floor":20},{"not_picked":["PiercingWail","Underhanded Strike","Slice"],"picked":"SKIP","floor":21},{"not_picked":["Flying Knee+1","Tools of the Trade"],"picked":"Deadly Poison+1","floor":24},{"not_picked":["Bane+1","Quick Slash"],"picked":"Outmaneuver+1","floor":27},{"not_picked":["PiercingWail","Prepared","Predator"],"picked":"SKIP","floor":29},{"not_picked":["Endless Agony","Deflect+1","Underhanded Strike"],"picked":"SKIP","floor":30}],"player_experience":180272,"relics_obtained":[{"floor":7,"key":"Pen Nib"},{"floor":9,"key":"Snake Skull"},{"floor":26,"key":"Kunai"}],"event_choices":[{"damage_healed":0,"gold_gain":0,"player_choice":"Fled","damage_taken":0,"max_hp_gain":0,"max_hp_loss":0,"event_name":"Scrap Ooze","floor":10,"gold_loss":0},{"damage_healed":0,"gold_gain":0,"player_choice":"Ignored","damage_taken":0,"max_hp_gain":0,"max_hp_loss":0,"event_name":"Liars Game","floor":12,"gold_loss":0},{"cards_removed":["Strike_G"],"damage_healed":0,"gold_gain":0,"player_choice":"Offered Basic","damage_taken":0,"max_hp_gain":0,"max_hp_loss":0,"event_name":"Bonfire Elementals","floor":19,"gold_loss":0},{"damage_healed":45,"gold_gain":0,"player_choice":"Full Heal","damage_taken":0,"max_hp_gain":0,"max_hp_loss":0,"event_name":"Wheel of Change","floor":25,"gold_loss":0}],"is_beta":false,"boss_relics":[{"not_picked":["Coffee Dripper","Fusion Hammer"],"picked":"Ectoplasm"}],"items_purged_floors":[4],"is_endless":false,"potions_floor_spawned":[1,7,14,16,21,24,27],"killed_by":"Cultist and Chosen","ascension_level":0}