{"gold_per_floor":[118,130,143,218,218,218,243,243,243,259,278,278,13,33,33,112,112,123,123,173,192,212,212,230,264,342,342,377,377,377],"floor_reached":30,"playtime":944,"items_purged":[],"score":486,"play_id":"72e2884d-3659-4dc2-9919-552b1397adef","local_time":"20181025004609","is_ascension_mode":true,"campfire_choices":[{"data":"Perfected Strike","floor":6,"key":"SMITH"},{"data":"Uppercut","floor":12,"key":"SMITH"},{"data":"Perfected Strike","floor":15,"key":"SMITH"},{"floor":23,"key":"REST"},{"floor":27,"key":"REST"}],"neow_cost":"NONE","seed_source_timestamp":480492834474597,"circlet_count":0,"master_deck":["Strike_R","Strike_R","Strike_R","Strike_R","Strike_R","Defend_R","Defend_R","Defend_R","Bash","AscendersBane","Uppercut+1","Perfected Strike+1","Spot Weakness","Headbutt","Pummel","Perfected Strike+1","Offering","Shrug It Off+1","Headbutt","Pommel Strike","Battle Trance"],"relics":["Burning Blood","Centennial Puzzle","Mercury Hourglass","Bag of Preparation","Gremlin Horn","Medical Kit","Lizard Tail","Question Card","Kunai","Letter Opener"],"potions_floor_usage":[11,16,21,24,25,28],"damage_taken":[{"damage":1,"enemies":"Cultist","floor":1,"turns":3},{"damage":10,"enemies":"Small Slimes","floor":2,"turns":3},{"damage":4,"enemies":"Jaw Worm","floor":3,"turns":4},{"damage":25,"enemies":"3 Sentries","floor":7,"turns":7},{"damage":4,"enemies":"Blue Slaver","floor":10,"turns":2},{"damage":9,"enemies":"Exordium Thugs","floor":11,"turns":3},{"damage":2,"enemies":"Exordium Wildlife","floor":14,"turns":3},{"damage":19,"enemies":"Hexaghost","floor":16,"turns":6},{"damage":18,"enemies":"2 Thieves","floor":18,"turns":3},{"damage":15,"enemies":"3 Byrds","floor":21,"turns":3},{"damage":26,"enemies":"Snecko","floor":22,"turns":4},{"damage":21,"enemies":"Centurion and Healer","floor":24,"turns":6},{"damage":24,"enemies":"Gremlin Leader","floor":25,"turns":5},{"damage":41,"enemies":"Slavers","floor":28,"turns":5},{"damage":24,"enemies":"Snake Plant","floor":30,"turns":2}],"seed_played":"5238368633546770685","potions_obtained":[{"floor":3,"key":"SteroidPotion"},{"floor":10,"key":"Poison Potion"},{"floor":11,"key":"Explosive Potion"},{"floor":21,"key":"Block Potion"},{"floor":22,"key":"BloodPotion"},{"floor":24,"key":"Dexterity Potion"}],"is_trial":false,"path_per_floor":["M","M","M","?","?","R","E","?","T","M","M","R","$","M","R","B",null,"M","?","?","M","M","R","M","E","T","R","E","?"],"character_chosen":"IRONCLAD","items_purchased":["Pummel","Medical Kit"],"campfire_rested":2,"item_purchase_floors":[13,13],"current_hp_per_floor":[73,69,71,60,49,49,30,23,23,25,22,22,22,26,26,13,60,48,48,48,39,19,41,33,15,15,37,43,22,0],"gold":377,"neow_bonus":"RANDOM_COMMON_RELIC","is_prod":false,"is_daily":false,"chose_seed":false,"campfire_upgraded":3,"win_rate":0,"timestamp":1540395969,"path_taken":["M","M","M","?","?","R","E","?","T","M","M","R","$","M","R","BOSS","M","?","?","M","M","R","M","E","T","R","E","?","?"],"build_version":"2018-10-18","purchased_purges":0,"victory":false,"max_hp_per_floor":[75,75,75,75,75,75,75,75,75,75,75,75,75,75,75,75,75,75,75,75,75,75,75,75,75,75,75,75,80,80],"card_choices":[{"not_picked":["Twin Strike","Warcry"],"picked":"Uppercut","floor":1},{"not_picked":["Pommel Strike","Power Through","Searing Blow"],"picked":"SKIP","floor":2},{"not_picked":["True Grit","Reckless Charge"],"picked":"Perfected Strike","floor":3},{"not_picked":["Evolve","Anger","Sever Soul"],"picked":"SKIP","floor":7},{"not_picked":["Blood for Blood","Spot Weakness","Burning Pact"],"picked":"SKIP","floor":10},{"not_picked":["Blood for Blood","Burning Pact"],"picked":"Spot Weakness","floor":10},{"not_picked":["Clash","Shockwave"],"picked":"Headbutt","floor":11},{"not_picked":["Twin Strike","Clash"],"picked":"Perfected Strike","floor":14},{"not_picked":["Bludgeon","Brutality"],"picked":"Offering","floor":16},{"not_picked":["Sword Boomerang","Intimidate"],"picked":"Shrug It Off+1","floor":18},{"not_picked":["Sever Soul","Rupture","Iron Wave"],"picked":"SKIP","floor":21},{"not_picked":["Iron Wave","Fire Breathing"],"picked":"Headbutt","floor":22},{"not_picked":["Havoc","Clothesline"],"picked":"Pommel Strike","floor":24},{"not_picked":["Havoc","Juggernaut"],"picked":"Battle Trance","floor":25},{"not_picked":["Spot Weakness","Searing Blow","Uppercut","Iron Wave"],"picked":"SKIP","floor":28}],"player_experience":718114,"relics_obtained":[{"floor":7,"key":"Bag of Preparation"},{"floor":9,"key":"Gremlin Horn"},{"floor":25,"key":"Question Card"},{"floor":26,"key":"Kunai"},{"floor":28,"key":"Letter Opener"}],"event_choices":[{"damage_healed":0,"gold_gain":75,"player_choice":"Gather Gold","damage_taken":11,"max_hp_gain":0,"max_hp_loss":0,"event_name":"World of Goop","floor":4,"gold_loss":0},{"damage_healed":0,"gold_gain":0,"player_choice":"Success","damage_taken":11,"relics_obtained":["Mercury Hourglass"],"max_hp_gain":0,"max_hp_loss":0,"event_name":"Scrap Ooze","floor":5,"gold_loss":0},{"cards_removed":["Defend_R"],"damage_healed":0,"gold_gain":0,"player_choice":"Card Removal","damage_taken":7,"max_hp_gain":0,"max_hp_loss":0,"event_name":"Golden Wing","floor":8,"gold_loss":0},{"damage_healed":0,"gold_gain":0,"player_choice":"Ignored","damage_taken":0,"max_hp_gain":0,"max_hp_loss":0,"event_name":"Ghosts","floor":19,"gold_loss":0},{"damage_healed":0,"gold_gain":50,"player_choice":"Stole From Cult","damage_taken":0,"max_hp_gain":0,"max_hp_loss":0,"event_name":"Nest","floor":20,"gold_loss":0},{"damage_healed":0,"gold_gain":0,"player_choice":"Shed Blood","damage_taken":26,"max_hp_gain":5,"max_hp_loss":0,"event_name":"Forgotten Altar","floor":29,"gold_loss":0}],"is_beta":false,"boss_relics":[{"not_picked":["Tiny House","Runic Dome"],"picked":"Lizard Tail"}],"items_purged_floors":[],"is_endless":false,"potions_floor_spawned":[3,10,11,14,21,22,24],"killed_by":"Snake Plant","ascension_level":16}