{"path_per_floor":["M","?","M","?","M","E","R","E","T","M","R","M","M","M","R","B",null,"M","?","M","$","M","R","M","R","T","R","M","?","E","$","R","B",null,"M","?","?","M","$","R","E","T","T","$","M","R","M","M","R","B"],"character_chosen":"DEFECT","items_purchased":["Apotheosis","Capacitor","Matryoshka","Turbo","Capacitor","Coolheaded"],"gold_per_floor":[20,20,38,113,125,154,154,189,489,500,500,517,537,548,548,652,652,667,667,677,125,125,125,137,137,137,137,157,157,213,91,91,189,189,207,207,207,220,141,141,170,170,170,45,63,63,73,86,86,86],"floor_reached":51,"campfire_rested":4,"playtime":4153,"item_purchase_floors":[],"current_hp_per_floor":[74,79,77,66,64,58,58,28,28,22,22,22,21,20,48,31,94,94,75,76,76,86,86,66,66,66,66,28,99,63,63,92,99,99,99,89,89,99,99,99,93,99,99,99,87,105,105,70,101,58],"items_purged":["Strike_B","Clumsy","Injury"],"gold":86,"score":833,"play_id":"d9533331-83a8-4930-82c7-4965e01608be","local_time":"20180522194716","is_prod":false,"is_daily":false,"chose_seed":false,"is_ascension_mode":true,"campfire_upgraded":6,"timestamp":1526986036,"campfire_choices":[{"data":"Go for the Eyes","floor":7.0,"key":"SMITH"},{"data":"Defragment","floor":11.0,"key":"SMITH"},{"floor":15.0,"key":"REST"},{"data":"Apotheosis","floor":23.0,"key":"SMITH"},{"data":"Echo Form","floor":25.0,"key":"SMITH"},{"data":"Self Repair","floor":27.0,"key":"SMITH"},{"floor":32.0,"key":"REST"},{"data":"Coolheaded","floor":40.0,"key":"SMITH"},{"floor":46.0,"key":"REST"},{"floor":49,"key":"REST"}],"path_taken":["M","?","M","?","?","E","R","E","T","M","R","M","M","M","R","BOSS","M","?","M","$","M","R","?","R","T","R","M","?","E","$","R","BOSS","M","?","?","?","$","R","E","?","T","$","?","R","M","M","R","BOSS"],"build_version":"2018-05-21v2","seed_source_timestamp":0,"purchased_purges":3,"victory":true,"master_deck":["Strike_B","Strike_B","Defend_B","Defend_B","Defend_B","Zap","Dualcast","Go for the Eyes+1","Leap","Rebound","Defragment+1","Cold Snap","Leap","Self Repair+1","Echo Form+1","Force Field","Apotheosis+1","Capacitor","Stack","Turbo","Master of Strategy","Bandage Up","Madness","Hologram","Capacitor","Coolheaded+1","Barrage+1"],"max_hp_per_floor":[75,80,80,80,80,94,94,94,94,94,94,94,94,94,94,94,94,94,99,99,99,99,99,99,99,99,99,99,99,99,99,99,99,99,99,99,99,99,99,99,99,105,105,105,105,105,105,105,105,105],"relics":["Cracked Core","Mango","Centennial Puzzle","Old Coin","Cursed Key","Matryoshka","Symbiotic Virus","Bottled Lightning","Tiny Chest","Sozu","Darkstone Periapt","Art of War","Ornamental Fan"],"card_choices":[{"not_picked":["Capacitor","White Noise"],"picked":"Go for the Eyes","floor":1.0},{"not_picked":["Skim","FTL"],"picked":"Leap","floor":3.0},{"not_picked":["Axe Kick","Capacitor"],"picked":"Rebound","floor":5.0},{"not_picked":["Steam Power","Amplify"],"picked":"Storm","floor":6.0},{"not_picked":["Loop","Hologram"],"picked":"Defragment","floor":8.0},{"not_picked":["Go for the Eyes","Beam Cell"],"picked":"Cold Snap","floor":10.0},{"not_picked":["Fusion","Barrage"],"picked":"Leap","floor":12.0},{"not_picked":["Beam Cell","Stack","Turbo"],"picked":"SKIP","floor":13.0},{"not_picked":["Hello World","Static Discharge"],"picked":"Self Repair","floor":14.0},{"not_picked":["Rainbow","Fission"],"picked":"Echo Form","floor":16.0},{"not_picked":["Loop+1","Rebound+1","Undo+1"],"picked":"SKIP","floor":18.0},{"not_picked":["Axe Kick","Beam Cell"],"picked":"Force Field","floor":20.0},{"not_picked":["Redo","Leap+1","Tempest"],"picked":"SKIP","floor":24.0},{"not_picked":["Redo","White Noise"],"picked":"Stack","floor":28.0},{"not_picked":["Beam Cell","Leap","Steam"],"picked":"SKIP","floor":30.0},{"not_picked":["Ball Lightning","Recycle","Steam+1"],"picked":"SKIP","floor":35.0},{"not_picked":["Dark Shackles","Mind Blast"],"picked":"Master of Strategy","floor":36.0},{"not_picked":["Panacea","Jack Of All Trades"],"picked":"Bandage Up","floor":36.0},{"not_picked":["Transmutation","Purity"],"picked":"Madness","floor":36.0},{"not_picked":["Stack+1","Reinforced Body"],"picked":"Hologram","floor":38.0},{"not_picked":["Conserve Battery","Skim"],"picked":"Barrage+1","floor":41.0},{"not_picked":["Ball Lightning+1","Static Discharge","Capacitor+1"],"picked":"SKIP","floor":45.0},{"not_picked":["Capacitor+1","Redo","Multi-Cast"],"picked":"SKIP","floor":47.0},{"not_picked":["Lockon+1","Ball Lightning","Capacitor+1"],"picked":"SKIP","floor":48}],"player_experience":499187,"potions_floor_usage":[50],"damage_taken":[{"damage":1.0,"enemies":"2 Louse","floor":1.0,"turns":2.0},{"damage":2.0,"enemies":"Small Slimes","floor":3.0,"turns":2.0},{"damage":2.0,"enemies":"Cultist","floor":5.0,"turns":4.0},{"damage":20.0,"enemies":"Gremlin Nob","floor":6.0,"turns":4.0},{"damage":30.0,"enemies":"3 Sentries","floor":8.0,"turns":8.0},{"damage":6.0,"enemies":"2 Fungi Beasts","floor":10.0,"turns":3.0},{"damage":0.0,"enemies":"3 Louse","floor":12.0,"turns":3.0},{"damage":1.0,"enemies":"Red Slaver","floor":13.0,"turns":3.0},{"damage":1.0,"enemies":"Exordium Thugs","floor":14.0,"turns":4.0},{"damage":24.0,"enemies":"Slime Boss","floor":16.0,"turns":10.0},{"damage":11.0,"enemies":"Chosen","floor":18.0,"turns":4.0},{"damage":13.0,"enemies":"3 Byrds","floor":20.0,"turns":5.0},{"damage":0.0,"enemies":"3 Cultists","floor":22.0,"turns":3.0},{"damage":34.0,"enemies":"Chosen and Byrds","floor":24.0,"turns":7.0},{"damage":48.0,"enemies":"Cultist and Chosen","floor":28.0,"turns":8.0},{"damage":56.0,"enemies":"Slavers","floor":30.0,"turns":7.0},{"damage":2.0,"enemies":"Automaton","floor":33.0,"turns":12.0},{"damage":1.0,"enemies":"Flame Bruiser 1 Orb","floor":35.0,"turns":8.0},{"damage":0.0,"enemies":"Orb Walker","floor":38.0,"turns":3.0},{"damage":16.0,"enemies":"Nemesis","floor":41.0,"turns":7.0},{"damage":28.0,"enemies":"3 Darklings","floor":45.0,"turns":8.0},{"damage":23.0,"enemies":"Sphere and 2 Shapes","floor":47.0,"turns":11.0},{"damage":51,"enemies":"Transient","floor":48,"turns":5},{"damage":59,"enemies":"Time Eater","floor":50,"turns":13}],"relics_obtained":[{"floor":6.0,"key":"Mango"},{"floor":8.0,"key":"Centennial Puzzle"},{"floor":9.0,"key":"Old Coin"},{"floor":26.0,"key":"Symbiotic Virus"},{"floor":26.0,"key":"Bottled Lightning"},{"floor":30.0,"key":"Tiny Chest"},{"floor":41.0,"key":"Darkstone Periapt"},{"floor":42.0,"key":"Art of War"},{"floor":42.0,"key":"Ornamental Fan"}],"event_choices":[{"event_name":"Big Fish","player_choice":"Donut","floor":2.0,"damage_taken":0.0},{"event_name":"World of Goop","player_choice":"Gather Gold","floor":4.0,"damage_taken":0.0},{"event_name":"Forgotten Altar","player_choice":"Shed Blood","floor":19.0,"damage_taken":0.0},{"event_name":"Bonfire Elementals","player_choice":"UNCOMMON","floor":29.0,"damage_taken":0.0},{"event_name":"SensoryStone","player_choice":"Memory 3","floor":36.0,"damage_taken":0.0},{"event_name":"The Lab","player_choice":"Got Potions","floor":37.0,"damage_taken":0.0}],"boss_relics":[],"items_purged_floors":[],"potions_floor_spawned":[3,5,12,14,24,28,33,47],"seed_played":"3026687918839358342","ascension_level":3,"potions_obtained":[{"floor":3.0,"key":"Fire Potion"},{"floor":5.0,"key":"LiquidBronze"},{"floor":12.0,"key":"LiquidBronze"},{"floor":14.0,"key":"SmokeBomb"},{"floor":24.0,"key":"Dexterity Potion"},{"floor":28.0,"key":"Explosive Potion"},{"floor":33.0,"key":"Dexterity Potion"}],"is_trial":false}