{"gold_per_floor":[119,131,150,161,111,111,144,5,30,56,74,99,99],"floor_reached":13,"playtime":885,"items_purged":["Strike_B"],"score":126,"play_id":"c8fd0916-4814-45a4-95ac-93d9ca1a581d","local_time":"20180928173927","is_ascension_mode":true,"campfire_choices":[{"data":"Static Discharge","floor":6,"key":"SMITH"}],"neow_cost":"","seed_source_timestamp":438359327604836,"circlet_count":0,"master_deck":["Strike_B","Strike_B+1","Strike_B","Defend_B","Defend_B","Defend_B","Defend_B","Dualcast","Leap","Hologram","Ball Lightning+1","Static Discharge+1","Storm","Capacitor","Fission","Hello World","Beam Cell"],"relics":["Cracked Core","MawBank","Ancient Tea Set","Whetstone","Blue Candle"],"potions_floor_usage":[7,11,12,13],"damage_taken":[{"damage":0,"enemies":"Cultist","floor":1,"turns":4},{"damage":6,"enemies":"2 Louse","floor":2,"turns":3},{"damage":0,"enemies":"Small Slimes","floor":3,"turns":4},{"damage":2,"enemies":"2 Fungi Beasts","floor":4,"turns":3},{"damage":16,"enemies":"Gremlin Nob","floor":7,"turns":3},{"damage":11,"enemies":"3 Sentries","floor":10,"turns":7},{"damage":14,"enemies":"Large Slime","floor":11,"turns":5},{"damage":12,"enemies":"Lagavulin","floor":12,"turns":5},{"damage":18,"enemies":"3 Sentries","floor":13,"turns":2}],"seed_played":"8374225113706131283","potions_obtained":[{"floor":1,"key":"AttackPotion"},{"floor":4,"key":"Energy Potion"},{"floor":7,"key":"SpeedPotion"},{"floor":12,"key":"AttackPotion"}],"is_trial":false,"path_per_floor":["M","M","M","M","?","R","E","$","T","E","M","E"],"character_chosen":"DEFECT","items_purchased":["Capacitor"],"campfire_rested":0,"item_purchase_floors":[8],"current_hp_per_floor":[75,69,69,67,67,67,51,51,51,40,26,14,0],"gold":99,"neow_bonus":"","is_prod":false,"is_daily":false,"chose_seed":false,"campfire_upgraded":1,"win_rate":0,"timestamp":1538181567,"path_taken":["M","M","?","M","?","R","E","$","T","E","M","E","?"],"build_version":"2018-09-27","purchased_purges":1,"victory":false,"max_hp_per_floor":[75,75,75,75,75,75,75,75,75,75,75,75,75],"card_choices":[{"not_picked":["Ball Lightning","Rebound"],"picked":"Leap","floor":1},{"not_picked":["Skim","BootSequence"],"picked":"Hologram","floor":2},{"not_picked":["Cold Snap","Hologram"],"picked":"Ball Lightning","floor":3},{"not_picked":["Darkness","Seek"],"picked":"Static Discharge","floor":4},{"not_picked":["Hologram","Genetic Algorithm"],"picked":"Storm","floor":7},{"not_picked":["Go for the Eyes","Gash"],"picked":"Fission","floor":10},{"not_picked":["Sweeping Beam","Leap"],"picked":"Hello World","floor":11},{"not_picked":["Sweeping Beam","Barrage"],"picked":"Beam Cell","floor":12}],"player_experience":186071,"relics_obtained":[{"floor":7,"key":"MawBank"},{"floor":9,"key":"Ancient Tea Set"},{"floor":10,"key":"Whetstone"},{"floor":12,"key":"Blue Candle"}],"event_choices":[{"event_name":"The Cleric","player_choice":"Card Removal","floor":5,"damage_taken":0},{"event_name":"Dead Adventurer","player_choice":"Searched \u00272\u0027 times","floor":13,"damage_taken":0}],"is_beta":false,"boss_relics":[],"items_purged_floors":[8],"is_endless":false,"potions_floor_spawned":[1,4,7,12,13],"killed_by":"3 Sentries","ascension_level":4}