{"gold_per_floor":[116,116,341,404,121,121,155,225,271,271,303,179,179],"floor_reached":13,"playtime":456,"items_purged":["Doubt"],"score":118,"play_id":"44c7e95b-83a9-465f-b056-a3c75adf6e23","local_time":"20181015044430","is_ascension_mode":true,"campfire_choices":[{"data":"Storm","floor":6,"key":"SMITH"},{"data":"Chill","floor":10,"key":"SMITH"}],"neow_cost":"NONE","seed_source_timestamp":34766778231246,"circlet_count":0,"master_deck":["Strike_B","Strike_B","Strike_B","Strike_B","Defend_B","Defend_B","Defend_B","Defend_B","Zap+1","Dualcast","Chill+1","Chill","Storm+1","Amplify","FTL","Amplify","Defragment","Echo Form","Blizzard"],"relics":["Cracked Core","SsserpentHead","Dream Catcher","PreservedInsect","Smiling Mask"],"potions_floor_usage":[13,13],"damage_taken":[{"damage":0,"enemies":"Jaw Worm","floor":1,"turns":3},{"damage":4,"enemies":"Cultist","floor":4,"turns":3},{"damage":26,"enemies":"Gremlin Nob","floor":7,"turns":4},{"damage":4,"enemies":"Small Slimes","floor":8,"turns":4},{"damage":18,"enemies":"Lagavulin","floor":11,"turns":6},{"damage":23,"enemies":"Gremlin Nob","floor":13,"turns":3}],"seed_played":"66509979957432617","potions_obtained":[{"floor":1,"key":"FearPotion"},{"floor":8,"key":"SneckoOil"},{"floor":11,"key":"LiquidBronze"}],"is_trial":false,"path_per_floor":["M","?","?","M","$","R","E","M","T","R","E","$"],"character_chosen":"DEFECT","items_purchased":["Storm","Amplify","FTL","Echo Form","Blizzard"],"campfire_rested":0,"item_purchase_floors":[5,5,5,12,12],"current_hp_per_floor":[68,68,68,64,64,64,38,34,34,34,16,16,0],"gold":179,"neow_bonus":"UPGRADE_CARD","is_prod":false,"is_daily":false,"chose_seed":false,"campfire_upgraded":2,"win_rate":0,"timestamp":1539603870,"path_taken":["M","?","?","?","?","R","E","?","T","R","E","?","E"],"build_version":"2018-10-11","purchased_purges":1,"victory":false,"max_hp_per_floor":[75,75,75,75,75,75,75,75,75,75,75,75,75],"card_choices":[{"not_picked":["Streamline","Beam Cell"],"picked":"Chill","floor":1},{"not_picked":["Steam","Compile Driver"],"picked":"Chill","floor":4},{"not_picked":["Stack","Rebound"],"picked":"Amplify","floor":7},{"not_picked":["Turbo","Hologram","Darkness"],"picked":"SKIP","floor":8},{"not_picked":["Scrape","Compile Driver"],"picked":"Defragment","floor":11}],"player_experience":268366,"relics_obtained":[{"floor":7,"key":"Dream Catcher"},{"floor":9,"key":"PreservedInsect"},{"floor":11,"key":"Smiling Mask"}],"event_choices":[{"event_name":"FaceTrader","player_choice":"Trade","floor":2,"damage_taken":0},{"event_name":"Liars Game","player_choice":"agreed","floor":3,"damage_taken":0}],"is_beta":false,"boss_relics":[],"items_purged_floors":[5],"is_endless":false,"potions_floor_spawned":[1,8,11],"killed_by":"Gremlin Nob","ascension_level":6}