{"gold_per_floor":[113,188,198,42,61,92,92,107,107,107,107,124,124,140,140,245,245,255,355,22,37,52,52],"floor_reached":23,"playtime":1398,"items_purged":["Strike_B"],"score":203,"play_id":"9d0eb7e2-0298-4f24-85a1-68a4999b736a","local_time":"20190211225316","is_ascension_mode":true,"campfire_choices":[{"data":"Zap","floor":7.0,"key":"SMITH"},{"data":"Deep Breath","floor":11.0,"key":"SMITH"},{"data":"Dualcast","floor":13.0,"key":"SMITH"},{"data":"Leap","floor":15.0,"key":"SMITH"}],"neow_cost":"NONE","seed_source_timestamp":2387960099313658,"circlet_count":0,"master_deck":["Strike_B","Strike_B","Strike_B","Defend_B","Defend_B","Defend_B","Defend_B","Zap+1","Dualcast+1","Deep Breath+1","Cold Snap","Gash","Gash","FTL","Echo Form","Leap+1","Buffer","Go for the Eyes","Leap","All For One"],"special_seed":0,"relics":["Cracked Core","Centennial Puzzle","Gremlin Horn","Bottled Lightning","Sozu","Peace Pipe","Dodecahedron","Pantograph"],"potions_floor_usage":[],"damage_taken":[{"damage":2.0,"enemies":"2 Louse","floor":1.0,"turns":3.0},{"damage":3.0,"enemies":"Jaw Worm","floor":3.0,"turns":4.0},{"damage":3.0,"enemies":"Small Slimes","floor":5.0,"turns":3.0},{"damage":20.0,"enemies":"3 Sentries","floor":6.0,"turns":6.0},{"damage":0.0,"enemies":"Exordium Wildlife","floor":8.0,"turns":3.0},{"damage":4.0,"enemies":"Large Slime","floor":12.0,"turns":3.0},{"damage":7.0,"enemies":"2 Fungi Beasts","floor":14.0,"turns":2.0},{"damage":26.0,"enemies":"Hexaghost","floor":16.0,"turns":6.0},{"damage":10.0,"enemies":"2 Thieves","floor":18.0,"turns":4.0},{"damage":15.0,"enemies":"Colosseum Slavers","floor":19.0,"turns":5.0},{"damage":26.0,"enemies":"Colosseum Nobs","floor":19.0,"turns":5.0},{"damage":3,"enemies":"3 Byrds","floor":21,"turns":4},{"damage":3,"enemies":"Centurion and Healer","floor":22,"turns":7},{"damage":23,"enemies":"Gremlin Leader","floor":23,"turns":3}],"seed_played":"-4253453421155659401","potions_obtained":[{"floor":3.0,"key":"Strength Potion"},{"floor":8.0,"key":"SteroidPotion"},{"floor":12.0,"key":"SpeedPotion"},{"floor":16.0,"key":"Dexterity Potion"}],"is_trial":false,"path_per_floor":["M","?","M","$","M","E","R","M","T","?","R","M","R","M","R","B",null,"M","?","$","M","M","E"],"character_chosen":"DEFECT","items_purchased":["Centennial Puzzle","Pantograph"],"campfire_rested":0,"item_purchase_floors":[4,20],"current_hp_per_floor":[73,62,59,59,56,36,36,36,36,41,41,37,37,30,30,4,80,70,29,29,26,23,0],"gold":52,"neow_bonus":"RANDOM_COLORLESS","is_prod":false,"is_daily":false,"chose_seed":false,"campfire_upgraded":4,"win_rate":0,"timestamp":1549914796,"path_taken":["M","?","M","$","M","E","R","M","T","?","R","M","R","M","R","BOSS","M","?","$","M","M","E"],"build_version":"2019-01-23","purchased_purges":1,"victory":false,"max_hp_per_floor":[75,75,75,75,75,75,75,75,75,80,80,80,80,80,80,80,80,80,80,80,80,80,80],"card_choices":[{"not_picked":["Compile Driver","Barrage"],"picked":"Cold Snap","floor":1.0},{"not_picked":["Barrage","Steam Power"],"picked":"Gash","floor":3.0},{"not_picked":["Recycle","Go for the Eyes"],"picked":"Gash","floor":5.0},{"not_picked":["Steam","Doom and Gloom"],"picked":"FTL","floor":6.0},{"not_picked":["Barrage","Steam Power"],"picked":"Echo Form","floor":8.0},{"not_picked":["Turbo","Steam","Redo"],"picked":"SKIP","floor":12.0},{"not_picked":["Go for the Eyes","Stack"],"picked":"Leap","floor":14.0},{"not_picked":["Electrodynamics","Multi-Cast"],"picked":"Buffer","floor":16.0},{"not_picked":["Barrage","Redo"],"picked":"Go for the Eyes","floor":18.0},{"not_picked":["Go for the Eyes","Rebound"],"picked":"Leap","floor":21},{"not_picked":["FTL+1","Streamline"],"picked":"All For One","floor":22}],"player_experience":555383,"relics_obtained":[{"floor":6.0,"key":"Gremlin Horn"},{"floor":9.0,"key":"Bottled Lightning"},{"floor":19.0,"key":"Peace Pipe"},{"floor":19.0,"key":"Dodecahedron"}],"event_choices":[{"damage_healed":0.0,"max_hp_gain":0.0,"max_hp_loss":0.0,"gold_gain":75.0,"event_name":"World of Goop","player_choice":"Gather Gold","floor":2.0,"gold_loss":0.0,"damage_taken":11.0},{"damage_healed":0.0,"max_hp_gain":5.0,"max_hp_loss":0.0,"gold_gain":0.0,"event_name":"Big Fish","player_choice":"Donut","floor":10.0,"gold_loss":0.0,"damage_taken":0.0},{"damage_healed":0.0,"max_hp_gain":0.0,"max_hp_loss":0.0,"gold_gain":0.0,"event_name":"Colosseum","player_choice":"Fight","floor":19.0,"gold_loss":0.0,"damage_taken":0.0},{"damage_healed":0.0,"max_hp_gain":0.0,"max_hp_loss":0.0,"gold_gain":0.0,"event_name":"Colosseum","player_choice":"Fought Nobs","floor":19.0,"gold_loss":0.0,"damage_taken":0.0}],"is_beta":false,"boss_relics":[{"not_picked":["Velvet Choker","Empty Cage"],"picked":"Sozu"}],"items_purged_floors":[20],"is_endless":false,"potions_floor_spawned":[3,8,12,16,21,22],"killed_by":"Gremlin Leader","ascension_level":1}