{"gold_per_floor":[119,119,119,131,150,182,182,201,201,216,216,233,265,265,265,265],"floor_reached":16,"playtime":806,"items_purged":[],"score":185,"play_id":"2f62e1eb-18ac-45d0-84e1-5c5a533546d1","local_time":"20180719210713","is_ascension_mode":true,"campfire_choices":[{"data":"Coolheaded","floor":7,"key":"SMITH"},{"floor":11,"key":"REST"},{"floor":15,"key":"REST"}],"neow_cost":"","seed_source_timestamp":59211253522291,"circlet_count":0,"master_deck":["Strike_B","Strike_B","Strike_B","Strike_B","Defend_B","Defend_B","Defend_B","Defend_B","Zap","Dualcast","AscendersBane","Streamline+1","Coolheaded+1","Hologram"],"relics":["Cracked Core","Ornamental Fan","Question Card","Blue Candle"],"potions_floor_usage":[10,16,16],"damage_taken":[{"damage":2,"enemies":"Jaw Worm","floor":1,"turns":3},{"damage":0,"enemies":"Cultist","floor":4,"turns":2},{"damage":3,"enemies":"Small Slimes","floor":5,"turns":2},{"damage":25,"enemies":"3 Sentries","floor":6,"turns":8},{"damage":21,"enemies":"Gremlin Gang","floor":8,"turns":5},{"damage":7,"enemies":"Red Slaver","floor":10,"turns":4},{"damage":5,"enemies":"2 Fungi Beasts","floor":12,"turns":3},{"damage":26,"enemies":"Gremlin Nob","floor":13,"turns":4},{"damage":13,"enemies":"Slime Boss","floor":16,"turns":6}],"seed_played":"6492976357081363288","potions_obtained":[{"floor":1,"key":"FearPotion"},{"floor":5,"key":"GamblersBrew"},{"floor":10,"key":"Poison Potion"},{"floor":13,"key":"GamblersBrew"}],"is_trial":false,"path_per_floor":["M","?","?","M","M","E","R","M","T","M","R","M","E","?","R"],"character_chosen":"DEFECT","items_purchased":[],"campfire_rested":2,"item_purchase_floors":[],"current_hp_per_floor":[66,66,66,66,63,38,38,17,17,10,32,27,1,1,23,10],"gold":265,"neow_bonus":"","is_prod":false,"is_daily":false,"chose_seed":false,"campfire_upgraded":1,"win_rate":0,"timestamp":1532002033,"path_taken":["M","?","?","M","?","E","R","?","T","M","R","M","E","?","R","BOSS"],"build_version":"2018-07-12","purchased_purges":0,"victory":false,"max_hp_per_floor":[75,75,75,75,75,75,75,75,75,75,75,75,75,75,75,75],"card_choices":[{"not_picked":["Aggregate","Steam Power"],"picked":"Streamline","floor":1},{"not_picked":["Steam Power","Force Field","Streamline"],"picked":"SKIP","floor":4},{"not_picked":["Auto Shields","Sweeping Beam","Doom and Gloom"],"picked":"SKIP","floor":5},{"not_picked":["Seek","Self Repair"],"picked":"Coolheaded","floor":6},{"not_picked":["Sweeping Beam","Ball Lightning"],"picked":"Hologram","floor":8},{"not_picked":["Barrage","Rebound","Stack","Reinforced Body"],"picked":"SKIP","floor":10},{"not_picked":["White Noise","Rebound","Amplify","Redo"],"picked":"SKIP","floor":12},{"not_picked":["Tempest","Capacitor","Barrage","Ball Lightning"],"picked":"SKIP","floor":13}],"player_experience":545841,"relics_obtained":[{"floor":6,"key":"Ornamental Fan"},{"floor":9,"key":"Question Card"},{"floor":13,"key":"Blue Candle"}],"event_choices":[{"event_name":"Golden Idol","player_choice":"Ignored","floor":2,"damage_taken":0},{"event_name":"Accursed Blacksmith","player_choice":"Forge","floor":3,"damage_taken":0},{"event_name":"Scrap Ooze","player_choice":"unsuccessful","floor":14,"damage_taken":0}],"boss_relics":[],"items_purged_floors":[],"is_endless":false,"potions_floor_spawned":[1,5,8,10,13],"killed_by":"Slime Boss","ascension_level":13}