{"gold_per_floor":[113,129,146,161,161,190,190,215,239,266,266,285,308,320,332,448,460,490,328,243,21,36,95,95,130,178,207,220,220,220],"floor_reached":30,"playtime":1614,"items_purged":["Strike_R"],"score":484,"play_id":"ab5bb721-f361-42d7-8787-996e0e3f7e76","local_time":"20190228005152","is_ascension_mode":true,"campfire_choices":[{"data":"Body Slam","floor":7.0,"key":"SMITH"},{"floor":11.0,"key":"REST"},{"data":"Heavy Blade","floor":15.0,"key":"SMITH"},{"data":"Demon Form","floor":24.0,"key":"SMITH"}],"neow_cost":"NONE","seed_source_timestamp":0,"circlet_count":0,"master_deck":["AscendersBane","Strike_R","Strike_R","Strike_R","Strike_R","Defend_R","Defend_R","Defend_R","Defend_R","Bash","Inflame","Rage","Body Slam+1","Iron Wave","Cleave","Heavy Blade+1","Disarm","Shrug It Off","Demon Form+1","Shrug It Off","Body Slam","Battle Trance","Flame Barrier","Pummel","Warcry+1","Metallicize","Shrug It Off","Body Slam+1"],"special_seed":0,"relics":["Burning Blood","Dream Catcher","Art of War","Orichalcum","MawBank","The Courier","Coffee Dripper","Oddly Smooth Stone","Happy Flower","Tiny Chest","Boot","Bag of Preparation","Bag of Marbles"],"potions_floor_usage":[30],"damage_taken":[{"damage":1.0,"enemies":"Small Slimes","floor":1.0,"turns":5.0},{"damage":7.0,"enemies":"Jaw Worm","floor":2.0,"turns":4.0},{"damage":2.0,"enemies":"2 Louse","floor":3.0,"turns":4.0},{"damage":13.0,"enemies":"Blue Slaver","floor":4.0,"turns":6.0},{"damage":25.0,"enemies":"Gremlin Nob","floor":6.0,"turns":4.0},{"damage":24.0,"enemies":"3 Sentries","floor":8.0,"turns":8.0},{"damage":30.0,"enemies":"Lagavulin","floor":10.0,"turns":7.0},{"damage":6.0,"enemies":"2 Fungi Beasts","floor":12.0,"turns":2.0},{"damage":40.0,"enemies":"The Guardian","floor":16.0,"turns":13.0},{"damage":2.0,"enemies":"3 Byrds","floor":18.0,"turns":9.0},{"damage":16.0,"enemies":"2 Thieves","floor":22.0,"turns":5.0},{"damage":24.0,"enemies":"Gremlin Leader","floor":23.0,"turns":6.0},{"damage":16.0,"enemies":"Slavers","floor":25.0,"turns":4.0},{"damage":30.0,"enemies":"Book of Stabbing","floor":27.0,"turns":6.0},{"damage":0,"enemies":"Shelled Parasite and Fungi","floor":28,"turns":6},{"damage":22,"enemies":"Slavers","floor":30,"turns":1}],"seed_played":"-1444051226361330355","potions_obtained":[{"floor":1.0,"key":"SteroidPotion"},{"floor":2.0,"key":"SkillPotion"},{"floor":4.0,"key":"Energy Potion"},{"floor":12.0,"key":"Regen Potion"},{"floor":25.0,"key":"Block Potion"},{"floor":27.0,"key":"PowerPotion"}],"is_trial":false,"path_per_floor":["M","M","M","M","?","E","R","E","T","E","R","M","T","?","R","B",null,"M","$","?","$","M","E","R","E","T","E","M","?","E"],"character_chosen":"IRONCLAD","items_purchased":["Oddly Smooth Stone","Body Slam","Battle Trance","Flame Barrier","Pummel"],"campfire_rested":1,"item_purchase_floors":[19,21,21,21,21],"current_hp_per_floor":[85,84,88,81,86,67,67,49,49,25,52,52,52,45,45,11,73,92,92,92,92,82,64,64,54,54,30,36,18,0],"gold":220,"neow_bonus":"TEN_PERCENT_HP_BONUS","is_prod":false,"is_daily":false,"chose_seed":false,"campfire_upgraded":3,"win_rate":0,"timestamp":1551304312,"path_taken":["M","M","M","M","?","E","R","E","T","E","R","M","?","?","R","BOSS","M","$","?","$","M","E","R","E","T","E","M","?","E"],"build_version":"2019-01-23","purchased_purges":1,"victory":false,"max_hp_per_floor":[88,88,88,88,93,93,93,93,93,93,93,93,93,93,93,93,93,93,93,93,93,93,93,93,93,93,93,93,98,98],"card_choices":[{"not_picked":["Pummel","Perfected Strike"],"picked":"Inflame","floor":1.0},{"not_picked":["Dual Wield","Armaments"],"picked":"Rage","floor":2.0},{"not_picked":["True Grit","Anger"],"picked":"Body Slam","floor":3.0},{"not_picked":["Clash","Cleave"],"picked":"Iron Wave","floor":4.0},{"not_picked":["Bludgeon","Wild Strike"],"picked":"Cleave","floor":6.0},{"not_picked":["Infernal Blade","Combust"],"picked":"Heavy Blade","floor":8.0},{"not_picked":["Carnage","Infernal Blade","Thunderclap"],"picked":"SKIP","floor":10.0},{"not_picked":["Flex","Perfected Strike"],"picked":"Disarm","floor":11.0},{"not_picked":["Body Slam","Cleave"],"picked":"Shrug It Off","floor":12.0},{"not_picked":["Feed","Reaper"],"picked":"Demon Form","floor":16.0},{"not_picked":["Thunderclap","Battle Trance"],"picked":"Shrug It Off","floor":18.0},{"not_picked":["Reckless Charge","Heavy Blade"],"picked":"Warcry+1","floor":22.0},{"not_picked":["Corruption","Shockwave"],"picked":"Metallicize","floor":23.0},{"not_picked":["Intimidate","Combust+1"],"picked":"Shrug It Off","floor":25.0},{"not_picked":["Entrench","Heavy Blade"],"picked":"Body Slam+1","floor":27.0},{"not_picked":["Fiend Fire","Anger+1","Armaments"],"picked":"SKIP","floor":28}],"player_experience":356663,"relics_obtained":[{"floor":6.0,"key":"Dream Catcher"},{"floor":8.0,"key":"Art of War"},{"floor":10.0,"key":"Orichalcum"},{"floor":13.0,"key":"MawBank"},{"floor":23.0,"key":"Tiny Chest"},{"floor":25.0,"key":"Boot"},{"floor":26.0,"key":"Bag of Preparation"},{"floor":27.0,"key":"Bag of Marbles"}],"event_choices":[{"damage_healed":0.0,"max_hp_gain":5.0,"max_hp_loss":0.0,"gold_gain":0.0,"event_name":"Big Fish","player_choice":"Donut","floor":5.0,"gold_loss":0.0,"damage_taken":0.0},{"damage_healed":0.0,"max_hp_gain":0.0,"max_hp_loss":0.0,"gold_gain":0.0,"event_name":"Scrap Ooze","player_choice":"Success","floor":14.0,"gold_loss":0.0,"damage_taken":7.0,"relics_obtained":["The Courier"]},{"damage_healed":0.0,"max_hp_gain":0.0,"max_hp_loss":0.0,"gold_gain":0.0,"event_name":"Addict","player_choice":"Obtained Relic","floor":20.0,"gold_loss":85.0,"damage_taken":0.0,"relics_obtained":["Happy Flower"]},{"damage_healed":0,"gold_gain":0,"player_choice":"Shed Blood","damage_taken":23,"max_hp_gain":5,"max_hp_loss":0,"event_name":"Forgotten Altar","floor":29,"gold_loss":0}],"is_beta":false,"boss_relics":[{"not_picked":["Tiny House","Astrolabe"],"picked":"Coffee Dripper"}],"items_purged_floors":[19],"is_endless":false,"potions_floor_spawned":[1,2,4,12,25,27],"killed_by":"Slavers","ascension_level":10}