{"gold_per_floor":[109,9,9,9,21,53,53,73,152,152,171,196,196,21,21,21],"floor_reached":16,"playtime":494,"items_purged":["Defend_G","Defend_G"],"score":266,"play_id":"2ef26efe-2ae5-40d8-8a86-63f203af8e9e","local_time":"20190204224059","is_ascension_mode":true,"campfire_choices":[{"data":"Neutralize","floor":7,"key":"SMITH"},{"data":"Backflip","floor":10,"key":"SMITH"},{"floor":15,"key":"REST"}],"neow_cost":"NONE","seed_source_timestamp":211255407123838,"circlet_count":0,"master_deck":["AscendersBane","Defend_G","Defend_G","Strike_G","Strike_G","Strike_G","Strike_G","Strike_G","Survivor","Neutralize+1","Backflip+1","Backflip","Backflip","Well Laid Plans"],"relics":["Ring of the Snake","NeowsBlessing","PreservedInsect","Sundial","Tiny Chest","Art of War"],"potions_floor_usage":[16],"damage_taken":[{"damage":0,"enemies":"Cultist","floor":1,"turns":1},{"damage":0,"enemies":"Small Slimes","floor":5,"turns":1},{"damage":0,"enemies":"Lagavulin","floor":6,"turns":1},{"damage":1,"enemies":"2 Louse","floor":8,"turns":3},{"damage":11,"enemies":"Lots of Slimes","floor":11,"turns":6},{"damage":17,"enemies":"3 Sentries","floor":12,"turns":10},{"damage":51,"enemies":"Slime Boss","floor":16,"turns":9}],"seed_played":"6615590638931037395","potions_obtained":[{"floor":1,"key":"Swift Potion"},{"floor":8,"key":"FearPotion"}],"is_trial":false,"path_per_floor":["M","$","?","$","M","E","R","M","T","R","M","E","?","$","R","B"],"character_chosen":"THE_SILENT","items_purchased":["Backflip","Well Laid Plans"],"campfire_rested":1,"item_purchase_floors":[2,14],"current_hp_per_floor":[59,59,59,59,59,59,59,58,58,58,47,30,30,30,49,0],"gold":21,"neow_bonus":"THREE_ENEMY_KILL","is_prod":false,"is_daily":false,"chose_seed":false,"campfire_upgraded":2,"win_rate":0,"timestamp":1549348859,"path_taken":["M","?","?","$","M","E","R","?","T","R","M","E","?","$","R","BOSS"],"build_version":"2019-01-23","purchased_purges":2,"victory":false,"max_hp_per_floor":[66,66,66,66,66,66,66,66,66,66,66,66,66,66,66,66],"card_choices":[{"not_picked":["Catalyst","Riddle With Holes","Deflect"],"picked":"SKIP","floor":1},{"not_picked":["Accuracy","Dagger Throw","Dagger Spray"],"picked":"SKIP","floor":5},{"not_picked":["Masterful Stab","Prepared","Poisoned Stab"],"picked":"SKIP","floor":6},{"not_picked":["Deadly Poison","Underhanded Strike","Sucker Punch"],"picked":"SKIP","floor":8},{"not_picked":["Expertise","Grand Finale"],"picked":"Backflip","floor":11},{"not_picked":["Dodge and Roll","Poisoned Stab"],"picked":"Backflip","floor":12}],"player_experience":715046,"relics_obtained":[{"floor":6,"key":"Sundial"},{"floor":9,"key":"Tiny Chest"},{"floor":12,"key":"Art of War"}],"event_choices":[{"damage_healed":0,"gold_gain":0,"player_choice":"Gave Potion","damage_taken":0,"relics_obtained":["PreservedInsect"],"max_hp_gain":0,"max_hp_loss":0,"event_name":"WeMeetAgain","floor":3,"gold_loss":0},{"cards_removed":["Defend_G"],"damage_healed":0,"gold_gain":0,"player_choice":"Offered Basic","damage_taken":0,"max_hp_gain":0,"max_hp_loss":0,"event_name":"Bonfire Elementals","floor":13,"gold_loss":0}],"is_beta":false,"boss_relics":[],"items_purged_floors":[2,14],"is_endless":false,"potions_floor_spawned":[1,8],"killed_by":"Slime Boss","ascension_level":20}