{"gold_per_floor":[113,129,54,54,68,68,86,86,158,136,149,76,88,88,88,183,183,195,211,111,124,39,51,63],"floor_reached":24,"playtime":947,"items_purged":["Defend_R","Strike_R"],"score":291,"play_id":"2b2fa31d-5244-4d27-90f3-278dbc5c54e2","local_time":"20190305164130","is_ascension_mode":true,"campfire_choices":[{"data":"Searing Blow+1","floor":6,"key":"SMITH"},{"data":"Searing Blow+2","floor":8,"key":"SMITH"},{"data":"Searing Blow+3","floor":15,"key":"SMITH"},{"data":"Searing Blow+4","floor":23,"key":"SMITH"}],"neow_cost":"NONE","seed_source_timestamp":107212428422113,"circlet_count":0,"master_deck":["AscendersBane","Strike_R","Strike_R","Strike_R","Defend_R","Defend_R","Defend_R","Bash","Searing Blow+5"],"relics":["Burning Blood","Dodecahedron","Coffee Dripper","MawBank"],"potions_floor_usage":[7,11,16,16,19,21,24],"damage_taken":[{"damage":24,"enemies":"Small Slimes","floor":1,"turns":5},{"damage":13,"enemies":"2 Louse","floor":2,"turns":4},{"damage":12,"enemies":"Jaw Worm","floor":5,"turns":2},{"damage":4,"enemies":"2 Fungi Beasts","floor":7,"turns":3},{"damage":8,"enemies":"Large Slime","floor":11,"turns":5},{"damage":5,"enemies":"Exordium Wildlife","floor":13,"turns":3},{"damage":52,"enemies":"Hexaghost","floor":16,"turns":8},{"damage":12,"enemies":"Chosen","floor":18,"turns":3},{"damage":14,"enemies":"3 Byrds","floor":19,"turns":3},{"damage":34,"enemies":"Centurion and Healer","floor":21,"turns":5},{"damage":23,"enemies":"Gremlin Leader","floor":24,"turns":2}],"seed_played":"2299162169790775749","potions_obtained":[{"floor":5,"key":"Energy Potion"},{"floor":7,"key":"Weak Potion"},{"floor":11,"key":"SneckoOil"},{"floor":16,"key":"Dexterity Potion"},{"floor":18,"key":"LiquidBronze"},{"floor":19,"key":"LiquidBronze"}],"is_trial":false,"path_per_floor":["M","M","$","?","M","R","M","R","T","?","M","$","M","$","R","B",null,"M","M","$","M","?","R","E"],"character_chosen":"IRONCLAD","items_purchased":["Regen Potion"],"campfire_rested":0,"item_purchase_floors":[12],"current_hp_per_floor":[54,47,47,47,41,41,43,43,43,43,41,41,42,42,42,11,63,57,49,49,21,21,21,0],"gold":63,"neow_bonus":"TRANSFORM_CARD","is_prod":false,"is_daily":false,"chose_seed":false,"campfire_upgraded":4,"win_rate":0,"timestamp":1551825690,"path_taken":["M","M","$","?","M","R","M","R","T","?","M","$","M","?","R","BOSS","M","M","$","M","?","R","E"],"build_version":"2019-01-23","purchased_purges":2,"victory":false,"max_hp_per_floor":[80,80,80,80,80,80,80,80,80,80,80,80,80,80,80,80,80,80,80,80,80,80,80,80],"card_choices":[{"not_picked":["Pommel Strike","Body Slam","Thunderclap"],"picked":"SKIP","floor":1},{"not_picked":["Second Wind","Pummel","Twin Strike"],"picked":"SKIP","floor":2},{"not_picked":["Cleave","Iron Wave","Pommel Strike"],"picked":"SKIP","floor":5},{"not_picked":["Carnage","Seeing Red","Inflame"],"picked":"SKIP","floor":7},{"not_picked":["Carnage","Clothesline","Flex"],"picked":"SKIP","floor":11},{"not_picked":["Shockwave","Fire Breathing","Twin Strike"],"picked":"SKIP","floor":13},{"not_picked":["Armaments","Flex","Clash"],"picked":"SKIP","floor":18},{"not_picked":["True Grit","Inflame","Dark Embrace"],"picked":"SKIP","floor":19},{"not_picked":["Entrench","Fire Breathing","Body Slam"],"picked":"SKIP","floor":21}],"player_experience":190892,"relics_obtained":[{"floor":9,"key":"Dodecahedron"}],"event_choices":[{"damage_healed":0,"gold_gain":0,"player_choice":"Grow","damage_taken":0,"max_hp_gain":0,"max_hp_loss":0,"event_name":"Living Wall","floor":4,"gold_loss":0,"cards_upgraded":["Searing Blow"]},{"damage_healed":0,"gold_gain":0,"player_choice":"Left Gold","damage_taken":0,"max_hp_gain":0,"max_hp_loss":0,"event_name":"World of Goop","floor":10,"gold_loss":22},{"damage_healed":0,"gold_gain":0,"player_choice":"Obtained Relic","damage_taken":0,"relics_obtained":["MawBank"],"max_hp_gain":0,"max_hp_loss":0,"event_name":"Addict","floor":22,"gold_loss":85}],"is_beta":false,"boss_relics":[{"not_picked":["Mark of Pain","Tiny House"],"picked":"Coffee Dripper"}],"items_purged_floors":[3,20],"is_endless":false,"potions_floor_spawned":[5,7,11,16,18,19],"killed_by":"Gremlin Leader","ascension_level":11}