{"gold_per_floor":[116,136,136,136,154,154,205,217,229,241,266,294,306,163,163,238,238,254,169,169,169,188,188,215,215,238,255,269,303,313,325,325,396,396,416,434,434,434,434,434,448,448,448,480,480,499,519,519,519,519],"floor_reached":50,"playtime":1690,"items_purged":["Defend_R"],"score":1054,"play_id":"bc325e35-7338-434d-a957-c5840072e86d","local_time":"20181030161925","is_ascension_mode":true,"campfire_choices":[{"data":"Defend_R","floor":6.0,"key":"SMITH"},{"data":"Defend_R","floor":8.0,"key":"SMITH"},{"data":"Bash","floor":13.0,"key":"SMITH"},{"data":"Metallicize","floor":15.0,"key":"SMITH"},{"floor":23.0,"key":"REST"},{"floor":25.0,"key":"REST"},{"data":"Uppercut","floor":32.0,"key":"SMITH"},{"data":"Flame Barrier","floor":40,"key":"SMITH"},{"data":"Evolve","floor":42,"key":"SMITH"},{"floor":45,"key":"REST"},{"data":"Spot Weakness","floor":49,"key":"SMITH"}],"neow_cost":"NONE","seed_source_timestamp":1459513325621235,"circlet_count":0,"master_deck":["Bash+1","AscendersBane","Immolate+1","Spot Weakness+1","Metallicize+1","Reaper","Writhe","Flame Barrier+1","Clothesline","Uppercut+1","Impervious","Body Slam","Evolve+1","Havoc","Cleave","Infernal Blade","Infernal Blade","Ghostly Armor+1","Shrug It Off","Heavy Blade+1","Reaper"],"special_seed":0,"relics":["Burning Blood","MawBank","Bag of Marbles","Snecko Eye","Singing Bowl","Omamori","Gremlin Horn","Matryoshka","Art of War","Red Skull","Oddly Smooth Stone","Pandora\u0027s Box","Bronze Scales","Gambling Chip","Bottled Lightning"],"potions_floor_usage":[46,50],"damage_taken":[{"damage":9.0,"enemies":"Jaw Worm","floor":1.0,"turns":3.0},{"damage":6.0,"enemies":"Cultist","floor":2.0,"turns":3.0},{"damage":6.0,"enemies":"2 Louse","floor":5.0,"turns":2.0},{"damage":12.0,"enemies":"Exordium Thugs","floor":11.0,"turns":4.0},{"damage":3.0,"enemies":"Looter","floor":12.0,"turns":2.0},{"damage":48.0,"enemies":"Hexaghost","floor":16.0,"turns":9.0},{"damage":0.0,"enemies":"3 Byrds","floor":18.0,"turns":1.0},{"damage":27.0,"enemies":"Spheric Guardian","floor":22.0,"turns":6.0},{"damage":55.0,"enemies":"Book of Stabbing","floor":24.0,"turns":5.0},{"damage":2.0,"enemies":"Chosen and Byrds","floor":27.0,"turns":4.0},{"damage":21.0,"enemies":"Centurion and Healer","floor":28.0,"turns":6.0},{"damage":0.0,"enemies":"Slavers","floor":29.0,"turns":1.0},{"damage":26.0,"enemies":"Snecko","floor":30.0,"turns":7.0},{"damage":0.0,"enemies":"3 Cultists","floor":31.0,"turns":3.0},{"damage":82.0,"enemies":"Collector","floor":33.0,"turns":9.0},{"damage":18.0,"enemies":"Orb Walker","floor":35.0,"turns":3.0},{"damage":17.0,"enemies":"3 Darklings","floor":36.0,"turns":6.0},{"damage":21,"enemies":"Jaw Worm Horde","floor":41,"turns":3},{"damage":60,"enemies":"Nemesis","floor":44,"turns":9},{"damage":15,"enemies":"Spire Growth","floor":46,"turns":3},{"damage":19,"enemies":"4 Shapes","floor":47,"turns":3},{"damage":102,"enemies":"Time Eater","floor":50,"turns":11}],"seed_played":"-3189661856129754959","potions_obtained":[{"floor":12.0,"key":"Explosive Potion"},{"floor":16.0,"key":"Weak Potion"},{"floor":24.0,"key":"Regen Potion"},{"floor":28.0,"key":"Ancient Potion"},{"floor":29.0,"key":"Weak Potion"},{"floor":33.0,"key":"Ancient Potion"},{"floor":36.0,"key":"FearPotion"},{"floor":46,"key":"Ancient Potion"},{"floor":47,"key":"Weak Potion"}],"is_trial":false,"path_per_floor":["M","M","?","?","M","R","T","R","T","$","M","M","R","$","R","B",null,"M","?","?","T","M","R","E","R","T","M","M","E","M","M","R","B",null,"M","M","?","?","?","R","M","R","T","E","R","M","M","?","R"],"character_chosen":"IRONCLAD","items_purchased":["Metallicize"],"campfire_rested":3,"item_purchase_floors":[14],"current_hp_per_floor":[65,65,65,65,65,65,65,65,65,65,59,62,62,62,62,20,61,67,67,67,67,46,68,25,48,48,63,73,81,63,83,83,31,70,68,67,67,67,67,67,66,66,66,13,38,39,68,70,70,0],"gold":519,"neow_bonus":"ONE_RANDOM_RARE_CARD","is_prod":false,"is_daily":false,"chose_seed":false,"campfire_upgraded":8,"win_rate":0,"timestamp":1540941565,"path_taken":["M","M","?","?","?","R","?","R","T","$","?","M","R","$","R","BOSS","M","?","?","?","M","R","E","R","T","M","?","E","M","M","R","BOSS","M","M","?","?","?","R","M","R","T","E","R","M","M","?","R","BOSS"],"build_version":"2018-10-25v2","purchased_purges":1,"victory":false,"max_hp_per_floor":[75,75,75,75,75,75,75,75,75,75,75,75,75,75,75,75,75,75,75,75,75,75,75,77,77,77,79,79,81,83,83,83,83,83,83,83,83,83,83,83,85,85,85,85,85,85,87,89,89,89],"card_choices":[{"not_picked":["Heavy Blade","Clash"],"picked":"Spot Weakness","floor":1.0},{"not_picked":["Burning Pact","Sword Boomerang","Pommel Strike"],"picked":"SKIP","floor":2.0},{"not_picked":["Anger","Combust","Fire Breathing"],"picked":"SKIP","floor":5.0},{"not_picked":["Pommel Strike","Warcry","Havoc"],"picked":"SKIP","floor":11.0},{"not_picked":["Flex","Sentinel","Berserk"],"picked":"SKIP","floor":12.0},{"not_picked":["Feed","Dark Embrace"],"picked":"Reaper","floor":16.0},{"not_picked":["Infernal Blade+1","Rupture","Pommel Strike"],"picked":"SKIP","floor":18.0},{"not_picked":["Headbutt","Havoc"],"picked":"Flame Barrier","floor":22.0},{"not_picked":["Seeing Red+1","Inflame","Body Slam"],"picked":"Singing Bowl","floor":24.0},{"not_picked":["Wild Strike","Combust","Twin Strike"],"picked":"Singing Bowl","floor":27.0},{"not_picked":["Disarm","Flex"],"picked":"Clothesline","floor":28.0},{"not_picked":["Wild Strike","Searing Blow","Warcry"],"picked":"Singing Bowl","floor":29.0},{"not_picked":["Armaments","Cleave","Perfected Strike"],"picked":"Singing Bowl","floor":30.0},{"not_picked":["Limit Break","Thunderclap"],"picked":"Uppercut","floor":31.0},{"not_picked":["Limit Break","Juggernaut"],"picked":"Impervious","floor":33.0},{"not_picked":["Perfected Strike","Twin Strike"],"picked":"Ghostly Armor+1","floor":35.0},{"not_picked":["Rampage","Headbutt+1"],"picked":"Shrug It Off","floor":36.0},{"not_picked":["Seeing Red","Sword Boomerang","Body Slam"],"picked":"Singing Bowl","floor":41},{"not_picked":["Clash","Armaments"],"picked":"Heavy Blade+1","floor":44},{"not_picked":["Havoc","Body Slam"],"picked":"Reaper","floor":46},{"not_picked":["Reckless Charge","Pommel Strike","Sword Boomerang"],"picked":"Singing Bowl","floor":47},{"not_picked":["Mind Blast","Dramatic Entrance","Dark Shackles"],"picked":"Singing Bowl","floor":48}],"player_experience":574311,"relics_obtained":[{"floor":7.0,"key":"MawBank"},{"floor":9.0,"key":"Bag of Marbles"},{"floor":21.0,"key":"Gremlin Horn"},{"floor":24.0,"key":"Matryoshka"},{"floor":26.0,"key":"Art of War"},{"floor":26.0,"key":"Red Skull"},{"floor":29.0,"key":"Oddly Smooth Stone"},{"floor":43,"key":"Bronze Scales"},{"floor":43,"key":"Gambling Chip"},{"floor":44,"key":"Bottled Lightning"}],"event_choices":[{"damage_healed":0.0,"max_hp_gain":0.0,"max_hp_loss":0.0,"gold_gain":0.0,"event_name":"Upgrade Shrine","player_choice":"Upgraded","floor":3.0,"gold_loss":0.0,"damage_taken":0.0,"cards_upgraded":["Immolate"]},{"cards_removed":["Strike_R"],"damage_healed":0.0,"max_hp_gain":0.0,"max_hp_loss":0.0,"gold_gain":0.0,"event_name":"Wheel of Change","player_choice":"Card Removal","floor":4.0,"gold_loss":0.0,"damage_taken":0.0},{"damage_healed":0.0,"max_hp_gain":0.0,"max_hp_loss":0.0,"gold_gain":0.0,"event_name":"Addict","player_choice":"Obtained Relic","floor":19.0,"gold_loss":85.0,"damage_taken":0.0,"relics_obtained":["Singing Bowl"]},{"damage_healed":0.0,"max_hp_gain":0.0,"max_hp_loss":0.0,"gold_gain":0.0,"event_name":"The Mausoleum","player_choice":"Opened","floor":20.0,"gold_loss":0.0,"damage_taken":0.0,"relics_obtained":["Omamori"],"cards_obtained":["Writhe"]},{"damage_healed":0,"gold_gain":0,"player_choice":"Ignored","damage_taken":0,"max_hp_gain":0,"max_hp_loss":0,"event_name":"Mysterious Sphere","floor":37,"gold_loss":0},{"damage_healed":0,"gold_gain":0,"player_choice":"Ignored","damage_taken":0,"max_hp_gain":0,"max_hp_loss":0,"event_name":"Tomb of Lord Red Mask","floor":38,"gold_loss":0},{"cards_removed":["Battle Trance"],"damage_healed":0,"gold_gain":0,"player_choice":"Removed Skill","damage_taken":0,"max_hp_gain":0,"max_hp_loss":0,"event_name":"Falling","floor":39,"gold_loss":0},{"damage_healed":0,"gold_gain":0,"player_choice":"Memory 1","damage_taken":0,"max_hp_gain":0,"max_hp_loss":0,"event_name":"SensoryStone","floor":48,"gold_loss":0}],"is_beta":false,"boss_relics":[{"not_picked":["Cursed Key","Empty Cage"],"picked":"Snecko Eye"},{"not_picked":["Philosopher\u0027s Stone","Astrolabe"],"picked":"Pandora\u0027s Box"}],"items_purged_floors":[14],"is_endless":false,"potions_floor_spawned":[12,16,24,28,29,33,36,46,47],"killed_by":"Time Eater","ascension_level":20}