{"gold_per_floor":[153,27,78,78],"floor_reached":4,"playtime":97,"items_purged":[],"score":192,"play_id":"a3047ed1-85ba-4ff0-a5be-618f99c169f0","local_time":"20180709022219","daily_mods":["Draft","Diverse","Brewmaster","Heirloom","Insanity","Specialized","Allstar","Cursed Run","Midas","Time Dilation","Elite Swarm","Uncertain Future","Lethality","Binary","Night Terrors","Terminal","Vintage","Hoarder"],"is_ascension_mode":true,"campfire_choices":[],"neow_cost":"","seed_source_timestamp":1132846456521472,"circlet_count":0,"master_deck":["Dark Embrace","Cleave","Havoc","Burning Pact","Twin Strike","Headbutt","Battle Trance","Armaments","Rupture","Uppercut","Spot Weakness","Hemokinesis","Sentinel","Corruption","Feed","Berserk","Dual Wield","Hemokinesis","Defend_R","Evolve","Anger","Inflame","Body Slam","Shockwave","Immolate","Barricade","Hemokinesis","True Grit","Sword Boomerang","Fire Breathing","Body Slam","Exhume","Barricade","Bash","Whirlwind","Cleave","Impervious","Intimidate","Limit Break","Carnage","Exhume","Shrug It Off","Carnage","Blood for Blood","Whirlwind","Metallicize","Dropkick","Fiend Fire","Dark Embrace","Headbutt","Demon Form","Wraith Form v2","Echo Form","AscendersBane","Scrape","Scrape","Scrape","Flying Knee","Flying Knee","Flying Knee","Clothesline","Clothesline","Clothesline","Seeing Red","Seeing Red","Seeing Red","Fusion","Fusion","Fusion","Burning Pact","Burning Pact","Burning Pact","Bouncing Flask","Bouncing Flask","Bouncing Flask","Twin Strike","Twin Strike","Twin Strike","Conserve Battery","Conserve Battery","Conserve Battery","Ball Lightning","Ball Lightning","Ball Lightning","Hologram","Hologram","Hologram","Pummel","Pummel","Pummel","Armaments","Armaments","Armaments","Headbutt","Headbutt","Headbutt","Eviscerate","Eviscerate","Eviscerate","Dramatic Entrance","Dramatic Entrance","Dramatic Entrance","Dagger Spray","Dagger Spray","Dagger Spray"],"relics":["Snecko Eye","Unceasing Top","Busted Crown","Mango","White Beast Statue","The Courier","Paper Frog"],"potions_floor_usage":[],"damage_taken":[{"damage":0,"enemies":"2 Louse","floor":1,"turns":1},{"damage":0,"enemies":"Small Slimes","floor":3,"turns":1}],"seed_played":"1429814920029537519","potions_obtained":[{"floor":1,"key":"Swift Potion"},{"floor":3,"key":"Swift Potion"}],"is_trial":true,"path_per_floor":["M","$","M"],"character_chosen":"IRONCLAD","items_purchased":["Dramatic Entrance","Dagger Spray"],"campfire_rested":0,"item_purchase_floors":[2,2],"current_hp_per_floor":[13,12,11,0],"gold":78,"neow_bonus":"","is_prod":false,"is_daily":false,"chose_seed":false,"campfire_upgraded":0,"win_rate":0,"timestamp":1531070539,"path_taken":["M","$","M","?"],"build_version":"2018-07-05","purchased_purges":0,"victory":false,"max_hp_per_floor":[13,12,11,11],"card_choices":[{"not_picked":["Distraction","Flex"],"picked":"Scrape","floor":0},{"not_picked":["Redo","Headbutt"],"picked":"Flying Knee","floor":0},{"not_picked":["Go for the Eyes","Feel No Pain"],"picked":"Clothesline","floor":0},{"not_picked":["Go for the Eyes","Cold Snap"],"picked":"Seeing Red","floor":0},{"not_picked":["Twin Strike","Darkness"],"picked":"Fusion","floor":0},{"not_picked":["True Grit","Gash"],"picked":"Burning Pact","floor":0},{"not_picked":["Deadly Poison","Stack"],"picked":"Bouncing Flask","floor":0},{"not_picked":["Consume","Coolheaded"],"picked":"Twin Strike","floor":0},{"not_picked":["Cloak And Dagger","Havoc"],"picked":"Conserve Battery","floor":0},{"not_picked":["Disarm","Sword Boomerang"],"picked":"Ball Lightning","floor":0},{"not_picked":["Twin Strike","Chill"],"picked":"Hologram","floor":0},{"not_picked":["Steam","True Grit"],"picked":"Pummel","floor":0},{"not_picked":["True Grit","Backflip"],"picked":"Armaments","floor":0},{"not_picked":["Hemokinesis","Intimidate"],"picked":"Headbutt","floor":0},{"not_picked":["Predator","Gash"],"picked":"Eviscerate","floor":0}],"player_experience":542306,"relics_obtained":[{"floor":1,"key":"The Courier"},{"floor":3,"key":"Paper Frog"}],"event_choices":[],"boss_relics":[],"items_purged_floors":[],"is_endless":false,"potions_floor_spawned":[1,3],"ascension_level":15}