{"path_per_floor":["M","$","M","$","M","E","R","E","T","E","?","?","M","M","R"],"character_chosen":"IRONCLAD","items_purchased":[],"gold_per_floor":[117,42,53,53,73,102,102,132,132,161,161,161,185,198,198,198],"floor_reached":16,"campfire_rested":1,"playtime":1017,"current_hp_per_floor":[80,80,75,75,73,60,60,17,17,20,25,25,30,35,58,0],"items_purged":["Strike_R"],"gold":198,"score":126,"play_id":"7c8a660b-3ed2-45ea-9dfa-f2825fb0a63f","local_time":"20180324171200","is_prod":false,"is_daily":false,"is_ascension_mode":true,"campfire_upgraded":0,"timestamp":1521933120,"path_taken":["M","$","M","$","M","E","R","E","T","E","?","?","M","M","R","BOSS"],"build_version":"2018-03-22v2","purchased_purges":1,"victory":false,"master_deck":["Strike_R","Strike_R","Strike_R","Defend_R","Defend_R","Defend_R","Defend_R","Bash","Barricade","Shrug It Off","Armaments","Iron Wave","Metallicize","Iron Wave","Shrug It Off","Armaments"],"max_hp_per_floor":[80,80,80,80,80,80,80,80,80,80,85,79,79,79,79,79],"relics":["Burning Blood","Peace Pipe","Unceasing Top","Torii","Girya","Golden Idol"],"card_choices":[{"not_picked":["Battle Trance","Impervious"],"picked":"Shrug It Off","floor":1},{"not_picked":["Flex","Iron Wave"],"picked":"Armaments","floor":3},{"not_picked":["Cleave","Inflame"],"picked":"Iron Wave","floor":5},{"not_picked":["Disarm","Twin Strike"],"picked":"Metallicize","floor":8},{"not_picked":["Burning Pact","True Grit"],"picked":"Iron Wave","floor":10},{"not_picked":["Rage","Heavy Blade"],"picked":"Shrug It Off","floor":13},{"not_picked":["Perfected Strike","Pommel Strike"],"picked":"Armaments","floor":14}],"player_experience":205401,"potions_floor_usage":[6,16,16,16],"damage_taken":[{"damage":0,"enemies":"Small Slimes","floor":1,"turns":3},{"damage":11,"enemies":"Jaw Worm","floor":3,"turns":2},{"damage":8,"enemies":"2 Louse","floor":5,"turns":4},{"damage":19,"enemies":"3 Sentries","floor":6,"turns":13},{"damage":49,"enemies":"Gremlin Nob","floor":8,"turns":6},{"damage":3,"enemies":"3 Sentries","floor":10,"turns":19},{"damage":1,"enemies":"Red Slaver","floor":13,"turns":6},{"damage":1,"enemies":"Gremlin Gang","floor":14,"turns":10},{"damage":60,"enemies":"Hexaghost","floor":16,"turns":23}],"event_choices":[{"event_name":"Big Fish","player_choice":"Donut","floor":11,"damage_taken":0},{"event_name":"Golden Idol","player_choice":"Lose Max HP","floor":12,"damage_taken":0}],"boss_relics":[],"potions_floor_spawned":[1,5,10,13,14],"seed_played":"-5003448666195419681","killed_by":"Hexaghost","ascension_level":1,"is_trial":false}