{"gold_per_floor":[118,293,243,263,280,280,280,315,362,362,374,374,386,399,399,399],"floor_reached":16,"playtime":560,"items_purged":[],"score":153,"play_id":"3bfa347d-78f6-4dee-b101-23c0fc9c77da","local_time":"20180921184659","is_ascension_mode":true,"campfire_choices":[{"data":"Beam Cell","floor":6,"key":"SMITH"},{"data":"White Noise","floor":10,"key":"SMITH"},{"data":"Zap","floor":12,"key":"SMITH"},{"data":"Turbo","floor":15,"key":"SMITH"}],"neow_cost":"NONE","seed_source_timestamp":606890280125128,"circlet_count":0,"master_deck":["Strike_B","Strike_B","Strike_B","Strike_B","Defend_B","Defend_B","Defend_B","Defend_B","Zap+1","Dualcast","AscendersBane","Sweeping Beam","Self Repair","Beam Cell+1","White Noise+1","Hologram","Self Repair","Turbo+1"],"relics":["Runic Pyramid","Strawberry","Centennial Puzzle"],"potions_floor_usage":[8,8,14,16],"damage_taken":[{"damage":4,"enemies":"Jaw Worm","floor":1,"turns":4},{"damage":1,"enemies":"Small Slimes","floor":4,"turns":4},{"damage":1,"enemies":"Cultist","floor":5,"turns":3},{"damage":10,"enemies":"Gremlin Nob","floor":8,"turns":3},{"damage":28,"enemies":"3 Louse","floor":11,"turns":3},{"damage":18,"enemies":"Lots of Slimes","floor":13,"turns":3},{"damage":17,"enemies":"Large Slime","floor":14,"turns":5},{"damage":51,"enemies":"Slime Boss","floor":16,"turns":6}],"seed_played":"-7128066772641695458","potions_obtained":[{"floor":5,"key":"EntropicBrew"},{"floor":11,"key":"Poison Potion"},{"floor":14,"key":"Dexterity Potion"}],"is_trial":false,"path_per_floor":["M","?","?","M","M","R","?","E","T","R","M","R","M","M","R"],"character_chosen":"DEFECT","items_purchased":[],"campfire_rested":0,"item_purchase_floors":[],"current_hp_per_floor":[64,64,64,63,62,62,62,66,66,66,52,52,48,45,45,0],"gold":399,"neow_bonus":"BOSS_RELIC","is_prod":false,"is_daily":false,"chose_seed":false,"campfire_upgraded":4,"win_rate":0,"timestamp":1537570019,"path_taken":["M","?","?","?","M","R","?","E","T","R","M","R","M","M","R","BOSS"],"build_version":"2018-09-20","purchased_purges":0,"victory":false,"max_hp_per_floor":[75,75,75,75,75,75,75,82,82,82,82,82,82,82,82,82],"card_choices":[{"not_picked":["Rebound","Coolheaded"],"picked":"Sweeping Beam","floor":1},{"not_picked":["Reprogram","Heatsinks"],"picked":"Self Repair","floor":4},{"not_picked":["Consume","Hello World"],"picked":"Beam Cell","floor":5},{"not_picked":["Force Field","Hologram"],"picked":"White Noise","floor":8},{"not_picked":["Redo","Compile Driver"],"picked":"Hologram","floor":11},{"not_picked":["Rip and Tear","Conserve Battery"],"picked":"Self Repair","floor":13},{"not_picked":["Compile Driver","Darkness"],"picked":"Turbo","floor":14}],"player_experience":229625,"relics_obtained":[{"floor":8,"key":"Strawberry"},{"floor":9,"key":"Centennial Puzzle"}],"event_choices":[{"event_name":"Liars Game","player_choice":"agreed","floor":2,"damage_taken":0},{"event_name":"The Cleric","player_choice":"Card Removal","floor":3,"damage_taken":0},{"event_name":"The Woman in Blue","player_choice":"Bought 0 Potions","floor":7,"damage_taken":0}],"is_beta":false,"boss_relics":[],"items_purged_floors":[],"is_endless":false,"potions_floor_spawned":[5,11,13,14],"killed_by":"Slime Boss","ascension_level":10}