{"gold_per_floor":[117,217,230,47,61,61,75,75,75,89,89,89,89,121,121,224,224,236,236,236,251,269,269,279,279,329,329,254,62,90,17,17,114,114,134,134,54,54,54,87,87,87,87,103,116,116,128,141,141,141],"floor_reached":50,"playtime":2130,"items_purged":[],"score":757,"play_id":"27d89b43-9531-4841-87fd-14622190ca9b","local_time":"20190214202412","is_ascension_mode":true,"campfire_choices":[{"data":"Neutralize","floor":6.0,"key":"SMITH"},{"data":"Infinite Blades","floor":8.0,"key":"SMITH"},{"data":"Infinite Blades","floor":11.0,"key":"SMITH"},{"data":"Blade Dance","floor":15.0,"key":"SMITH"},{"data":"A Thousand Cuts","floor":23.0,"key":"SMITH"},{"data":"Finisher","floor":25.0,"key":"SMITH"},{"floor":27,"key":"REST"},{"floor":32,"key":"REST"},{"data":"Cloak And Dagger","floor":42,"key":"SMITH"},{"floor":46,"key":"REST"},{"floor":49,"key":"REST"}],"neow_cost":"NONE","seed_source_timestamp":0,"circlet_count":0,"master_deck":["AscendersBane","Defend_G+1","Defend_G+1","Defend_G+1","Defend_G+1","Defend_G+1","Strike_G+1","Strike_G+1","Strike_G+1","Strike_G+1","Survivor","Neutralize+1","Finisher+1","PiercingWail","Infinite Blades+1","Footwork","Infinite Blades+1","Blade Dance+1","A Thousand Cuts+1","Acrobatics+1","Writhe","Cloak And Dagger+1","Deflect+1","Cloak And Dagger+1","Footwork+1","Infinite Blades","Adrenaline","Footwork","Blur+1","Writhe","Leg Sweep+1","Footwork+1"],"special_seed":0,"relics":["Ring of the Snake","NeowsBlessing","Orichalcum","Dodecahedron","Question Card","Boot","Pocketwatch","Lizard Tail","Sundial","Snake Skull","Oddly Smooth Stone","Blue Candle","Sozu","Molten Egg 2","FossilizedHelix","Calipers"],"potions_floor_usage":[33,40,50,50],"damage_taken":[{"damage":0.0,"enemies":"Small Slimes","floor":1.0,"turns":1.0},{"damage":0.0,"enemies":"Cultist","floor":3.0,"turns":1.0},{"damage":0.0,"enemies":"Jaw Worm","floor":5.0,"turns":1.0},{"damage":0.0,"enemies":"Blue Slaver","floor":7.0,"turns":5.0},{"damage":1.0,"enemies":"Looter","floor":10.0,"turns":5.0},{"damage":2.0,"enemies":"Lagavulin","floor":14.0,"turns":7.0},{"damage":16.0,"enemies":"Hexaghost","floor":16.0,"turns":11.0},{"damage":6.0,"enemies":"2 Thieves","floor":18.0,"turns":4.0},{"damage":6.0,"enemies":"Spheric Guardian","floor":21.0,"turns":4.0},{"damage":10.0,"enemies":"Snake Plant","floor":22.0,"turns":5.0},{"damage":0.0,"enemies":"Snecko","floor":24.0,"turns":3.0},{"damage":15,"enemies":"Book of Stabbing","floor":30,"turns":7},{"damage":49,"enemies":"Automaton","floor":33,"turns":8},{"damage":15,"enemies":"3 Darklings","floor":35,"turns":6},{"damage":71,"enemies":"Reptomancer","floor":40,"turns":7},{"damage":0,"enemies":"Orb Walker","floor":44,"turns":5},{"damage":6,"enemies":"4 Shapes","floor":45,"turns":7},{"damage":2,"enemies":"Transient","floor":47,"turns":5},{"damage":0,"enemies":"Spire Growth","floor":48,"turns":6},{"damage":62,"enemies":"Time Eater","floor":50,"turns":22}],"seed_played":"-8910521125009853353","potions_obtained":[{"floor":1.0,"key":"Energy Potion"},{"floor":3.0,"key":"Weak Potion"},{"floor":7.0,"key":"Block Potion"},{"floor":16.0,"key":"PowerPotion"},{"floor":18.0,"key":"Ancient Potion"},{"floor":33,"key":"SkillPotion"}],"is_trial":false,"path_per_floor":["M","?","M","$","M","R","M","R","T","M","R","T","?","E","R","B",null,"M","?","?","M","M","R","M","R","T","R","?","$","E","$","R","B",null,"M","?","$","?","T","E","?","R","T","M","M","R","M","M","R","B"],"character_chosen":"THE_SILENT","items_purchased":["Orichalcum","Infinite Blades","Oddly Smooth Stone","Cloak And Dagger","Infinite Blades","Footwork"],"campfire_rested":4,"item_purchase_floors":[4,4,29,29,31,37],"current_hp_per_floor":[63,63,63,63,63,63,63,63,63,62,62,62,50,48,48,32,61,55,55,55,49,39,39,39,39,39,60,60,60,45,45,66,17,57,42,42,42,42,42,9,27,27,27,27,21,42,40,40,61,0],"gold":141,"neow_bonus":"THREE_ENEMY_KILL","is_prod":false,"is_daily":false,"chose_seed":false,"campfire_upgraded":7,"win_rate":0,"timestamp":1550136252,"path_taken":["M","?","?","$","M","R","M","R","T","M","R","?","?","E","R","BOSS","M","?","?","M","M","R","M","R","T","R","?","?","E","$","R","BOSS","M","?","$","?","?","E","?","R","T","M","M","R","M","M","R","BOSS"],"build_version":"2019-01-23","purchased_purges":0,"victory":false,"max_hp_per_floor":[70,70,70,70,70,70,70,70,70,70,70,70,70,70,70,70,70,70,70,70,70,70,70,70,70,70,70,70,70,70,70,70,70,70,70,70,70,70,70,70,70,70,70,70,70,70,70,70,70,70],"card_choices":[{"not_picked":["Well Laid Plans","Quick Slash"],"picked":"Finisher","floor":1.0},{"not_picked":["Dagger Throw","Deadly Poison"],"picked":"PiercingWail","floor":3.0},{"not_picked":["Deadly Poison","Slice"],"picked":"Footwork","floor":5.0},{"not_picked":["Blade Dance","Acrobatics"],"picked":"Infinite Blades","floor":7.0},{"not_picked":["Concentrate","Wraith Form v2","Tactician"],"picked":"SKIP","floor":10.0},{"not_picked":["Calculated Gamble","Riddle With Holes","Unload"],"picked":"Blade Dance","floor":14.0},{"not_picked":["Venomology","Envenom","Doppelganger"],"picked":"A Thousand Cuts","floor":16.0},{"not_picked":["Masterful Stab","Dagger Spray","Underhanded Strike"],"picked":"Acrobatics+1","floor":18.0},{"not_picked":["Caltrops","Dodge and Roll","Flying Knee","Poisoned Stab"],"picked":"SKIP","floor":21.0},{"not_picked":["Skewer","Acrobatics","Dash"],"picked":"Cloak And Dagger+1","floor":22.0},{"not_picked":["Blade Dance","Expertise+1","Dash"],"picked":"Deflect+1","floor":24.0},{"not_picked":["Prepared","Die Die Die","Dagger Spray"],"picked":"Footwork+1","floor":30},{"not_picked":["Unload","Corpse Explosion","Burst"],"picked":"Adrenaline","floor":33},{"not_picked":["Flying Knee+1","Catalyst","Concentrate+1","Dagger Throw"],"picked":"SKIP","floor":35},{"not_picked":["Sucker Punch+1","Bane+1","Deadly Poison+1"],"picked":"Blur+1","floor":40},{"not_picked":["Bane+1","Setup+1","Finisher+1","Quick Slash+1"],"picked":"SKIP","floor":44},{"not_picked":["Backstab+1","Glass Knife+1","Distraction","Poisoned Stab+1"],"picked":"SKIP","floor":45},{"not_picked":["Reflex+1","Quick Slash+1","Distraction"],"picked":"Leg Sweep+1","floor":47},{"not_picked":["Poisoned Stab+1","Quick Slash+1","Underhanded Strike+1"],"picked":"Footwork+1","floor":48}],"player_experience":714846,"relics_obtained":[{"floor":9.0,"key":"Dodecahedron"},{"floor":12.0,"key":"Question Card"},{"floor":14.0,"key":"Pocketwatch"},{"floor":26,"key":"Snake Skull"},{"floor":30,"key":"Blue Candle"},{"floor":39,"key":"Molten Egg 2"},{"floor":40,"key":"FossilizedHelix"},{"floor":43,"key":"Calipers"}],"event_choices":[{"damage_healed":0.0,"max_hp_gain":0.0,"max_hp_loss":0.0,"gold_gain":100.0,"event_name":"Golden Shrine","player_choice":"Pray","floor":2.0,"gold_loss":0.0,"damage_taken":0.0},{"damage_healed":0.0,"max_hp_gain":0.0,"max_hp_loss":0.0,"gold_gain":0.0,"event_name":"Scrap Ooze","player_choice":"Success","floor":13.0,"gold_loss":0.0,"damage_taken":12.0,"relics_obtained":["Boot"]},{"damage_healed":0.0,"max_hp_gain":0.0,"max_hp_loss":0.0,"gold_gain":0.0,"event_name":"Back to Basics","player_choice":"Simplicity","floor":19.0,"gold_loss":0.0,"damage_taken":0.0,"cards_upgraded":["Defend_G","Defend_G","Defend_G","Defend_G","Defend_G","Strike_G","Strike_G","Strike_G","Strike_G","Strike_G"]},{"damage_healed":0.0,"max_hp_gain":0.0,"max_hp_loss":0.0,"gold_gain":0.0,"event_name":"The Mausoleum","player_choice":"Opened","floor":20.0,"gold_loss":0.0,"damage_taken":0.0,"relics_obtained":["Sundial"],"cards_obtained":["Writhe"]},{"cards_removed":["Strike_G"],"damage_healed":0,"gold_gain":0,"player_choice":"Gave Gold","damage_taken":0,"max_hp_gain":0,"max_hp_loss":0,"event_name":"Beggar","floor":28,"gold_loss":75},{"damage_healed":0,"gold_gain":0,"player_choice":"Memory 1","damage_taken":0,"max_hp_gain":0,"max_hp_loss":0,"event_name":"SensoryStone","floor":36,"gold_loss":0},{"damage_healed":0,"gold_gain":0,"player_choice":"Ignored","damage_taken":0,"max_hp_gain":0,"max_hp_loss":0,"event_name":"Mysterious Sphere","floor":38,"gold_loss":0},{"damage_healed":18,"gold_gain":0,"player_choice":"Writhe","damage_taken":0,"max_hp_gain":0,"max_hp_loss":0,"event_name":"Winding Halls","floor":41,"gold_loss":0,"cards_obtained":["Writhe"]}],"is_beta":false,"boss_relics":[{"not_picked":["Calling Bell","Orrery"],"picked":"Lizard Tail"},{"not_picked":["Ring of the Serpent","Empty Cage"],"picked":"Sozu"}],"items_purged_floors":[],"is_endless":false,"potions_floor_spawned":[1,3,7,16,18,24,33,44,47],"killed_by":"Time Eater","ascension_level":10}