{"gold_per_floor":[112,125,136,136,136,136,156,182,182,209,220,220,230,245,245,245],"floor_reached":16,"playtime":481,"items_purged":[],"score":222,"play_id":"b1169b29-ca54-4e69-a26a-0c439b82008f","local_time":"20190204181821","is_ascension_mode":true,"campfire_choices":[{"data":"Capacitor","floor":6,"key":"SMITH"},{"floor":12,"key":"REST"},{"data":"Defragment","floor":15,"key":"SMITH"}],"neow_cost":"NONE","seed_source_timestamp":172689466947500,"circlet_count":0,"master_deck":["AscendersBane","Strike_B","Strike_B","Strike_B","Strike_B","Defend_B","Defend_B","Defend_B","Defend_B","Zap+1","Dualcast","Capacitor+1","Conserve Battery","Cold Snap","Cold Snap","Ball Lightning","Consume","Defragment+1","Hologram","Coolheaded"],"relics":["Cracked Core","NeowsBlessing","Pear","Vajra","Turnip","Nunchaku"],"potions_floor_usage":[7,11,14,16],"damage_taken":[{"damage":0,"enemies":"Cultist","floor":1,"turns":1},{"damage":0,"enemies":"Small Slimes","floor":2,"turns":1},{"damage":0,"enemies":"Jaw Worm","floor":3,"turns":1},{"damage":5,"enemies":"Exordium Thugs","floor":7,"turns":4},{"damage":48,"enemies":"Gremlin Nob","floor":8,"turns":5},{"damage":18,"enemies":"Lagavulin","floor":10,"turns":7},{"damage":1,"enemies":"Blue Slaver","floor":11,"turns":4},{"damage":0,"enemies":"Large Slime","floor":13,"turns":4},{"damage":14,"enemies":"Lots of Slimes","floor":14,"turns":5},{"damage":26,"enemies":"Slime Boss","floor":16,"turns":3}],"seed_played":"-6072910083592397634","potions_obtained":[{"floor":3,"key":"Explosive Potion"},{"floor":10,"key":"Block Potion"},{"floor":13,"key":"AttackPotion"},{"floor":14,"key":"SkillPotion"}],"is_trial":false,"path_per_floor":["M","M","M","?","T","R","M","E","T","E","M","R","M","M","R","B"],"character_chosen":"DEFECT","items_purchased":[],"campfire_rested":1,"item_purchase_floors":[],"current_hp_per_floor":[64,64,64,64,74,74,69,21,21,3,2,26,26,12,12,0],"gold":245,"neow_bonus":"THREE_ENEMY_KILL","is_prod":false,"is_daily":false,"chose_seed":false,"campfire_upgraded":2,"win_rate":0,"timestamp":1549333101,"path_taken":["M","M","?","?","?","R","?","E","T","E","M","R","M","M","R","BOSS"],"build_version":"2019-01-23","purchased_purges":0,"victory":false,"max_hp_per_floor":[71,71,71,71,81,81,81,81,81,81,81,81,81,81,81,81],"card_choices":[{"not_picked":["Compile Driver","Conserve Battery"],"picked":"Capacitor","floor":1},{"not_picked":["Sweeping Beam","Gash"],"picked":"Conserve Battery","floor":2},{"not_picked":["Compile Driver","Stack"],"picked":"Cold Snap","floor":3},{"not_picked":["Conserve Battery","Reprogram"],"picked":"Cold Snap","floor":7},{"not_picked":["Amplify","Self Repair"],"picked":"Ball Lightning","floor":8},{"not_picked":["Rebound","Cold Snap"],"picked":"Consume","floor":10},{"not_picked":["Hologram","Consume"],"picked":"Defragment","floor":11},{"not_picked":["Stack","Hello World"],"picked":"Hologram","floor":13},{"not_picked":["Conserve Battery","Reinforced Body"],"picked":"Coolheaded","floor":14}],"player_experience":624830,"relics_obtained":[{"floor":5,"key":"Pear"},{"floor":8,"key":"Vajra"},{"floor":9,"key":"Turnip"},{"floor":10,"key":"Nunchaku"}],"event_choices":[{"damage_healed":0,"gold_gain":0,"player_choice":"Grow","damage_taken":0,"max_hp_gain":0,"max_hp_loss":0,"event_name":"Living Wall","floor":4,"gold_loss":0,"cards_upgraded":["Zap"]}],"is_beta":false,"boss_relics":[],"items_purged_floors":[],"is_endless":false,"potions_floor_spawned":[3,10,13,14],"killed_by":"Slime Boss","ascension_level":19}