{"gold_per_floor":[112,112,123,135,135,135,198,198,198,208,226,243,243,262,262,365,365,375,386,402,178,193,193,145,161,237,237,237,237,253,272,272,272],"floor_reached":33,"playtime":1531,"items_purged":[],"score":243,"play_id":"ba3b210d-b064-47d9-8731-1f9b9ebf8470","local_time":"20180911011116","is_ascension_mode":false,"campfire_choices":[{"data":"Clash","floor":6,"key":"SMITH"},{"data":"Wild Strike","floor":8,"key":"SMITH"},{"data":"Pommel Strike","floor":13,"key":"SMITH"},{"data":"Twin Strike","floor":15,"key":"SMITH"},{"floor":23,"key":"REST"},{"floor":27,"key":"REST"},{"data":"Perfected Strike","floor":32,"key":"SMITH"}],"neow_cost":"NONE","seed_source_timestamp":357816736327979,"circlet_count":0,"master_deck":["Strike_R+1","Strike_R+1","Strike_R","Strike_R","Strike_R","Defend_R+1","Defend_R+1","Defend_R","Defend_R","Bash","Wild Strike+1","Clash+1","Pommel Strike+1","Twin Strike+1","Bludgeon","Perfected Strike","Sword Boomerang","Perfected Strike+1","Sword Boomerang+1","Perfected Strike"],"relics":["Burning Blood","War Paint","Whetstone","Potion Belt","Runic Cube","Lantern","Blue Candle"],"potions_floor_usage":[7,12,16,16,19,22,31,33],"damage_taken":[{"damage":0,"enemies":"2 Louse","floor":1,"turns":3},{"damage":2,"enemies":"Small Slimes","floor":3,"turns":4},{"damage":6,"enemies":"Jaw Worm","floor":4,"turns":3},{"damage":16,"enemies":"3 Sentries","floor":7,"turns":10},{"damage":0,"enemies":"3 Louse","floor":10,"turns":3},{"damage":8,"enemies":"Red Slaver","floor":11,"turns":3},{"damage":7,"enemies":"2 Fungi Beasts","floor":12,"turns":2},{"damage":0,"enemies":"Blue Slaver","floor":14,"turns":2},{"damage":46,"enemies":"The Guardian","floor":16,"turns":7},{"damage":3,"enemies":"Chosen","floor":18,"turns":5},{"damage":31,"enemies":"2 Thieves","floor":19,"turns":4},{"damage":15,"enemies":"Snecko","floor":20,"turns":3},{"damage":28,"enemies":"3 Cultists","floor":22,"turns":5},{"damage":13,"enemies":"Snake Plant","floor":25,"turns":2},{"damage":8,"enemies":"Snecko","floor":30,"turns":3},{"damage":7,"enemies":"Centurion and Healer","floor":31,"turns":4},{"damage":100,"enemies":"Collector","floor":33,"turns":10}],"seed_played":"-1096415380387476753","potions_obtained":[{"floor":4,"key":"Ancient Potion"},{"floor":7,"key":"Explosive Potion"},{"floor":10,"key":"Regen Potion"},{"floor":14,"key":"AttackPotion"},{"floor":18,"key":"LiquidBronze"},{"floor":25,"key":"BloodPotion"},{"floor":30,"key":"Ancient Potion"}],"is_trial":false,"path_per_floor":["M","$","M","M","$","R","?","R","T","M","M","M","R","M","R","B",null,"M","M","M","$","M","R","$","M","T","R","?","?","M","M","R"],"character_chosen":"IRONCLAD","items_purchased":["Lantern","BloodPotion","Perfected Strike"],"campfire_rested":2,"item_purchase_floors":[21,21,24],"current_hp_per_floor":[80,80,80,80,80,80,70,70,70,76,74,73,73,79,79,46,80,80,55,46,46,32,56,56,49,49,73,73,73,71,78,78,0],"gold":272,"neow_bonus":"RANDOM_COMMON_RELIC","is_prod":false,"is_daily":false,"chose_seed":false,"campfire_upgraded":5,"win_rate":0,"timestamp":1536642676,"path_taken":["M","$","M","M","$","R","?","R","T","M","M","M","R","M","R","BOSS","M","M","M","$","M","R","$","M","T","R","?","?","M","M","R","BOSS"],"build_version":"2018-09-06","purchased_purges":0,"victory":false,"max_hp_per_floor":[80,80,80,80,80,80,80,80,80,80,80,80,80,80,80,80,80,80,80,80,80,80,80,80,80,80,80,80,80,80,80,80,80],"card_choices":[{"not_picked":["Iron Wave","Shockwave"],"picked":"Wild Strike","floor":1},{"not_picked":["Shockwave","Spot Weakness"],"picked":"Clash","floor":3},{"not_picked":["Armaments","Body Slam","Iron Wave"],"picked":"SKIP","floor":4},{"not_picked":["Armaments","Anger","Cleave"],"picked":"SKIP","floor":10},{"not_picked":["Rage","Heavy Blade"],"picked":"Pommel Strike","floor":11},{"not_picked":["Dual Wield","Cleave"],"picked":"Twin Strike","floor":12},{"not_picked":["Iron Wave","Feel No Pain","Hemokinesis"],"picked":"SKIP","floor":14},{"not_picked":["Feed","Limit Break"],"picked":"Bludgeon","floor":16},{"not_picked":["Evolve","Iron Wave"],"picked":"Perfected Strike","floor":18},{"not_picked":["Metallicize","Clothesline+1"],"picked":"Sword Boomerang","floor":19},{"not_picked":["Searing Blow","Flex","Ghostly Armor+1"],"picked":"SKIP","floor":20},{"not_picked":["Warcry+1","Bloodletting","Anger"],"picked":"SKIP","floor":22},{"not_picked":["Second Wind","Clothesline"],"picked":"Sword Boomerang+1","floor":25},{"not_picked":["Armaments","Anger","Entrench+1"],"picked":"SKIP","floor":30},{"not_picked":["Body Slam","Sword Boomerang","Pummel"],"picked":"SKIP","floor":31}],"player_experience":81551,"relics_obtained":[{"floor":7,"key":"Whetstone"},{"floor":9,"key":"Potion Belt"},{"floor":26,"key":"Blue Candle"}],"event_choices":[{"event_name":"Dead Adventurer","player_choice":"Searched \u00272\u0027 times","floor":7,"damage_taken":0},{"event_name":"Cursed Tome","player_choice":"Ignored","floor":28,"damage_taken":0},{"event_name":"The Library","player_choice":"Read","floor":29,"damage_taken":0}],"is_beta":false,"boss_relics":[{"not_picked":["Tiny House","Snecko Eye"],"picked":"Runic Cube"}],"items_purged_floors":[],"is_endless":false,"potions_floor_spawned":[4,7,10,14,18,25,30],"killed_by":"Collector","ascension_level":0}