{"gold_per_floor":[118,118,138,150,170,203,229,154,154,154,154,154],"floor_reached":12,"playtime":375,"items_purged":["Strike_G"],"score":109,"play_id":"4e8d8961-24c5-45f2-b339-0d12b2e0f37e","local_time":"20190214001911","is_ascension_mode":true,"campfire_choices":[{"floor":10,"key":"REST"}],"neow_cost":"NONE","seed_source_timestamp":345057735269161,"circlet_count":0,"master_deck":["Defend_G","Defend_G","Defend_G+1","Defend_G","Defend_G","Strike_G+1","Strike_G","Strike_G","Survivor","Neutralize","Skewer","Prepared","Dagger Spray","Tools of the Trade","Dodge and Roll","Dagger Spray"],"relics":["Ring of the Snake","NeowsBlessing","Bottled Flame","Odd Mushroom","Mercury Hourglass"],"potions_floor_usage":[6,6],"damage_taken":[{"damage":0,"enemies":"Small Slimes","floor":1,"turns":1},{"damage":0,"enemies":"Cultist","floor":3,"turns":1},{"damage":0,"enemies":"Jaw Worm","floor":4,"turns":1},{"damage":3,"enemies":"Exordium Wildlife","floor":5,"turns":5},{"damage":34,"enemies":"Gremlin Nob","floor":6,"turns":5},{"damage":17,"enemies":"The Mushroom Lair","floor":7,"turns":7},{"damage":0,"enemies":"Large Slime","floor":12,"turns":3}],"seed_played":"3288277692146392313","potions_obtained":[{"floor":1,"key":"Energy Potion"},{"floor":4,"key":"FearPotion"}],"is_trial":false,"path_per_floor":["M","?","M","M","M","E","?","$","T","R","?","M"],"character_chosen":"THE_SILENT","items_purchased":[],"campfire_rested":1,"item_purchase_floors":[],"current_hp_per_floor":[63,63,63,63,60,26,9,9,9,30,16,16],"gold":154,"neow_bonus":"THREE_ENEMY_KILL","is_prod":false,"is_daily":false,"chose_seed":false,"campfire_upgraded":0,"win_rate":0,"timestamp":1550092751,"path_taken":["M","?","?","M","M","E","?","$","T","R","?","M"],"build_version":"2019-01-23","purchased_purges":1,"victory":false,"max_hp_per_floor":[70,70,70,70,70,70,70,70,70,70,70,70],"card_choices":[{"not_picked":["Eviscerate","Flying Knee"],"picked":"Skewer","floor":1},{"not_picked":["Cloak And Dagger","Quick Slash"],"picked":"Prepared","floor":3},{"not_picked":["Quick Slash","Caltrops"],"picked":"Dagger Spray","floor":4},{"not_picked":["Poisoned Stab","Acrobatics"],"picked":"Tools of the Trade","floor":5},{"not_picked":["Bane","Catalyst"],"picked":"Dodge and Roll","floor":6},{"not_picked":["After Image","Outmaneuver"],"picked":"Dagger Spray","floor":7}],"player_experience":296354,"relics_obtained":[{"floor":6,"key":"Bottled Flame"},{"floor":7,"key":"Odd Mushroom"},{"floor":9,"key":"Mercury Hourglass"}],"event_choices":[{"cards_removed":["Strike_G"],"damage_healed":0,"gold_gain":0,"player_choice":"Offered Basic","damage_taken":0,"max_hp_gain":0,"max_hp_loss":0,"event_name":"Bonfire Elementals","floor":2,"gold_loss":0},{"damage_healed":0,"gold_gain":0,"player_choice":"Fought Mushrooms","damage_taken":0,"max_hp_gain":0,"max_hp_loss":0,"event_name":"Mushrooms","floor":7,"gold_loss":0},{"damage_healed":0,"gold_gain":0,"player_choice":"Entered Light","damage_taken":14,"max_hp_gain":0,"max_hp_loss":0,"event_name":"Shining Light","floor":11,"gold_loss":0,"cards_upgraded":["Defend_G","Strike_G"]}],"is_beta":false,"boss_relics":[],"items_purged_floors":[8],"is_endless":false,"potions_floor_spawned":[1,4],"killed_by":"Large Slime","ascension_level":8}