{"gold_per_floor":[16,16,64,64,78,122,51,51,77,77,93,136,136,61,61,181,181,205,238,93,111,111,146,124,157,182,221,240,240,263,286,286,412,412,426,25,25,45,61,61,129,129,141,166,193,205,217,21,21,21],"floor_reached":51,"playtime":3043,"items_purged":["Strike_B","Strike_B"],"score":943,"play_id":"ca345036-fc94-4a0a-a2ca-9fc5ae80bde0","local_time":"20180927021225","is_ascension_mode":true,"campfire_choices":[{"data":"Electrodynamics","floor":8,"key":"SMITH"},{"data":"Lockon","floor":13,"key":"SMITH"},{"data":"Static Discharge","floor":15,"key":"SMITH"},{"floor":29,"key":"DIG"},{"floor":32,"key":"DIG"},{"floor":40,"key":"DIG"},{"floor":42,"key":"DIG"},{"floor":46,"key":"DIG"},{"floor":49,"key":"DIG"}],"neow_cost":"NO_GOLD","seed_source_timestamp":294160689532136,"circlet_count":0,"master_deck":["Strike_B","Strike_B+1","Defend_B","Defend_B","Defend_B+1","Defend_B","Zap+1","Dualcast","Electrodynamics+1","Static Discharge+1","Lockon+1","Self Repair","Chill+1","Ball Lightning+1","Leap","Echo Form","Ball Lightning+1","Defragment","Ball Lightning","Ball Lightning","White Noise","Static Discharge+1","Capacitor","Echo Form","Consume+1","Storm+1","Hello World"],"relics":["FrozenCore","Singing Bowl","Oddly Smooth Stone","Golden Idol","Strawberry","PreservedInsect","Vajra","Cursed Key","Red Mask","Centennial Puzzle","WarpedTongs","Shovel","War Paint","DataDisk","StoneCalendar","Blood Vial","Omamori","Bird Faced Urn","Whetstone","Ornamental Fan","MawBank","FossilizedHelix","Potion Belt","Bag of Marbles","Frozen Eye","Pen Nib"],"potions_floor_usage":[25,33,33,33],"damage_taken":[{"damage":7,"enemies":"Small Slimes","floor":1,"turns":3},{"damage":12,"enemies":"Jaw Worm","floor":5,"turns":2},{"damage":14,"enemies":"3 Sentries","floor":6,"turns":3},{"damage":0,"enemies":"Cultist","floor":11,"turns":3},{"damage":16,"enemies":"Gremlin Nob","floor":12,"turns":3},{"damage":17,"enemies":"The Guardian","floor":16,"turns":8},{"damage":5,"enemies":"Spheric Guardian","floor":18,"turns":4},{"damage":6,"enemies":"Masked Bandits","floor":19,"turns":2},{"damage":1,"enemies":"Shell Parasite","floor":21,"turns":3},{"damage":26,"enemies":"Slavers","floor":23,"turns":4},{"damage":36,"enemies":"Book of Stabbing","floor":25,"turns":4},{"damage":2,"enemies":"Slavers","floor":27,"turns":3},{"damage":16,"enemies":"Cultist and Chosen","floor":28,"turns":4},{"damage":14,"enemies":"Centurion and Healer","floor":30,"turns":3},{"damage":4,"enemies":"Shelled Parasite and Fungi","floor":31,"turns":2},{"damage":5,"enemies":"Champ","floor":33,"turns":7},{"damage":12,"enemies":"Orb Walker","floor":35,"turns":3},{"damage":0,"enemies":"3 Shapes","floor":38,"turns":3},{"damage":40,"enemies":"Maw","floor":39,"turns":5},{"damage":0,"enemies":"Sphere and 2 Shapes","floor":44,"turns":4},{"damage":39,"enemies":"Spire Growth","floor":45,"turns":4},{"damage":38,"enemies":"Donu and Deca","floor":50,"turns":6}],"seed_played":"-5972389667330917956","potions_obtained":[{"floor":6,"key":"FocusPotion"},{"floor":11,"key":"SpeedPotion"},{"floor":19,"key":"PowerPotion"},{"floor":25,"key":"Fruit Juice"},{"floor":31,"key":"Regen Potion"},{"floor":33,"key":"Poison Potion"},{"floor":38,"key":"SmokeBomb"}],"is_trial":false,"path_per_floor":["M","?","T","?","M","E","$","R","T","?","M","E","R","$","R","B",null,"M","?","$","M","?","E","$","E","T","E","M","R","M","M","R","B",null,"M","$","?","M","M","R","T","R","T","M","M","R","?","$","R","B"],"character_chosen":"DEFECT","items_purchased":["Chill","Centennial Puzzle","Ball Lightning","Bird Faced Urn","Frozen Eye"],"campfire_rested":0,"item_purchase_floors":[7,20,24,36,48],"current_hp_per_floor":[68,61,61,43,31,24,24,24,24,24,31,22,22,22,22,12,82,82,78,78,79,79,73,73,56,56,54,58,58,48,46,46,65,93,81,81,81,93,73,73,73,73,73,91,68,68,68,68,68,56],"gold":21,"neow_bonus":"THREE_RARE_CARDS","is_prod":false,"is_daily":false,"chose_seed":false,"campfire_upgraded":3,"win_rate":0,"timestamp":1538039545,"path_taken":["M","?","?","?","?","E","$","R","T","?","M","E","R","$","R","BOSS","M","?","?","?","?","E","$","E","T","E","M","R","M","?","R","BOSS","M","$","?","M","M","R","?","R","T","?","M","R","?","$","R","BOSS"],"build_version":"2018-09-20","purchased_purges":2,"victory":true,"max_hp_per_floor":[75,75,75,75,75,82,82,82,82,82,82,82,82,82,82,82,82,82,84,84,86,86,86,86,91,91,91,91,91,93,93,93,93,93,93,93,93,93,95,95,95,95,95,95,97,97,97,97,97,97],"card_choices":[{"not_picked":["Biased Cognition","Seek"],"picked":"Electrodynamics","floor":0},{"not_picked":["Turbo","Hologram"],"picked":"Static Discharge","floor":1},{"not_picked":["Stack","Reinforced Body"],"picked":"Lockon","floor":5},{"not_picked":["Steam Power","Amplify"],"picked":"Self Repair","floor":6},{"not_picked":["Barrage","Genetic Algorithm"],"picked":"Ball Lightning","floor":11},{"not_picked":["Aggregate","Rebound"],"picked":"Leap","floor":12},{"not_picked":["Machine Learning","Biased Cognition"],"picked":"Echo Form","floor":16},{"not_picked":["Sweeping Beam","Coolheaded"],"picked":"Ball Lightning+1","floor":18},{"not_picked":["Redo","Undo+1","Chaos"],"picked":"Singing Bowl","floor":19},{"not_picked":["Hologram","Turbo","Compile Driver"],"picked":"Singing Bowl","floor":21},{"not_picked":["Glacier","Lockon"],"picked":"Defragment","floor":23},{"not_picked":["Redo","Rebound"],"picked":"Ball Lightning","floor":25},{"not_picked":["Hologram","Doom and Gloom"],"picked":"White Noise","floor":27},{"not_picked":["Darkness","Streamline"],"picked":"Static Discharge+1","floor":28},{"not_picked":["Beam Cell","Steam Power","Self Repair"],"picked":"Singing Bowl","floor":30},{"not_picked":["Blizzard+1","Steam+1"],"picked":"Capacitor","floor":31},{"not_picked":["Hyperbeam","Fission"],"picked":"Echo Form","floor":33},{"not_picked":["Tempest+1","Streamline+1"],"picked":"Consume+1","floor":35},{"not_picked":["Turbo","Loop"],"picked":"Storm+1","floor":38},{"not_picked":["Redo","Compile Driver","Rebound+1"],"picked":"Singing Bowl","floor":39},{"not_picked":["Steam Power+1","Cold Snap"],"picked":"Hello World","floor":44},{"not_picked":["Fusion","Rebound+1","Stack"],"picked":"Singing Bowl","floor":45}],"player_experience":170234,"relics_obtained":[{"floor":3,"key":"Oddly Smooth Stone"},{"floor":6,"key":"Strawberry"},{"floor":9,"key":"PreservedInsect"},{"floor":12,"key":"Vajra"},{"floor":19,"key":"Red Mask"},{"floor":23,"key":"Shovel"},{"floor":25,"key":"War Paint"},{"floor":26,"key":"DataDisk"},{"floor":27,"key":"StoneCalendar"},{"floor":29,"key":"Blood Vial"},{"floor":32,"key":"Omamori"},{"floor":40,"key":"Whetstone"},{"floor":41,"key":"Ornamental Fan"},{"floor":42,"key":"MawBank"},{"floor":43,"key":"FossilizedHelix"},{"floor":46,"key":"Potion Belt"},{"floor":47,"key":"Bag of Marbles"},{"floor":49,"key":"Pen Nib"}],"event_choices":[{"event_name":"Scrap Ooze","player_choice":"success","floor":2,"damage_taken":7},{"event_name":"Golden Idol","player_choice":"Take Damage","floor":4,"damage_taken":0},{"event_name":"Upgrade Shrine","player_choice":"Upgraded","floor":10,"damage_taken":0},{"event_name":"Masked Bandits","player_choice":"Fought Bandits","floor":19,"damage_taken":0},{"event_name":"Accursed Blacksmith","player_choice":"Rummage","floor":22,"damage_taken":0},{"event_name":"Fountain of Cleansing","player_choice":"Removed Curse","floor":37,"damage_taken":0},{"event_name":"Wheel of Change","player_choice":"Relic","floor":47,"damage_taken":0}],"is_beta":false,"boss_relics":[{"not_picked":["Calling Bell","Ectoplasm"],"picked":"Cursed Key"},{"not_picked":["Tiny House","Philosopher\u0027s Stone"],"picked":"FrozenCore"}],"items_purged_floors":[14,36],"is_endless":false,"potions_floor_spawned":[6,11,19,25,31,33,38],"ascension_level":3}