{"gold_per_floor":[112,112,112,131,206,206,244,244,267,290,290,315,315,351,351,444,444,464,464,464,478,503,503],"floor_reached":23,"playtime":734,"items_purged":[],"score":398,"play_id":"4abff242-c5f6-4914-b4a3-43ceb6c6ba2e","local_time":"20190303025650","is_ascension_mode":true,"campfire_choices":[{"data":"Zap","floor":6.0,"key":"SMITH"},{"data":"Barrage","floor":8.0,"key":"SMITH"},{"data":"Dualcast","floor":11.0,"key":"SMITH"},{"data":"Ball Lightning","floor":13,"key":"SMITH"},{"data":"Defragment","floor":15,"key":"SMITH"}],"neow_cost":"NONE","seed_source_timestamp":153263526465399,"circlet_count":0,"master_deck":["AscendersBane","Strike_B","Strike_B","Defend_B","Defend_B","Defend_B","Defend_B","Zap+1","Dualcast+1","Barrage+1","FTL","Ball Lightning+1","Compile Driver","Ball Lightning","FTL","Defragment+1","Electrodynamics","Reinforced Body","RitualDagger","Stack","Ball Lightning"],"special_seed":0,"relics":["Cracked Core","Golden Idol","Pen Nib","Sundial","Juzu Bracelet","Bronze Scales","Sozu"],"potions_floor_usage":[12,23,23],"damage_taken":[{"damage":0.0,"enemies":"2 Louse","floor":1.0,"turns":1.0},{"damage":0.0,"enemies":"Small Slimes","floor":4.0,"turns":2.0},{"damage":13.0,"enemies":"3 Sentries","floor":7.0,"turns":6.0},{"damage":0.0,"enemies":"Cultist","floor":10.0,"turns":2.0},{"damage":0,"enemies":"Gremlin Gang","floor":12,"turns":3},{"damage":12,"enemies":"Gremlin Nob","floor":14,"turns":3},{"damage":11,"enemies":"Hexaghost","floor":16,"turns":6},{"damage":11,"enemies":"Spheric Guardian","floor":18,"turns":3},{"damage":0,"enemies":"Chosen","floor":21,"turns":3},{"damage":25,"enemies":"Shelled Parasite and Fungi","floor":22,"turns":5},{"damage":14,"enemies":"Book of Stabbing","floor":23,"turns":2}],"seed_played":"4339289375958599637","potions_obtained":[{"floor":1.0,"key":"Block Potion"},{"floor":7.0,"key":"AttackPotion"},{"floor":14,"key":"Swift Potion"},{"floor":16,"key":"SkillPotion"}],"is_trial":false,"path_per_floor":["M","?","?","M","?","R","E","R","T","M","R","M","R","E","R","B",null,"M","?","?","M","M","E"],"character_chosen":"DEFECT","items_purchased":[],"campfire_rested":0,"item_purchase_floors":[],"current_hp_per_floor":[64,64,53,53,42,42,29,29,29,29,29,29,29,17,17,6,50,39,33,33,33,8,0],"gold":503,"neow_bonus":"TRANSFORM_CARD","is_prod":false,"is_daily":false,"chose_seed":false,"campfire_upgraded":5,"win_rate":0,"timestamp":1551599810,"path_taken":["M","?","?","M","?","R","E","R","T","M","R","M","R","E","R","BOSS","M","?","?","M","M","E"],"build_version":"2019-01-23","purchased_purges":0,"victory":false,"max_hp_per_floor":[71,64,64,64,64,64,64,64,64,64,64,64,64,64,64,64,64,64,64,64,64,64,64],"card_choices":[{"not_picked":["Storm","Chill"],"picked":"FTL","floor":1.0},{"not_picked":["Melter","Sweeping Beam"],"picked":"Ball Lightning","floor":4.0},{"not_picked":["Barrage","Steam Power"],"picked":"Compile Driver","floor":7.0},{"not_picked":["Reprogram","Chill"],"picked":"Ball Lightning","floor":10.0},{"not_picked":["Beam Cell","Turbo"],"picked":"FTL","floor":12},{"not_picked":["Static Discharge","Cold Snap"],"picked":"Defragment","floor":14},{"not_picked":["Machine Learning","Rainbow"],"picked":"Electrodynamics","floor":16},{"not_picked":["Rebound","Beam Cell"],"picked":"Reinforced Body","floor":18},{"not_picked":["Reinforced Body","Go for the Eyes"],"picked":"Stack","floor":21},{"not_picked":["Beam Cell","Sunder"],"picked":"Ball Lightning","floor":22}],"player_experience":650349,"relics_obtained":[{"floor":7.0,"key":"Sundial"},{"floor":9.0,"key":"Juzu Bracelet"},{"floor":14,"key":"Bronze Scales"}],"event_choices":[{"damage_healed":0.0,"max_hp_gain":0.0,"max_hp_loss":7.0,"gold_gain":0.0,"event_name":"Golden Idol","player_choice":"Lose Max HP","floor":2.0,"gold_loss":0.0,"damage_taken":0.0,"relics_obtained":["Golden Idol"]},{"damage_healed":0.0,"max_hp_gain":0.0,"max_hp_loss":0.0,"gold_gain":0.0,"event_name":"Scrap Ooze","player_choice":"Success","floor":3.0,"gold_loss":0.0,"damage_taken":11.0,"relics_obtained":["Pen Nib"]},{"damage_healed":0.0,"max_hp_gain":0.0,"max_hp_loss":0.0,"gold_gain":75.0,"event_name":"World of Goop","player_choice":"Gather Gold","floor":5.0,"gold_loss":0.0,"damage_taken":11.0},{"damage_healed":0,"gold_gain":0,"player_choice":"Joined the Cult","damage_taken":6,"max_hp_gain":0,"max_hp_loss":0,"event_name":"Nest","floor":19,"gold_loss":0,"cards_obtained":["RitualDagger"]},{"cards_removed":["Strike_B"],"damage_healed":0,"gold_gain":0,"player_choice":"Offered Basic","damage_taken":0,"max_hp_gain":0,"max_hp_loss":0,"event_name":"Bonfire Elementals","floor":20,"gold_loss":0}],"is_beta":false,"boss_relics":[{"not_picked":["Astrolabe","Runic Pyramid"],"picked":"Sozu"}],"items_purged_floors":[],"is_endless":false,"potions_floor_spawned":[1,7,14,16],"killed_by":"Book of Stabbing","ascension_level":20}