{"gold_per_floor":[110,110,130,146,165,165,198,198,198,198,231,250,267,286,286,286],"floor_reached":16,"playtime":762,"items_purged":[],"score":120,"play_id":"36f38d4c-c98d-4637-a603-3ec847f18246","local_time":"20190303083808","is_ascension_mode":true,"campfire_choices":[{"data":"Perfected Strike","floor":6,"key":"SMITH"},{"data":"Fire Breathing","floor":8,"key":"SMITH"},{"data":"Dark Embrace","floor":15,"key":"SMITH"}],"neow_cost":"NONE","seed_source_timestamp":49763744332160,"circlet_count":0,"master_deck":["Strike_R","Strike_R","Strike_R","Strike_R","Strike_R","Defend_R","Defend_R","Defend_R","Defend_R","Bash","Dropkick","Perfected Strike","Perfected Strike+1","Fire Breathing+1","Shockwave","Fire Breathing","Second Wind","Dark Embrace+1","Warcry"],"relics":["Burning Blood","Bronze Scales","Dream Catcher","Letter Opener","Bag of Preparation","Vajra"],"potions_floor_usage":[11,16,16,16],"damage_taken":[{"damage":1,"enemies":"Cultist","floor":1,"turns":3},{"damage":6,"enemies":"2 Louse","floor":3,"turns":2},{"damage":12,"enemies":"Small Slimes","floor":4,"turns":3},{"damage":13,"enemies":"2 Fungi Beasts","floor":5,"turns":2},{"damage":14,"enemies":"Gremlin Nob","floor":7,"turns":3},{"damage":26,"enemies":"Lagavulin","floor":11,"turns":4},{"damage":10,"enemies":"Looter","floor":12,"turns":2},{"damage":2,"enemies":"Exordium Wildlife","floor":13,"turns":4},{"damage":7,"enemies":"3 Louse","floor":14,"turns":2},{"damage":49,"enemies":"The Guardian","floor":16,"turns":8}],"seed_played":"5222730800242823190","potions_obtained":[{"floor":1,"key":"Explosive Potion"},{"floor":4,"key":"Ancient Potion"},{"floor":7,"key":"Energy Potion"},{"floor":10,"key":"BloodPotion"},{"floor":14,"key":"Strength Potion"}],"is_trial":false,"path_per_floor":["M","?","M","M","M","R","E","R","T","?","E","M","M","M","R","B"],"character_chosen":"IRONCLAD","items_purchased":[],"campfire_rested":0,"item_purchase_floors":[],"current_hp_per_floor":[80,80,80,74,67,67,59,59,59,59,39,35,39,38,38,0],"gold":286,"neow_bonus":"RANDOM_COMMON_RELIC","is_prod":false,"is_daily":false,"chose_seed":false,"campfire_upgraded":3,"win_rate":0,"timestamp":1551569888,"path_taken":["M","?","M","M","?","R","E","R","T","?","E","?","?","M","R","BOSS"],"build_version":"2019-01-23","purchased_purges":0,"victory":false,"max_hp_per_floor":[80,80,80,80,80,80,80,80,80,80,80,80,80,80,80,80],"card_choices":[{"not_picked":["True Grit","Clothesline"],"picked":"Dropkick","floor":1},{"not_picked":["Flex","Rupture"],"picked":"Perfected Strike","floor":3},{"not_picked":["Fire Breathing","Dropkick"],"picked":"Perfected Strike","floor":4},{"not_picked":["Body Slam","Power Through"],"picked":"Fire Breathing","floor":5},{"not_picked":["Shrug It Off","True Grit"],"picked":"Shockwave","floor":7},{"not_picked":["Power Through","Iron Wave"],"picked":"Fire Breathing","floor":11},{"not_picked":["Entrench","Metallicize"],"picked":"Second Wind","floor":12},{"not_picked":["Power Through","Blood for Blood"],"picked":"Dark Embrace","floor":13},{"not_picked":["Sword Boomerang","True Grit"],"picked":"Warcry","floor":14}],"player_experience":13424,"relics_obtained":[{"floor":2,"key":"Dream Catcher"},{"floor":7,"key":"Letter Opener"},{"floor":9,"key":"Bag of Preparation"},{"floor":11,"key":"Vajra"}],"event_choices":[{"damage_healed":0,"gold_gain":0,"player_choice":"Relic","damage_taken":0,"max_hp_gain":0,"max_hp_loss":0,"event_name":"Wheel of Change","floor":2,"gold_loss":0},{"damage_healed":0,"gold_gain":0,"player_choice":"Got Potions","damage_taken":0,"max_hp_gain":0,"max_hp_loss":0,"event_name":"Lab","floor":10,"gold_loss":0}],"is_beta":false,"boss_relics":[],"items_purged_floors":[],"is_endless":false,"potions_floor_spawned":[1,4,7,14],"killed_by":"The Guardian","ascension_level":1}