{"gold_per_floor":[118,135,135,153,228,228,253,267,312,92,107,107,23,57,57,155,155,168,183,83,94,94,94,21,34,34,53,53,53],"floor_reached":29,"playtime":719,"items_purged":["Strike_G","Strike_G"],"score":235,"play_id":"b57dc635-54f5-4e90-9a61-b4f4cfcdca8b","local_time":"20180929222656","is_ascension_mode":false,"campfire_choices":[{"data":"Neutralize","floor":6,"key":"SMITH"},{"data":"Poisoned Stab","floor":12,"key":"SMITH"},{"data":"Deadly Poison","floor":15,"key":"SMITH"},{"data":"Dagger Spray","floor":23,"key":"SMITH"}],"neow_cost":"","seed_source_timestamp":103973871320694,"circlet_count":0,"master_deck":["Defend_G","Defend_G","Defend_G","Defend_G","Defend_G","Strike_G","Strike_G","Strike_G","Survivor","Neutralize+1","Poisoned Stab+1","Backstab","Dagger Throw","Die Die Die","Footwork","Dagger Spray+1","Deadly Poison+1","Corpse Explosion","Tactician+1","Concentrate+1","Well Laid Plans","Leg Sweep","Doubt","Eviscerate"],"relics":["Ring of the Snake","Letter Opener","Blood Vial","Bag of Marbles","Cursed Key","Ginger"],"potions_floor_usage":[29],"damage_taken":[{"damage":0,"enemies":"2 Louse","floor":1,"turns":3},{"damage":7,"enemies":"Jaw Worm","floor":2,"turns":4},{"damage":0,"enemies":"Small Slimes","floor":4,"turns":3},{"damage":20,"enemies":"Gremlin Nob","floor":7,"turns":4},{"damage":0,"enemies":"Blue Slaver","floor":8,"turns":3},{"damage":5,"enemies":"Looter","floor":11,"turns":3},{"damage":15,"enemies":"3 Sentries","floor":14,"turns":6},{"damage":6,"enemies":"Hexaghost","floor":16,"turns":9},{"damage":3,"enemies":"Spheric Guardian","floor":18,"turns":3},{"damage":0,"enemies":"3 Byrds","floor":19,"turns":2},{"damage":9,"enemies":"Shelled Parasite and Fungi","floor":21,"turns":5},{"damage":2,"enemies":"Chosen and Byrds","floor":25,"turns":3},{"damage":12,"enemies":"Snake Plant","floor":27,"turns":3},{"damage":18,"enemies":"Gremlin Leader","floor":29,"turns":5}],"seed_played":"-5847893490197710235","potions_obtained":[{"floor":4,"key":"Dexterity Potion"},{"floor":8,"key":"SteroidPotion"},{"floor":14,"key":"SkillPotion"},{"floor":18,"key":"Block Potion"}],"is_trial":false,"path_per_floor":["M","M","?","M","?","R","E","M","T","$","M","R","$","E","R","B",null,"M","M","$","M","T","R","$","M","T","M","$"],"character_chosen":"THE_SILENT","items_purchased":["Die Die Die","Footwork","Dagger Spray","Well Laid Plans"],"campfire_rested":0,"item_purchase_floors":[10,13,13,24],"current_hp_per_floor":[70,63,63,63,52,52,32,32,32,32,29,29,29,16,16,12,70,67,69,69,61,61,61,61,61,61,51,51,35],"gold":53,"neow_bonus":"","is_prod":false,"is_daily":false,"chose_seed":false,"campfire_upgraded":4,"win_rate":0,"timestamp":1538227616,"path_taken":["M","M","?","M","?","R","E","M","T","$","?","R","$","E","R","BOSS","M","?","?","?","?","R","?","?","T","?","$","E"],"build_version":"2018-09-27","purchased_purges":2,"victory":false,"max_hp_per_floor":[70,70,70,70,70,70,70,70,70,70,70,70,70,70,70,70,70,70,70,70,70,70,70,70,70,70,70,70,70],"card_choices":[{"not_picked":["Outmaneuver","Dash"],"picked":"Poisoned Stab","floor":1},{"not_picked":["Poisoned Stab","Outmaneuver"],"picked":"Backstab","floor":2},{"not_picked":["Backflip","Quick Slash"],"picked":"Dagger Throw","floor":4},{"not_picked":["Distraction","Eviscerate","Poisoned Stab"],"picked":"SKIP","floor":7},{"not_picked":["Outmaneuver","Sucker Punch","Eviscerate"],"picked":"SKIP","floor":8},{"not_picked":["Storm of Steel","Prepared","Noxious Fumes"],"picked":"SKIP","floor":11},{"not_picked":["Prepared","Dagger Throw"],"picked":"Deadly Poison","floor":14},{"not_picked":["A Thousand Cuts","Tools of the Trade"],"picked":"Corpse Explosion","floor":16},{"not_picked":["Sucker Punch","Calculated Gamble"],"picked":"Tactician+1","floor":18},{"not_picked":["Slice","Skewer+1","Heel Hook"],"picked":"SKIP","floor":19},{"not_picked":["Cloak And Dagger","Setup"],"picked":"Concentrate+1","floor":21},{"not_picked":["Blade Dance","Choke"],"picked":"Leg Sweep","floor":25},{"not_picked":["Leg Sweep","Deflect"],"picked":"Eviscerate","floor":27}],"player_experience":686874,"relics_obtained":[{"floor":7,"key":"Letter Opener"},{"floor":9,"key":"Blood Vial"},{"floor":14,"key":"Bag of Marbles"},{"floor":26,"key":"Ginger"}],"event_choices":[{"event_name":"Liars Game","player_choice":"disagreed","floor":3,"damage_taken":0},{"event_name":"World of Goop","player_choice":"Gather Gold","floor":5,"damage_taken":0}],"is_beta":false,"boss_relics":[{"not_picked":["Black Star","Runic Dome"],"picked":"Cursed Key"}],"items_purged_floors":[10,20],"is_endless":false,"potions_floor_spawned":[4,8,14,18,21],"killed_by":"Gremlin Leader","ascension_level":0}