{"gold_per_floor":[113,188,207,207,45,45,85,106,181,199,199],"floor_reached":11,"playtime":556,"items_purged":["Injury"],"score":110,"play_id":"50486a66-5221-4da3-a7e8-363bfe1d47ba","local_time":"20190305025738","is_ascension_mode":true,"campfire_choices":[{"data":"Flash of Steel","floor":6,"key":"SMITH"}],"neow_cost":"NONE","seed_source_timestamp":58172635093694,"circlet_count":0,"master_deck":["AscendersBane","Strike_R","Strike_R","Strike_R","Strike_R","Strike_R","Defend_R","Defend_R","Defend_R","Defend_R","Bash+1","Flash of Steel+1","Clothesline"],"relics":["Burning Blood","Golden Idol","Happy Flower","Tiny Chest"],"potions_floor_usage":[7,7],"damage_taken":[{"damage":7,"enemies":"Small Slimes","floor":1,"turns":5},{"damage":11,"enemies":"2 Louse","floor":3,"turns":2},{"damage":40,"enemies":"Lagavulin","floor":7,"turns":7},{"damage":0,"enemies":"Cultist","floor":8,"turns":4},{"damage":13,"enemies":"Blue Slaver","floor":10,"turns":3},{"damage":28,"enemies":"Exordium Wildlife","floor":11,"turns":4}],"seed_played":"7428673019216751832","potions_obtained":[{"floor":1,"key":"PowerPotion"},{"floor":3,"key":"LiquidBronze"}],"is_trial":false,"path_per_floor":["M","?","M","?","$","R","E","M","T","M","M"],"character_chosen":"IRONCLAD","items_purchased":["Flash of Steel"],"campfire_rested":0,"item_purchase_floors":[5],"current_hp_per_floor":[71,60,55,55,55,55,21,27,27,20,0],"gold":199,"neow_bonus":"UPGRADE_CARD","is_prod":false,"is_daily":false,"chose_seed":false,"campfire_upgraded":1,"win_rate":0,"timestamp":1551776258,"path_taken":["M","?","M","?","$","R","E","M","T","M","M"],"build_version":"2019-01-23","purchased_purges":1,"victory":false,"max_hp_per_floor":[80,80,80,80,80,80,80,80,80,80,80],"card_choices":[{"not_picked":["Reckless Charge","Hemokinesis","Flex"],"picked":"SKIP","floor":1},{"not_picked":["Wild Strike","Corruption","Havoc"],"picked":"SKIP","floor":3},{"not_picked":["Shockwave","Wild Strike","Evolve"],"picked":"SKIP","floor":7},{"not_picked":["Armaments","Perfected Strike"],"picked":"Clothesline","floor":8},{"not_picked":["Havoc","Carnage","Anger"],"picked":"SKIP","floor":10}],"player_experience":166299,"relics_obtained":[{"floor":7,"key":"Happy Flower"},{"floor":9,"key":"Tiny Chest"}],"event_choices":[{"damage_healed":0,"gold_gain":75,"player_choice":"Gather Gold","damage_taken":11,"max_hp_gain":0,"max_hp_loss":0,"event_name":"World of Goop","floor":2,"gold_loss":0},{"damage_healed":0,"gold_gain":0,"player_choice":"Take Wound","damage_taken":0,"relics_obtained":["Golden Idol"],"max_hp_gain":0,"max_hp_loss":0,"event_name":"Golden Idol","floor":4,"gold_loss":0,"cards_obtained":["Injury"]}],"is_beta":false,"boss_relics":[],"items_purged_floors":[5],"is_endless":false,"potions_floor_spawned":[1,3],"killed_by":"Exordium Wildlife","ascension_level":10}