{"gold_per_floor":[359,534,534,499,348,348,366,366,366,466,466,480,497,515,515,612,612,631,631,463,479,491,491,505,538,564,564,564],"floor_reached":28,"playtime":1049,"items_purged":["Doubt","Strike_B"],"score":228,"play_id":"a3d2d4fd-d02f-4ceb-9986-fcb19208fac8","local_time":"20190301205310","is_ascension_mode":false,"campfire_choices":[{"data":"Dualcast","floor":6,"key":"SMITH"},{"data":"Coolheaded","floor":8,"key":"SMITH"},{"data":"Melter","floor":11,"key":"SMITH"},{"data":"Creative AI","floor":15,"key":"SMITH"},{"floor":23,"key":"REST"}],"neow_cost":"PERCENT_DAMAGE","seed_source_timestamp":69758036089283,"circlet_count":0,"master_deck":["Strike_B","Strike_B","Strike_B","Defend_B","Defend_B","Defend_B","Defend_B","Zap+1","Dualcast+1","Leap","Melter+1","Coolheaded+1","Ball Lightning","Creative AI+1","Go for the Eyes","Amplify","Coolheaded","Defragment","Fusion+1","Cold Snap","Cold Snap+1","Cold Snap+1","Decay"],"relics":["Cracked Core"],"potions_floor_usage":[13,21,25],"damage_taken":[{"damage":2,"enemies":"2 Louse","floor":1,"turns":2},{"damage":0,"enemies":"Small Slimes","floor":7,"turns":3},{"damage":4,"enemies":"Jaw Worm","floor":12,"turns":3},{"damage":0,"enemies":"Large Slime","floor":13,"turns":4},{"damage":3,"enemies":"Red Slaver","floor":14,"turns":3},{"damage":28,"enemies":"The Guardian","floor":16,"turns":9},{"damage":12,"enemies":"Chosen","floor":18,"turns":4},{"damage":16,"enemies":"3 Byrds","floor":21,"turns":4},{"damage":25,"enemies":"Shelled Parasite and Fungi","floor":22,"turns":7},{"damage":10,"enemies":"Centurion and Healer","floor":24,"turns":4},{"damage":33,"enemies":"Gremlin Leader","floor":25,"turns":8},{"damage":9,"enemies":"Snecko","floor":28,"turns":3}],"seed_played":"7050255265546965800","potions_obtained":[{"floor":1,"key":"Fruit Juice"},{"floor":7,"key":"Explosive Potion"},{"floor":12,"key":"SteroidPotion"},{"floor":14,"key":"Poison Potion"},{"floor":21,"key":"Strength Potion"},{"floor":24,"key":"Dexterity Potion"}],"is_trial":false,"path_per_floor":["M","?","?","?","$","R","M","R","T","?","R","M","M","M","R","B",null,"M","?","$","M","M","R","M","E","T","?","M"],"character_chosen":"DEFECT","items_purchased":["Melter","Defragment"],"campfire_rested":1,"item_purchase_floors":[5,20],"current_hp_per_floor":[52,52,52,70,70,70,70,70,70,70,70,66,71,68,68,40,80,68,68,68,52,27,51,41,8,8,8,0],"gold":564,"neow_bonus":"TWO_FIFTY_GOLD","is_prod":false,"is_daily":false,"chose_seed":false,"campfire_upgraded":4,"win_rate":0,"timestamp":1551491590,"path_taken":["M","?","?","?","$","R","?","R","T","?","R","?","?","M","R","BOSS","M","?","?","M","?","R","M","E","T","?","M"],"build_version":"2019-01-23","purchased_purges":2,"victory":false,"max_hp_per_floor":[75,75,75,75,75,75,75,75,75,75,75,75,80,80,80,80,80,80,80,80,80,80,80,80,80,80,80,80],"card_choices":[{"not_picked":["Double Energy","Rebound"],"picked":"Leap","floor":1},{"not_picked":["Leap","Beam Cell"],"picked":"Coolheaded","floor":7},{"not_picked":["Conserve Battery","Sunder"],"picked":"Ball Lightning","floor":12},{"not_picked":["Rip and Tear","Beam Cell"],"picked":"Creative AI","floor":13},{"not_picked":["Barrage","Compile Driver"],"picked":"Go for the Eyes","floor":14},{"not_picked":["Hyperbeam","Seek"],"picked":"Amplify","floor":16},{"not_picked":["Beam Cell","Skim"],"picked":"Coolheaded","floor":18},{"not_picked":["Turbo+1","Barrage"],"picked":"Fusion+1","floor":21},{"not_picked":["Rebound+1","Coolheaded+1"],"picked":"Cold Snap","floor":22},{"not_picked":["Leap","Rebound"],"picked":"Cold Snap+1","floor":24},{"not_picked":["Recycle","Meteor Strike"],"picked":"Cold Snap+1","floor":25}],"player_experience":253310,"relics_obtained":[],"event_choices":[{"damage_healed":0,"gold_gain":175,"player_choice":"AGREE","damage_taken":0,"max_hp_gain":0,"max_hp_loss":0,"event_name":"Liars Game","floor":2,"gold_loss":0,"cards_obtained":["Doubt"]},{"damage_healed":0,"gold_gain":0,"player_choice":"Grow","damage_taken":0,"max_hp_gain":0,"max_hp_loss":0,"event_name":"Living Wall","floor":3,"gold_loss":0,"cards_upgraded":["Zap"]},{"damage_healed":18,"gold_gain":0,"player_choice":"Healed","damage_taken":0,"max_hp_gain":0,"max_hp_loss":0,"event_name":"The Cleric","floor":4,"gold_loss":35},{"damage_healed":0,"gold_gain":100,"player_choice":"Pray","damage_taken":0,"max_hp_gain":0,"max_hp_loss":0,"event_name":"Golden Shrine","floor":10,"gold_loss":0},{"damage_healed":0,"gold_gain":0,"player_choice":"Ignored","damage_taken":0,"max_hp_gain":0,"max_hp_loss":0,"event_name":"The Mausoleum","floor":19,"gold_loss":0},{"damage_healed":0,"gold_gain":0,"player_choice":"Smashed Altar","damage_taken":0,"max_hp_gain":0,"max_hp_loss":0,"event_name":"Forgotten Altar","floor":27,"gold_loss":0,"cards_obtained":["Decay"]}],"is_beta":false,"boss_relics":[{"not_picked":["White Beast Statue","Sozu","Philosopher\u0027s Stone"]}],"items_purged_floors":[5,20],"is_endless":false,"potions_floor_spawned":[1,7,12,14,21,24],"killed_by":"Snecko","ascension_level":0}