{"gold_per_floor":[119,119,143,68,68,68,104,10,91,91,91,107,107,107,107,203,203,218,218,44,60,84,84,84],"floor_reached":24,"playtime":660,"items_purged":["Strike_R"],"score":346,"play_id":"2875cf71-b4a0-4d86-9a36-29f0eee45dc5","local_time":"20180911150320","is_ascension_mode":true,"campfire_choices":[{"data":"Sever Soul","floor":6,"key":"SMITH"},{"data":"Clash","floor":11,"key":"SMITH"},{"data":"Metallicize","floor":13,"key":"SMITH"},{"data":"Inflame","floor":15,"key":"SMITH"},{"floor":23,"key":"REST"}],"neow_cost":"TEN_PERCENT_HP_LOSS","seed_source_timestamp":554663663164031,"circlet_count":0,"master_deck":["Strike_R","Defend_R","Defend_R","Defend_R","Defend_R","Bash+1","AscendersBane","Headbutt","Sever Soul+1","Intimidate","Clash+1","Inflame+1","Metallicize+1","Impervious","Feel No Pain","Dual Wield","Intimidate+1"],"special_seed":0,"relics":["Burning Blood","Golden Idol","Ornamental Fan","Self Forming Clay","Black Star"],"potions_floor_usage":[7,18,24],"damage_taken":[{"damage":15.0,"enemies":"Small Slimes","floor":1.0,"turns":3.0},{"damage":13.0,"enemies":"Jaw Worm","floor":3.0,"turns":4.0},{"damage":20,"enemies":"Gremlin Nob","floor":7,"turns":4},{"damage":0,"enemies":"Cultist","floor":12,"turns":2},{"damage":10,"enemies":"Hexaghost","floor":16,"turns":8},{"damage":33,"enemies":"3 Byrds","floor":18,"turns":7},{"damage":11,"enemies":"Chosen","floor":21,"turns":5},{"damage":16,"enemies":"Shelled Parasite and Fungi","floor":22,"turns":5},{"damage":38,"enemies":"Slavers","floor":24,"turns":7}],"seed_played":"5422947597680653248","potions_obtained":[{"floor":3.0,"key":"Block Potion"},{"floor":7,"key":"Explosive Potion"},{"floor":12,"key":"Regen Potion"},{"floor":18,"key":"Ancient Potion"}],"is_trial":false,"path_per_floor":["M","?","M","$","?","R","E","$","T","?","R","M","R","?","R","B",null,"M","?","$","M","M","R"],"character_chosen":"IRONCLAD","items_purchased":["Clash","Inflame","Feel No Pain","Dual Wield"],"campfire_rested":1,"item_purchase_floors":[8,8,20,20],"current_hp_per_floor":[59,36,29,29,29,29,15,15,15,15,15,21,21,21,21,17,55,28,28,28,23,13,33,10],"gold":84,"neow_bonus":"REMOVE_TWO","is_prod":false,"is_daily":false,"chose_seed":false,"campfire_upgraded":4,"win_rate":0,"timestamp":1536645800,"path_taken":["M","?","?","$","?","R","E","?","T","?","R","M","R","?","R","BOSS","M","?","$","M","M","R","E"],"build_version":"2018-09-06","purchased_purges":1,"victory":false,"max_hp_per_floor":[68,68,68,68,68,68,68,68,68,68,68,68,68,68,68,68,68,68,68,68,68,68,68,68],"card_choices":[{"not_picked":["Warcry","Shockwave"],"picked":"Headbutt","floor":1.0},{"not_picked":["Clash","Hemokinesis"],"picked":"Sever Soul","floor":3.0},{"not_picked":["Flex","Seeing Red"],"picked":"Intimidate","floor":7},{"not_picked":["Sword Boomerang","Havoc"],"picked":"Metallicize","floor":12},{"not_picked":["Fiend Fire","Berserk"],"picked":"Impervious","floor":16},{"not_picked":["Wild Strike+1","Burning Pact","Anger"],"picked":"SKIP","floor":18},{"not_picked":["Sword Boomerang","Headbutt"],"picked":"Intimidate+1","floor":21},{"not_picked":["Cleave","Iron Wave","Fire Breathing"],"picked":"SKIP","floor":22}],"player_experience":650488,"relics_obtained":[{"floor":7,"key":"Ornamental Fan"},{"floor":9,"key":"Self Forming Clay"}],"event_choices":[{"event_name":"Golden Idol","player_choice":"Take Damage","floor":2.0,"damage_taken":0.0},{"event_name":"Scrap Ooze","player_choice":"unsuccessful","floor":5,"damage_taken":0},{"event_name":"Liars Game","player_choice":"disagreed","floor":10,"damage_taken":0},{"event_name":"Upgrade Shrine","player_choice":"Upgraded","floor":14,"damage_taken":0},{"event_name":"Back to Basics","player_choice":"Elegance","floor":19,"damage_taken":0}],"is_beta":false,"boss_relics":[{"not_picked":["Philosopher\u0027s Stone","Ectoplasm"],"picked":"Black Star"}],"items_purged_floors":[4],"is_endless":false,"potions_floor_spawned":[3,7,12,18,21],"killed_by":"Slavers","ascension_level":16}