{"gold_per_floor":[114,114,131,131,151,181,181,208,508,381,398,398,413,431,431,527,577,593,619,619,694,682,682,693,709,709,723,723,723,471,471],"floor_reached":31,"playtime":1844,"items_purged":["Strike_R","Strike_R"],"score":297,"play_id":"4225c3a5-84e5-4972-a13f-e513e021f2be","local_time":"20190101205531","is_ascension_mode":false,"campfire_choices":[{"data":"Havoc","floor":7.0,"key":"SMITH"},{"floor":12.0,"key":"RECALL"},{"data":"Body Slam","floor":15.0,"key":"SMITH"},{"floor":23.0,"key":"REST"}],"neow_cost":"NONE","seed_source_timestamp":639150759087274,"circlet_count":0,"master_deck":["Strike_R","Strike_R","Defend_R","Defend_R","Defend_R","Defend_R","Bash","Headbutt","Havoc+1","Uppercut+1","Pommel Strike","Shrug It Off","Disarm","Body Slam+1","Burning Pact","True Grit","Entrench"],"special_seed":0,"relics":["Burning Blood","NeowsBlessing","Dead Branch","Pear","Old Coin","Tiny House","Red Mask","MutagenicStrength","Darkstone Periapt","Ancient Tea Set"],"potions_floor_usage":[],"damage_taken":[{"damage":0.0,"enemies":"Jaw Worm","floor":1.0,"turns":1.0},{"damage":0.0,"enemies":"Cultist","floor":3.0,"turns":1.0},{"damage":0.0,"enemies":"Small Slimes","floor":5.0,"turns":1.0},{"damage":26.0,"enemies":"Lagavulin","floor":6.0,"turns":5.0},{"damage":15.0,"enemies":"3 Sentries","floor":8.0,"turns":8.0},{"damage":3.0,"enemies":"Gremlin Gang","floor":11.0,"turns":5.0},{"damage":10.0,"enemies":"Looter","floor":13.0,"turns":3.0},{"damage":0.0,"enemies":"Blue Slaver","floor":14.0,"turns":5.0},{"damage":4.0,"enemies":"The Guardian","floor":16.0,"turns":11.0},{"damage":25.0,"enemies":"Spheric Guardian","floor":18.0,"turns":6.0},{"damage":34.0,"enemies":"Masked Bandits","floor":19.0,"turns":6.0},{"damage":18.0,"enemies":"2 Thieves","floor":22.0,"turns":4.0},{"damage":29.0,"enemies":"Snecko","floor":24.0,"turns":7.0},{"damage":1.0,"enemies":"Centurion and Healer","floor":25.0,"turns":8.0},{"damage":9.0,"enemies":"Snake Plant","floor":27.0,"turns":5.0},{"damage":37,"enemies":"3 Cultists","floor":31,"turns":5}],"seed_played":"2796861618624742682","potions_obtained":[{"floor":2.0,"key":"Dexterity Potion"},{"floor":2.0,"key":"SneckoOil"},{"floor":2.0,"key":"Energy Potion"},{"floor":8.0,"key":"Ancient Potion"},{"floor":11.0,"key":"EssenceOfSteel"},{"floor":13.0,"key":"SteroidPotion"},{"floor":16.0,"key":"Swift Potion"},{"floor":24.0,"key":"GamblersBrew"}],"is_trial":false,"path_per_floor":["M","?","M","?","M","E","R","E","T","$","M","R","M","M","R","B",null,"M","?","?","?","M","R","M","M","T","M","T","?","$","M"],"character_chosen":"IRONCLAD","items_purchased":["Shrug It Off","Ancient Tea Set"],"campfire_rested":1,"item_purchase_floors":[10,30],"current_hp_per_floor":[80,80,80,80,80,60,60,61,61,61,64,64,60,66,66,68,95,76,48,48,39,27,55,32,37,37,34,34,34,34,0],"gold":471,"neow_bonus":"THREE_ENEMY_KILL","is_prod":false,"is_daily":false,"chose_seed":false,"campfire_upgraded":2,"win_rate":0,"timestamp":1546394131,"path_taken":["M","?","?","?","M","E","R","E","T","$","M","R","?","?","R","BOSS","M","?","?","?","?","R","M","M","T","?","?","?","$","M"],"build_version":"2018-12-20","purchased_purges":2,"victory":false,"max_hp_per_floor":[80,80,80,80,80,80,80,90,90,90,90,90,90,90,90,90,95,95,95,95,95,95,95,95,95,95,95,95,95,95,95],"card_choices":[{"not_picked":["Warcry","Clothesline"],"picked":"Headbutt","floor":1.0},{"not_picked":["Evolve","Sentinel"],"picked":"Havoc","floor":3.0},{"not_picked":["Clash","Anger","Heavy Blade"],"picked":"SKIP","floor":5.0},{"not_picked":["Seeing Red","Perfected Strike","Sentinel"],"picked":"SKIP","floor":6.0},{"not_picked":["Fiend Fire","Wild Strike"],"picked":"Pommel Strike","floor":8.0},{"not_picked":["Anger","Perfected Strike","Headbutt"],"picked":"SKIP","floor":11.0},{"not_picked":["Cleave","Pommel Strike"],"picked":"Disarm","floor":13.0},{"not_picked":["Armaments","Combust"],"picked":"Body Slam","floor":14.0},{"not_picked":["Wild Strike","Perfected Strike"],"picked":"Burning Pact","floor":18.0},{"not_picked":["Pommel Strike","Iron Wave"],"picked":"True Grit","floor":22.0},{"not_picked":["Warcry","Flame Barrier","Body Slam"],"picked":"SKIP","floor":24.0},{"not_picked":["Perfected Strike","Bloodletting","Thunderclap"],"picked":"SKIP","floor":25.0},{"not_picked":["True Grit","Pommel Strike"],"picked":"Entrench","floor":27.0}],"player_experience":386290,"relics_obtained":[{"floor":6.0,"key":"Dead Branch"},{"floor":8.0,"key":"Pear"},{"floor":9.0,"key":"Old Coin"},{"floor":19.0,"key":"Red Mask"},{"floor":28.0,"key":"Darkstone Periapt"}],"event_choices":[{"damage_healed":0.0,"max_hp_gain":0.0,"max_hp_loss":0.0,"gold_gain":0.0,"event_name":"Lab","player_choice":"Got Potions","floor":2.0,"gold_loss":0.0,"damage_taken":0.0},{"damage_healed":0.0,"max_hp_gain":0.0,"max_hp_loss":0.0,"gold_gain":0.0,"cards_transformed":["Strike_R"],"event_name":"Transmorgrifier","player_choice":"Transformed","floor":4.0,"gold_loss":0.0,"damage_taken":0.0,"cards_obtained":["Uppercut"]},{"damage_healed":0.0,"max_hp_gain":0.0,"max_hp_loss":0.0,"gold_gain":0.0,"event_name":"Masked Bandits","player_choice":"Fought Bandits","floor":19.0,"gold_loss":0.0,"damage_taken":0.0},{"damage_healed":0.0,"max_hp_gain":0.0,"max_hp_loss":0.0,"gold_gain":0.0,"event_name":"Drug Dealer","player_choice":"Inject Mutagens","floor":20.0,"gold_loss":0.0,"damage_taken":0.0,"relics_obtained":["MutagenicStrength"]},{"damage_healed":0.0,"max_hp_gain":0.0,"max_hp_loss":0.0,"gold_gain":75.0,"event_name":"FaceTrader","player_choice":"Touch","floor":21.0,"gold_loss":0.0,"damage_taken":9.0},{"damage_healed":0.0,"max_hp_gain":0.0,"max_hp_loss":0.0,"gold_gain":0.0,"event_name":"Ghosts","player_choice":"Ignored","floor":29.0,"gold_loss":0.0,"damage_taken":0.0}],"is_beta":false,"boss_relics":[{"not_picked":["Velvet Choker","Lizard Tail"],"picked":"Tiny House"}],"items_purged_floors":[10,30],"is_endless":false,"potions_floor_spawned":[8,11,13,16,24],"killed_by":"3 Cultists","ascension_level":0}