{"gold_per_floor":[109,21,21,96,111,140,152,185,185,211,272,272,288,322,322,322],"floor_reached":16,"playtime":832,"items_purged":[],"score":298,"play_id":"48fe9557-e3c0-4ada-9a90-72a9efd837d1","local_time":"20190227044424","is_ascension_mode":true,"campfire_choices":[{"data":"Uppercut","floor":12,"key":"SMITH"},{"data":"True Grit","floor":15,"key":"SMITH"}],"neow_cost":"NONE","seed_source_timestamp":281378157311330,"circlet_count":0,"master_deck":["AscendersBane","Strike_R","Strike_R","Strike_R","Strike_R","Strike_R","Defend_R","Defend_R","Defend_R","Defend_R","Bash","Shrug It Off","Inflame","Hemokinesis","Shrug It Off","Uppercut+1","Headbutt","True Grit+1","Corruption","Inflame"],"special_seed":0,"relics":["Burning Blood","NeowsBlessing","Regal Pillow","Pocketwatch","Strawberry","Kunai","Bag of Marbles","Centennial Puzzle","PreservedInsect"],"potions_floor_usage":[8,11],"damage_taken":[{"damage":0.0,"enemies":"2 Louse","floor":1.0,"turns":1.0},{"damage":0.0,"enemies":"Small Slimes","floor":5.0,"turns":1.0},{"damage":0.0,"enemies":"Lagavulin","floor":6.0,"turns":3.0},{"damage":0.0,"enemies":"Jaw Worm","floor":7.0,"turns":3.0},{"damage":27,"enemies":"Gremlin Nob","floor":8,"turns":4},{"damage":14,"enemies":"Lagavulin","floor":10,"turns":7},{"damage":35,"enemies":"Lagavulin Event","floor":11,"turns":7},{"damage":2,"enemies":"3 Louse","floor":13,"turns":4},{"damage":25,"enemies":"3 Sentries","floor":14,"turns":8},{"damage":9,"enemies":"The Guardian","floor":16,"turns":9}],"seed_played":"-8824932756382710554","potions_obtained":[{"floor":5.0,"key":"AttackPotion"},{"floor":6.0,"key":"Dexterity Potion"},{"floor":10,"key":"Weak Potion"},{"floor":13,"key":"Strength Potion"}],"is_trial":false,"path_per_floor":["M","$","?","?","M","E","M","E","T","E","?","R","M","E","R","B"],"character_chosen":"IRONCLAD","items_purchased":["Inflame"],"campfire_rested":0,"item_purchase_floors":[2],"current_hp_per_floor":[74,74,69,58,64,70,75,61,61,53,24,24,28,9,9,0],"gold":322,"neow_bonus":"THREE_ENEMY_KILL","is_prod":false,"is_daily":false,"chose_seed":false,"campfire_upgraded":2,"win_rate":0,"timestamp":1551260664,"path_taken":["M","$","?","?","M","E","M","E","T","E","?","R","M","E","R","BOSS"],"build_version":"2019-01-23","purchased_purges":0,"victory":false,"max_hp_per_floor":[75,75,75,75,75,75,75,82,82,82,82,82,82,82,82,82],"card_choices":[{"not_picked":["Fire Breathing","Shockwave"],"picked":"Shrug It Off","floor":1.0},{"not_picked":["Anger","Seeing Red"],"picked":"Hemokinesis","floor":5.0},{"not_picked":["Ghostly Armor","Battle Trance"],"picked":"Shrug It Off","floor":6.0},{"not_picked":["Shockwave","Spot Weakness"],"picked":"Uppercut","floor":7.0},{"not_picked":["Carnage","Flex"],"picked":"Headbutt","floor":8},{"not_picked":["Hemokinesis","Warcry","Searing Blow"],"picked":"SKIP","floor":10},{"not_picked":["Flex","Armaments"],"picked":"True Grit","floor":11},{"not_picked":["Dark Embrace","Bloodletting"],"picked":"Corruption","floor":13},{"not_picked":["Body Slam","Pummel"],"picked":"Inflame","floor":14}],"player_experience":589631,"relics_obtained":[{"floor":6.0,"key":"Pocketwatch"},{"floor":8,"key":"Strawberry"},{"floor":9,"key":"Kunai"},{"floor":10,"key":"Bag of Marbles"},{"floor":11,"key":"Centennial Puzzle"},{"floor":14,"key":"PreservedInsect"}],"event_choices":[{"damage_healed":0.0,"max_hp_gain":0.0,"max_hp_loss":0.0,"gold_gain":0.0,"event_name":"Scrap Ooze","player_choice":"Success","floor":3.0,"gold_loss":0.0,"damage_taken":5.0,"relics_obtained":["Regal Pillow"]},{"damage_healed":0.0,"max_hp_gain":0.0,"max_hp_loss":0.0,"gold_gain":75.0,"event_name":"World of Goop","player_choice":"Gather Gold","floor":4.0,"gold_loss":0.0,"damage_taken":11.0},{"damage_healed":0,"gold_gain":30,"player_choice":"Searched \u00273\u0027 times","damage_taken":0,"max_hp_gain":0,"max_hp_loss":0,"event_name":"Dead Adventurer","floor":11,"gold_loss":0}],"is_beta":false,"boss_relics":[],"items_purged_floors":[],"is_endless":false,"potions_floor_spawned":[5,6,7,10,13],"killed_by":"The Guardian","ascension_level":19}