{"gold_per_floor":[367,442,442,454,535,535,567,567,594,628,628,474,487,501,501,603,603,622,392,392,392,408,408,440,455,523,538,259,259,259,270,270,370,370,390,350,61,61,61,61,95,95,95,107,125,125,125,137,137,137],"floor_reached":51,"playtime":2655,"items_purged":["Strike_R","Strike_R","Strike_R"],"score":946,"play_id":"7f695d57-3af1-4bd7-83fc-0b39ed1491e3","local_time":"20181110125849","is_ascension_mode":true,"campfire_choices":[{"data":"Bash","floor":6,"key":"SMITH"},{"data":"Evolve","floor":8,"key":"SMITH"},{"floor":11,"key":"REST"},{"data":"Uppercut","floor":15,"key":"SMITH"},{"data":"Wild Strike","floor":23,"key":"SMITH"},{"data":"Feel No Pain","floor":32,"key":"SMITH"},{"data":"Immolate","floor":40,"key":"SMITH"},{"data":"Carnage","floor":49,"key":"SMITH"}],"neow_cost":"PERCENT_DAMAGE","seed_source_timestamp":526729341953090,"circlet_count":0,"master_deck":["Defend_R","Defend_R","Defend_R","Defend_R","Bash+1","Shrug It Off","Headbutt","Evolve+1","Immolate+1","Uppercut+1","Power Through","Offering","Wild Strike+1","Feel No Pain+1","True Grit+1","True Grit+1","Seeing Red","Corruption+1","Dark Embrace+1","Carnage+1","Writhe","Panache+1","Master of Strategy","Wild Strike+1","Parasite","True Grit+1","Doubt","Reckless Charge","Shame","Second Wind+1"],"relics":["Burning Blood","Dodecahedron","Shuriken","Potion Belt","Anchor","Busted Crown","Art of War","Frozen Egg 2","Oddly Smooth Stone","Cursed Key","Du-Vu Doll","The Courier","Red Skull","Magic Flower"],"potions_floor_usage":[7,29,35,41,44,50,50,50],"damage_taken":[{"damage":6,"enemies":"2 Louse","floor":1,"turns":2},{"damage":5,"enemies":"Small Slimes","floor":4,"turns":4},{"damage":16,"enemies":"Gremlin Nob","floor":7,"turns":3},{"damage":16,"enemies":"3 Sentries","floor":10,"turns":14},{"damage":0,"enemies":"Jaw Worm","floor":13,"turns":3},{"damage":8,"enemies":"Exordium Thugs","floor":14,"turns":4},{"damage":19,"enemies":"Slime Boss","floor":16,"turns":9},{"damage":0,"enemies":"Chosen","floor":18,"turns":3},{"damage":17,"enemies":"Spheric Guardian","floor":22,"turns":4},{"damage":14,"enemies":"Book of Stabbing","floor":24,"turns":8},{"damage":11,"enemies":"Shelled Parasite and Fungi","floor":25,"turns":4},{"damage":3,"enemies":"Snake Plant","floor":27,"turns":4},{"damage":0,"enemies":"Colosseum Slavers","floor":29,"turns":1},{"damage":6,"enemies":"3 Cultists","floor":31,"turns":3},{"damage":37,"enemies":"Collector","floor":33,"turns":12},{"damage":13,"enemies":"3 Darklings","floor":35,"turns":4},{"damage":23,"enemies":"Nemesis","floor":41,"turns":7},{"damage":6,"enemies":"Orb Walker","floor":44,"turns":3},{"damage":1,"enemies":"Maw","floor":45,"turns":7},{"damage":19,"enemies":"Transient","floor":48,"turns":5},{"damage":38,"enemies":"Time Eater","floor":50,"turns":9}],"seed_played":"3626429725345345314","potions_obtained":[{"floor":1,"key":"Fire Potion"},{"floor":14,"key":"SmokeBomb"},{"floor":18,"key":"Weak Potion"},{"floor":25,"key":"Fire Potion"},{"floor":36,"key":"EntropicBrew"},{"floor":36,"key":"SkillPotion"},{"floor":36,"key":"LiquidBronze"},{"floor":41,"key":"Swift Potion"},{"floor":42,"key":"FairyPotion"},{"floor":42,"key":"Regen Potion"},{"floor":44,"key":"Weak Potion"}],"is_trial":false,"path_per_floor":["M","?","?","M","T","R","E","R","T","E","R","$","M","M","R","B",null,"M","$","?","?","M","R","E","M","T","M","$","?","?","M","R","B",null,"M","?","$","T","?","R","E","?","T","M","M","?","?","M","R","B",null],"character_chosen":"IRONCLAD","items_purchased":["Uppercut","Wild Strike","Feel No Pain","Oddly Smooth Stone","Du-Vu Doll"],"campfire_rested":1,"item_purchase_floors":[12,19,19,28,37],"current_hp_per_floor":[51,40,33,34,34,34,24,24,24,14,38,38,44,42,42,29,67,73,73,73,73,62,62,54,49,49,52,52,58,58,58,58,27,67,60,60,60,60,55,55,38,38,38,55,63,80,80,70,70,41],"gold":137,"neow_bonus":"TWO_FIFTY_GOLD","is_prod":false,"is_daily":false,"chose_seed":false,"campfire_upgraded":7,"win_rate":0,"timestamp":1541872729,"path_taken":["M","?","?","?","?","R","E","R","T","E","R","$","M","M","R","BOSS","M","$","?","?","?","R","E","M","T","M","?","?","?","M","R","BOSS","M","?","$","?","?","R","E","?","T","?","M","?","?","?","R","BOSS"],"build_version":"2018-11-08","purchased_purges":3,"victory":true,"max_hp_per_floor":[80,80,80,80,80,80,80,80,80,80,80,80,80,80,80,80,80,80,80,80,80,80,80,80,80,80,80,80,80,80,80,80,80,80,80,80,80,80,80,80,80,80,80,80,80,80,80,80,80,80],"card_choices":[{"not_picked":["Ghostly Armor","Perfected Strike"],"picked":"Shrug It Off","floor":1},{"not_picked":["Second Wind","Cleave"],"picked":"Headbutt","floor":4},{"not_picked":["Havoc","Entrench"],"picked":"Evolve","floor":7},{"not_picked":["Infernal Blade","Feel No Pain"],"picked":"Immolate","floor":10},{"not_picked":["Clothesline","Heavy Blade","Sword Boomerang"],"picked":"SKIP","floor":13},{"not_picked":["Armaments","Second Wind"],"picked":"Power Through","floor":14},{"not_picked":["Limit Break","Exhume"],"picked":"Offering","floor":16},{"not_picked":["Pommel Strike"],"picked":"SKIP","floor":18},{"not_picked":[],"picked":"True Grit+1","floor":22},{"not_picked":["Headbutt"],"picked":"SKIP","floor":24},{"not_picked":[],"picked":"Seeing Red","floor":25},{"not_picked":["Whirlwind"],"picked":"SKIP","floor":27},{"not_picked":[],"picked":"Corruption+1","floor":31},{"not_picked":[],"picked":"Dark Embrace+1","floor":33},{"not_picked":[],"picked":"Carnage","floor":35},{"not_picked":[],"picked":"Panache+1","floor":39},{"not_picked":[],"picked":"Master of Strategy","floor":39},{"not_picked":[],"picked":"Wild Strike+1","floor":41},{"not_picked":[],"picked":"True Grit+1","floor":44},{"not_picked":["Iron Wave"],"picked":"SKIP","floor":45},{"not_picked":[],"picked":"Second Wind+1","floor":48}],"player_experience":343178,"relics_obtained":[{"floor":5,"key":"Dodecahedron"},{"floor":7,"key":"Shuriken"},{"floor":9,"key":"Potion Belt"},{"floor":10,"key":"Anchor"},{"floor":24,"key":"Art of War"},{"floor":26,"key":"Frozen Egg 2"},{"floor":38,"key":"The Courier"},{"floor":41,"key":"Red Skull"},{"floor":43,"key":"Magic Flower"}],"event_choices":[{"damage_healed":0,"gold_gain":75,"player_choice":"Gather Gold","damage_taken":11,"max_hp_gain":0,"max_hp_loss":0,"event_name":"World of Goop","floor":2,"gold_loss":0},{"cards_removed":["Strike_R"],"damage_healed":0,"gold_gain":0,"player_choice":"Card Removal","damage_taken":7,"max_hp_gain":0,"max_hp_loss":0,"event_name":"Golden Wing","floor":3,"gold_loss":0},{"damage_healed":0,"gold_gain":0,"player_choice":"Read","damage_taken":0,"max_hp_gain":0,"max_hp_loss":0,"event_name":"The Library","floor":20,"gold_loss":0,"cards_obtained":["True Grit"]},{"cards_removed":["Strike_R"],"damage_healed":0,"gold_gain":0,"player_choice":"Offered Basic","damage_taken":0,"max_hp_gain":0,"max_hp_loss":0,"event_name":"Bonfire Elementals","floor":21,"gold_loss":0},{"damage_healed":0,"gold_gain":0,"player_choice":"Fight","damage_taken":0,"max_hp_gain":0,"max_hp_loss":0,"event_name":"Colosseum","floor":29,"gold_loss":0},{"damage_healed":0,"gold_gain":0,"player_choice":"Fled From Nobs","damage_taken":0,"max_hp_gain":0,"max_hp_loss":0,"event_name":"Colosseum","floor":29,"gold_loss":0},{"damage_healed":0,"gold_gain":0,"player_choice":"Upgraded","damage_taken":0,"max_hp_gain":0,"max_hp_loss":0,"event_name":"Upgrade Shrine","floor":30,"gold_loss":0,"cards_upgraded":["True Grit"]},{"damage_healed":0,"gold_gain":0,"player_choice":"Bought 3 Potions","damage_taken":0,"max_hp_gain":0,"max_hp_loss":0,"event_name":"The Woman in Blue","floor":36,"gold_loss":0},{"damage_healed":0,"gold_gain":0,"player_choice":"Memory 2","damage_taken":5,"max_hp_gain":0,"max_hp_loss":0,"event_name":"SensoryStone","floor":39,"gold_loss":0},{"damage_healed":0,"gold_gain":0,"player_choice":"Got Potions","damage_taken":0,"max_hp_gain":0,"max_hp_loss":0,"event_name":"Lab","floor":42,"gold_loss":0},{"damage_healed":17,"gold_gain":0,"player_choice":"Heal","damage_taken":0,"max_hp_gain":0,"max_hp_loss":0,"event_name":"MindBloom","floor":46,"gold_loss":0,"cards_obtained":["Doubt"]},{"damage_healed":0,"gold_gain":0,"player_choice":"2 cards matched","damage_taken":0,"max_hp_gain":0,"max_hp_loss":0,"event_name":"Match and Keep!","floor":47,"gold_loss":0,"cards_obtained":["Reckless Charge","Shame"]}],"is_beta":true,"boss_relics":[{"not_picked":["Orrery","Black Blood"],"picked":"Busted Crown"},{"not_picked":["Lizard Tail","Fusion Hammer"],"picked":"Cursed Key"}],"items_purged_floors":[12,19,28],"is_endless":false,"potions_floor_spawned":[1,14,18,25,29,41,44,48],"ascension_level":6}