{"gold_per_floor":[113,113,113,127,21,21,41,58,58,78,78,96,71,89,89,188,188,206,206,225,225,235,235,248,248,274,274,293,313,326,338,338,338],"floor_reached":33,"playtime":2070,"items_purged":[],"score":245,"play_id":"a0b00bdb-7951-40f7-9746-9168457e24b2","local_time":"20180910032639","is_ascension_mode":false,"campfire_choices":[{"data":"Rampage","floor":6,"key":"SMITH"},{"data":"Clash","floor":11,"key":"SMITH"},{"data":"Rampage","floor":15,"key":"SMITH"},{"data":"Heavy Blade","floor":23,"key":"SMITH"},{"floor":27,"key":"REST"},{"floor":32,"key":"REST"}],"neow_cost":"NONE","seed_source_timestamp":279000656149892,"circlet_count":0,"master_deck":["Strike_R","Strike_R","Strike_R","Strike_R","Strike_R","Defend_R","Defend_R","Defend_R","Defend_R","Bash","Pommel Strike+1","Anger","Rampage+1","Bandage Up","Clash+1","Twin Strike","Clash","Rampage+1","Heavy Blade","Heavy Blade+1","Reaper","Twin Strike+1","Disarm","Writhe","Armaments+1","Heavy Blade+1","Clash","Shrug It Off+1","Flex"],"relics":["Burning Blood","Dodecahedron","Sozu","Gambling Chip","Vajra"],"potions_floor_usage":[16,16,18],"damage_taken":[{"damage":2,"enemies":"2 Louse","floor":1,"turns":4},{"damage":1,"enemies":"Jaw Worm","floor":4,"turns":4},{"damage":1,"enemies":"Cultist","floor":7,"turns":3},{"damage":9,"enemies":"2 Fungi Beasts","floor":8,"turns":3},{"damage":20,"enemies":"Gremlin Gang","floor":10,"turns":4},{"damage":5,"enemies":"Exordium Thugs","floor":12,"turns":3},{"damage":4,"enemies":"Blue Slaver","floor":14,"turns":3},{"damage":60,"enemies":"Hexaghost","floor":16,"turns":8},{"damage":5,"enemies":"Chosen","floor":18,"turns":3},{"damage":0,"enemies":"Spheric Guardian","floor":20,"turns":1},{"damage":12,"enemies":"Centurion and Healer","floor":22,"turns":7},{"damage":38,"enemies":"Snake Plant","floor":24,"turns":5},{"damage":28,"enemies":"3 Cultists","floor":28,"turns":5},{"damage":21,"enemies":"Centurion and Healer","floor":29,"turns":4},{"damage":10,"enemies":"Cultist and Chosen","floor":30,"turns":4},{"damage":15,"enemies":"Snecko","floor":31,"turns":3},{"damage":83,"enemies":"Champ","floor":33,"turns":8}],"seed_played":"8433635674912797554","potions_obtained":[{"floor":12,"key":"AttackPotion"},{"floor":14,"key":"Fire Potion"},{"floor":16,"key":"LiquidBronze"}],"is_trial":false,"path_per_floor":["M","?","?","M","$","R","M","M","T","M","R","M","$","M","R","B",null,"M","?","M","?","M","R","M","?","T","R","M","M","M","M","R"],"character_chosen":"IRONCLAD","items_purchased":["Bandage Up","Heavy Blade"],"campfire_rested":2,"item_purchase_floors":[5,13],"current_hp_per_floor":[80,80,80,80,80,80,80,77,77,67,67,72,72,74,74,24,80,80,80,80,80,78,78,46,46,46,70,48,39,41,41,65,0],"gold":338,"neow_bonus":"THREE_CARDS","is_prod":false,"is_daily":false,"chose_seed":false,"campfire_upgraded":4,"win_rate":0.0,"timestamp":1536564399,"path_taken":["M","?","?","M","$","R","M","?","T","M","R","M","?","M","R","BOSS","M","?","?","?","M","R","M","?","T","R","M","M","M","M","R","BOSS"],"build_version":"2018-09-06","purchased_purges":0,"victory":false,"max_hp_per_floor":[80,80,80,80,80,80,80,80,80,80,80,80,80,80,80,80,80,80,80,80,80,80,80,80,80,80,80,80,80,80,80,80,80],"card_choices":[{"not_picked":["Hemokinesis","Entrench"],"picked":"Pommel Strike","floor":0},{"not_picked":["Flex","Dual Wield"],"picked":"Anger","floor":1},{"not_picked":["Entrench","Sever Soul"],"picked":"Rampage","floor":4},{"not_picked":["Cleave","Dual Wield"],"picked":"Clash","floor":7},{"not_picked":["Anger","Warcry"],"picked":"Twin Strike","floor":8},{"not_picked":["Warcry","Heavy Blade"],"picked":"Clash","floor":10},{"not_picked":["Corruption","True Grit"],"picked":"Rampage","floor":12},{"not_picked":["Iron Wave","Sever Soul"],"picked":"Heavy Blade","floor":14},{"not_picked":["Barricade","Demon Form"],"picked":"Reaper","floor":16},{"not_picked":["Power Through","Pommel Strike"],"picked":"Twin Strike+1","floor":18},{"not_picked":["Shockwave+1","True Grit"],"picked":"Disarm","floor":20},{"not_picked":["Dropkick","Heavy Blade"],"picked":"Armaments+1","floor":22},{"not_picked":["Battle Trance","Shockwave"],"picked":"Heavy Blade+1","floor":24},{"not_picked":["Warcry","Metallicize"],"picked":"Clash","floor":28},{"not_picked":["Second Wind+1","Bloodletting","True Grit+1"],"picked":"SKIP","floor":29},{"not_picked":["Whirlwind","Rupture"],"picked":"Shrug It Off+1","floor":30},{"not_picked":["Bludgeon","Shrug It Off"],"picked":"Flex","floor":31}],"player_experience":42501,"relics_obtained":[{"floor":9,"key":"Dodecahedron"},{"floor":26,"key":"Vajra"}],"event_choices":[{"event_name":"The Cleric","player_choice":"Leave","floor":2,"damage_taken":0},{"event_name":"Accursed Blacksmith","player_choice":"Forge","floor":3,"damage_taken":0},{"event_name":"Purifier","player_choice":"Skipped","floor":19,"damage_taken":0},{"event_name":"The Mausoleum","player_choice":"Yes","floor":21,"damage_taken":0},{"event_name":"Cursed Tome","player_choice":"Ignored","floor":25,"damage_taken":0}],"is_beta":false,"boss_relics":[{"not_picked":["Lizard Tail","Astrolabe"],"picked":"Sozu"}],"items_purged_floors":[],"is_endless":false,"potions_floor_spawned":[12,14,16,20,22,31],"killed_by":"Champ","ascension_level":0}