{"gold_per_floor":[110,185,196,144,144,170,182,220,314,326,338,365,406,429,441,550,562,585,597,628,651,682,694,718,760,772,784],"floor_reached":27,"playtime":1192,"items_purged":[],"score":266,"play_id":"df00e058-e277-4899-ac9e-8a6e7fca7d25","local_time":"20190126220334","is_ascension_mode":true,"campfire_choices":[{"data":"Neutralize","floor":7,"key":"SMITH"},{"floor":10,"key":"REST"},{"data":"Leg Sweep","floor":15,"key":"SMITH"},{"data":"Noxious Fumes","floor":23,"key":"SMITH"}],"neow_cost":"NONE","seed_source_timestamp":1535627980785617,"circlet_count":0,"master_deck":["Survivor","Neutralize+1","Corpse Explosion","Leg Sweep+1","Escape Plan","PiercingWail","Bane","Backflip","Noxious Fumes+1","Backstab","PiercingWail","Blur","Grand Finale","Backstab","Backstab","Leg Sweep","Sucker Punch","Finisher","Setup","Flying Knee","Infinite Blades","Envenom","Flechettes","Deadly Poison","Caltrops","Glass Knife"],"relics":["Ring of the Snake","MawBank","Art of War","Matryoshka","Mercury Hourglass","Pandora\u0027s Box","Meat on the Bone","Torii","Bronze Scales","Singing Bowl"],"potions_floor_usage":[],"damage_taken":[{"damage":0,"enemies":"2 Louse","floor":1,"turns":1},{"damage":0,"enemies":"Small Slimes","floor":3,"turns":4},{"damage":54,"enemies":"Gremlin Nob","floor":6,"turns":7},{"damage":8,"enemies":"3 Sentries","floor":8,"turns":4},{"damage":0,"enemies":"Cultist","floor":12,"turns":4},{"damage":10,"enemies":"Lagavulin","floor":13,"turns":6},{"damage":0,"enemies":"Large Slime","floor":14,"turns":5},{"damage":3,"enemies":"The Guardian","floor":16,"turns":12},{"damage":3,"enemies":"Spheric Guardian","floor":18,"turns":5},{"damage":0,"enemies":"Chosen","floor":20,"turns":4},{"damage":11,"enemies":"Sentry and Sphere","floor":21,"turns":7},{"damage":0,"enemies":"3 Cultists","floor":22,"turns":2},{"damage":16,"enemies":"Snecko","floor":24,"turns":5},{"damage":24,"enemies":"Slavers","floor":25,"turns":7},{"damage":13,"enemies":"Shelled Parasite and Fungi","floor":27,"turns":3}],"seed_played":"-7823708362414681596","potions_obtained":[{"floor":1,"key":"Strength Potion"},{"floor":14,"key":"FearPotion"},{"floor":25,"key":"AttackPotion"}],"is_trial":false,"path_per_floor":["M","?","M","$","?","E","R","E","T","R","?","M","E","M","R","B",null,"M","?","M","M","M","R","M","E","T","M"],"character_chosen":"THE_SILENT","items_purchased":["PiercingWail"],"campfire_rested":1,"item_purchase_floors":[4],"current_hp_per_floor":[70,59,59,59,70,16,16,8,8,29,29,29,19,19,19,16,70,67,67,67,56,56,56,40,28,28,15],"gold":784,"neow_bonus":"ONE_RANDOM_RARE_CARD","is_prod":false,"is_daily":false,"chose_seed":false,"campfire_upgraded":3,"win_rate":0,"timestamp":1548558214,"path_taken":["M","?","M","$","?","E","R","E","T","R","?","?","E","M","R","BOSS","M","?","M","M","M","R","M","E","T","M"],"build_version":"2019-01-23","purchased_purges":0,"victory":false,"max_hp_per_floor":[70,70,70,70,70,70,70,70,70,70,70,70,70,70,70,70,70,70,70,70,70,70,70,70,70,70,70],"card_choices":[{"not_picked":["Calculated Gamble","Dodge and Roll"],"picked":"Leg Sweep","floor":1},{"not_picked":["Quick Slash","Acrobatics"],"picked":"Escape Plan","floor":3},{"not_picked":["Tactician","Quick Slash"],"picked":"Bane","floor":6},{"not_picked":["Flying Knee","Sucker Punch"],"picked":"Backflip","floor":8},{"not_picked":["Tools of the Trade","Quick Slash"],"picked":"Backstab","floor":12},{"not_picked":["Cloak And Dagger","Sucker Punch"],"picked":"PiercingWail","floor":13},{"not_picked":["Slice","Poisoned Stab"],"picked":"Blur","floor":14},{"not_picked":["Envenom","Phantasmal Killer"],"picked":"Grand Finale","floor":16},{"not_picked":["Choke","Sucker Punch","Slice"],"picked":"SKIP","floor":18},{"not_picked":["Prepared","Leg Sweep","Riddle With Holes+1"],"picked":"SKIP","floor":20},{"not_picked":["Slice","Backflip"],"picked":"Deadly Poison","floor":21},{"not_picked":["Deflect","Well Laid Plans"],"picked":"Caltrops","floor":22},{"not_picked":["Dash","Predator","Finisher"],"picked":"SKIP","floor":24},{"not_picked":["Dagger Throw","Slice"],"picked":"Glass Knife","floor":25}],"player_experience":516566,"relics_obtained":[{"floor":6,"key":"MawBank"},{"floor":8,"key":"Art of War"},{"floor":9,"key":"Matryoshka"},{"floor":13,"key":"Mercury Hourglass"},{"floor":25,"key":"Torii"},{"floor":26,"key":"Bronze Scales"},{"floor":26,"key":"Singing Bowl"}],"event_choices":[{"damage_healed":0,"gold_gain":75,"player_choice":"Gather Gold","damage_taken":11,"max_hp_gain":0,"max_hp_loss":0,"event_name":"World of Goop","floor":2,"gold_loss":0},{"damage_healed":23,"gold_gain":0,"player_choice":"Banana","damage_taken":0,"max_hp_gain":0,"max_hp_loss":0,"event_name":"Big Fish","floor":5,"gold_loss":0},{"damage_healed":0,"gold_gain":0,"player_choice":"1 cards matched","damage_taken":0,"max_hp_gain":0,"max_hp_loss":0,"event_name":"Match and Keep!","floor":11,"gold_loss":0,"cards_obtained":["Noxious Fumes"]},{"damage_healed":0,"gold_gain":0,"player_choice":"Opened","damage_taken":0,"relics_obtained":["Meat on the Bone"],"max_hp_gain":0,"max_hp_loss":0,"event_name":"The Mausoleum","floor":19,"gold_loss":0}],"is_beta":true,"boss_relics":[{"not_picked":["Empty Cage","Eternal Feather"],"picked":"Pandora\u0027s Box"}],"items_purged_floors":[],"is_endless":false,"potions_floor_spawned":[1,14,25],"killed_by":"Shelled Parasite and Fungi","ascension_level":1}