{"gold_per_floor":[114,130,143,157,174,199,199,199,199,189,189,207,207,80,80,181,181,199,299,399,418,438,438,453,466,466,481,495,509,509,20,20,119,119,135,151,151,8,108,108,8,8,87,122,122,122,132,144,144,144],"floor_reached":50,"playtime":3269,"items_purged":["Strike_R","Feed"],"score":503,"play_id":"8b0fc85c-1521-43f2-af71-7afa52595473","local_time":"20181209225637","is_ascension_mode":false,"campfire_choices":[{"data":"Body Slam","floor":7,"key":"SMITH"},{"data":"Body Slam","floor":11,"key":"SMITH"},{"data":"Power Through","floor":13,"key":"SMITH"},{"data":"Shrug It Off","floor":15,"key":"SMITH"},{"floor":23,"key":"REST"},{"data":"Entrench","floor":30,"key":"SMITH"},{"floor":32,"key":"REST"},{"data":"Armaments","floor":40,"key":"SMITH"},{"data":"Armaments","floor":42,"key":"SMITH"},{"floor":49,"key":"REST"}],"neow_cost":"NONE","seed_source_timestamp":863334455048624,"circlet_count":0,"master_deck":["Strike_R","Strike_R","Strike_R","Defend_R","Defend_R","Defend_R","Defend_R","Body Slam+1","Iron Wave","Iron Wave","Entrench+1","Power Through+1","Armaments+1","Body Slam+1","Armaments+1","Shrug It Off+1","Juggernaut","Armaments","Power Through","Iron Wave","Body Slam+1","Entrench+1","Body Slam+1"],"relics":["Burning Blood","NeowsBlessing","Bag of Marbles","Blue Candle","Philosopher\u0027s Stone","Torii","Meat on the Bone","Sundial","DollysMirror","Vajra","Regal Pillow","Sozu","Blood Vial","Champion Belt","Gremlin Horn","Molten Egg 2"],"potions_floor_usage":[12,12,16,16,18,19,24,25,28,33],"damage_taken":[{"damage":0,"enemies":"Cultist","floor":1,"turns":1},{"damage":0,"enemies":"Small Slimes","floor":2,"turns":1},{"damage":0,"enemies":"Jaw Worm","floor":3,"turns":1},{"damage":8,"enemies":"2 Fungi Beasts","floor":4,"turns":4},{"damage":14,"enemies":"Blue Slaver","floor":5,"turns":5},{"damage":44,"enemies":"Gremlin Nob","floor":6,"turns":7},{"damage":0,"enemies":"Exordium Thugs","floor":10,"turns":4},{"damage":2,"enemies":"Large Slime","floor":12,"turns":5},{"damage":22,"enemies":"The Guardian","floor":16,"turns":11},{"damage":12,"enemies":"3 Byrds","floor":18,"turns":5},{"damage":12,"enemies":"Colosseum Slavers","floor":19,"turns":4},{"damage":59,"enemies":"Colosseum Nobs","floor":19,"turns":5},{"damage":10,"enemies":"Spheric Guardian","floor":21,"turns":4},{"damage":9,"enemies":"Snake Plant","floor":22,"turns":3},{"damage":0,"enemies":"Chosen and Byrds","floor":24,"turns":3},{"damage":0,"enemies":"Centurion and Healer","floor":25,"turns":7},{"damage":15,"enemies":"Snecko","floor":27,"turns":7},{"damage":24,"enemies":"Chosen and Byrds","floor":28,"turns":7},{"damage":0,"enemies":"Cultist and Chosen","floor":29,"turns":6},{"damage":9,"enemies":"Automaton","floor":33,"turns":12},{"damage":11,"enemies":"3 Darklings","floor":35,"turns":6},{"damage":4,"enemies":"3 Shapes","floor":36,"turns":6},{"damage":6,"enemies":"Mind Bloom Boss Battle","floor":39,"turns":8},{"damage":56,"enemies":"Nemesis","floor":44,"turns":10},{"damage":13,"enemies":"Maw","floor":47,"turns":8},{"damage":12,"enemies":"Jaw Worm Horde","floor":48,"turns":4},{"damage":92,"enemies":"Time Eater","floor":50,"turns":7}],"seed_played":"1657455129162316281","potions_obtained":[{"floor":2,"key":"Regen Potion"},{"floor":4,"key":"Explosive Potion"},{"floor":10,"key":"Ancient Potion"},{"floor":12,"key":"Energy Potion"},{"floor":16,"key":"EssenceOfSteel"},{"floor":18,"key":"Energy Potion"},{"floor":22,"key":"SkillPotion"},{"floor":24,"key":"Weak Potion"},{"floor":27,"key":"Poison Potion"},{"floor":29,"key":"Ancient Potion"}],"is_trial":false,"path_per_floor":["M","M","M","M","M","E","R","?","T","M","R","M","R","$","R","B",null,"M","?","?","M","M","R","M","M","T","M","M","M","R","$","R","B",null,"M","M","?","$","?","R","$","R","T","E","?","$","M","M","R","B"],"character_chosen":"IRONCLAD","items_purchased":["Shrug It Off","DollysMirror","Vajra","Regal Pillow","Blood Vial"],"campfire_rested":3,"item_purchase_floors":[14,31,31,31,38],"current_hp_per_floor":[80,80,80,78,70,32,32,32,32,38,38,56,56,56,56,40,80,74,15,15,23,32,56,62,68,68,59,53,59,59,59,80,77,80,75,80,80,80,82,82,82,82,82,45,45,45,52,48,83,0],"gold":144,"neow_bonus":"THREE_ENEMY_KILL","is_prod":false,"is_daily":false,"chose_seed":false,"campfire_upgraded":7,"win_rate":0,"timestamp":1544414197,"path_taken":["M","M","M","M","M","E","R","?","T","M","R","M","R","$","R","BOSS","M","?","?","M","M","R","M","M","T","M","M","M","R","$","R","BOSS","M","?","?","$","?","R","$","R","T","E","?","?","?","M","R","BOSS"],"build_version":"2018-12-06","purchased_purges":2,"victory":false,"max_hp_per_floor":[80,80,80,80,80,80,80,80,80,80,80,80,80,80,80,80,80,80,80,80,80,80,80,80,80,80,80,80,80,80,80,80,80,80,80,83,83,83,83,83,83,83,83,83,83,83,83,83,83,83],"card_choices":[{"not_picked":["Perfected Strike","Flex"],"picked":"Body Slam","floor":1},{"not_picked":["Clash","Sword Boomerang"],"picked":"Iron Wave","floor":2},{"not_picked":["Corruption","Battle Trance"],"picked":"Iron Wave","floor":3},{"not_picked":["True Grit","Warcry"],"picked":"Entrench","floor":4},{"not_picked":["Iron Wave","Warcry"],"picked":"Power Through","floor":5},{"not_picked":["Clash","Demon Form"],"picked":"Armaments","floor":6},{"not_picked":["Cleave","Headbutt"],"picked":"Body Slam","floor":10},{"not_picked":["Combust","Pommel Strike"],"picked":"Armaments","floor":12},{"not_picked":["Berserk","Bludgeon"],"picked":"Juggernaut","floor":16},{"not_picked":["Corruption","Disarm"],"picked":"Armaments","floor":18},{"not_picked":["True Grit+1","Dropkick+1"],"picked":"Power Through","floor":19},{"not_picked":["Warcry","Dropkick"],"picked":"Iron Wave","floor":21},{"not_picked":["Evolve","Pommel Strike","Heavy Blade+1"],"picked":"SKIP","floor":22},{"not_picked":["Feel No Pain+1","Pommel Strike","Perfected Strike"],"picked":"SKIP","floor":24},{"not_picked":["Headbutt+1","Burning Pact","Twin Strike"],"picked":"SKIP","floor":25},{"not_picked":["Armaments+1","Headbutt"],"picked":"Body Slam+1","floor":27},{"not_picked":["Infernal Blade","Havoc","Armaments"],"picked":"SKIP","floor":28},{"not_picked":["Warcry","Pommel Strike+1"],"picked":"Feed","floor":29},{"not_picked":["Corruption","Armaments+1","Ghostly Armor+1"],"picked":"SKIP","floor":35},{"not_picked":["Pommel Strike","Thunderclap+1","True Grit"],"picked":"SKIP","floor":36},{"not_picked":["Juggernaut","Perfected Strike+1","Immolate"],"picked":"SKIP","floor":44},{"not_picked":["Cleave+1","Flex"],"picked":"Body Slam+1","floor":47},{"not_picked":["Sword Boomerang+1","Reckless Charge+1","Ghostly Armor+1"],"picked":"SKIP","floor":48}],"player_experience":221341,"relics_obtained":[{"floor":6,"key":"Bag of Marbles"},{"floor":9,"key":"Blue Candle"},{"floor":19,"key":"Torii"},{"floor":19,"key":"Meat on the Bone"},{"floor":26,"key":"Sundial"},{"floor":39,"key":"Champion Belt"},{"floor":43,"key":"Gremlin Horn"},{"floor":44,"key":"Molten Egg 2"}],"event_choices":[{"cards_removed":["Strike_R"],"damage_healed":0,"gold_gain":0,"player_choice":"Purged","damage_taken":0,"max_hp_gain":0,"max_hp_loss":0,"event_name":"Purifier","floor":8,"gold_loss":0},{"damage_healed":0,"gold_gain":0,"player_choice":"Fight","damage_taken":0,"max_hp_gain":0,"max_hp_loss":0,"event_name":"Colosseum","floor":19,"gold_loss":0},{"damage_healed":0,"gold_gain":0,"player_choice":"Fought Nobs","damage_taken":0,"max_hp_gain":0,"max_hp_loss":0,"event_name":"Colosseum","floor":19,"gold_loss":0},{"damage_healed":0,"gold_gain":100,"player_choice":"Pray","damage_taken":0,"max_hp_gain":0,"max_hp_loss":0,"event_name":"Golden Shrine","floor":20,"gold_loss":0},{"cards_removed":["Bash"],"damage_healed":0,"gold_gain":0,"player_choice":"Removed Attack","damage_taken":0,"max_hp_gain":0,"max_hp_loss":0,"event_name":"Falling","floor":37,"gold_loss":0},{"damage_healed":0,"gold_gain":0,"player_choice":"Fight","damage_taken":0,"max_hp_gain":0,"max_hp_loss":0,"event_name":"MindBloom","floor":39,"gold_loss":0},{"damage_healed":0,"gold_gain":0,"player_choice":"Memory 1","damage_taken":0,"max_hp_gain":0,"max_hp_loss":0,"event_name":"SensoryStone","floor":45,"gold_loss":0}],"is_beta":false,"boss_relics":[{"not_picked":["Coffee Dripper","Runic Cube"],"picked":"Philosopher\u0027s Stone"},{"not_picked":["Cursed Key","Mark of Pain"],"picked":"Sozu"}],"items_purged_floors":[14,41],"is_endless":false,"potions_floor_spawned":[2,4,10,12,16,18,22,24,27,29,36,39,44,47],"killed_by":"Time Eater","ascension_level":0}