{"gold_per_floor":[116,136,153,153,164,194,194,228,228,228,228,253,287,212,212,307,307,318,330,255,255,274,301,326,369,427,474,586,609,375,375,375,474,474,492,141,151,151,151,151,183,183,183,215,20,35,62,78,78,78,78,78,33,58,58],"floor_reached":56,"playtime":3323,"items_purged":["Strike_R","Strike_R+1","Bash"],"score":1683,"play_id":"ae2f43a9-9bf4-4698-a82c-2b2f246c2fa6","local_time":"20190214012326","is_ascension_mode":true,"campfire_choices":[{"data":"Barricade","floor":15.0,"key":"SMITH"},{"data":"Whirlwind","floor":32.0,"key":"SMITH"},{"data":"Heavy Blade","floor":40.0,"key":"SMITH"},{"data":"Shrug It Off","floor":42.0,"key":"SMITH"},{"floor":49.0,"key":"RECALL"},{"data":"Offering","floor":52.0,"key":"SMITH"}],"neow_cost":"NONE","seed_source_timestamp":0,"circlet_count":0,"master_deck":["Defend_R+1","Defend_R+1","Defend_R+1","Shrug It Off+1","Twin Strike","Pommel Strike","Barricade+1","Spot Weakness","Whirlwind+1","Demon Form+1","Impervious","Body Slam+1","Rampage","Body Slam+1","Offering+1","Juggernaut+1","Heavy Blade+1","Metallicize+1","Flame Barrier+1","Reaper","Mayhem+1","Body Slam+1","Disarm+1","Warcry","Pummel"],"special_seed":0,"relics":["Burning Blood","Pen Nib","Bottled Tornado","Odd Mushroom","Frozen Egg 2","Coffee Dripper","MawBank","Pocketwatch","War Paint","Red Mask","Mango","Singing Bowl","Enchiridion","Philosopher\u0027s Stone","Lantern","Gremlin Horn","Charon\u0027s Ashes","Dream Catcher","Bottled Lightning","Blood Vial"],"potions_floor_usage":[55,55,55],"damage_taken":[{"damage":1.0,"enemies":"Cultist","floor":1.0,"turns":3.0},{"damage":7.0,"enemies":"Jaw Worm","floor":2.0,"turns":6.0},{"damage":4.0,"enemies":"Small Slimes","floor":3.0,"turns":3.0},{"damage":7.0,"enemies":"3 Louse","floor":5.0,"turns":4.0},{"damage":24.0,"enemies":"Gremlin Nob","floor":6.0,"turns":4.0},{"damage":3.0,"enemies":"Lagavulin","floor":8.0,"turns":12.0},{"damage":14.0,"enemies":"The Mushroom Lair","floor":12.0,"turns":4.0},{"damage":19.0,"enemies":"3 Sentries","floor":13.0,"turns":6.0},{"damage":32.0,"enemies":"Hexaghost","floor":16.0,"turns":7.0},{"damage":0.0,"enemies":"3 Byrds","floor":18.0,"turns":4.0},{"damage":4.0,"enemies":"Spheric Guardian","floor":19.0,"turns":7.0},{"damage":0.0,"enemies":"Snecko","floor":22.0,"turns":5.0},{"damage":38.0,"enemies":"Gremlin Leader","floor":23.0,"turns":6.0},{"damage":11.0,"enemies":"Snake Plant","floor":24.0,"turns":5.0},{"damage":5.0,"enemies":"Slavers","floor":25.0,"turns":4.0},{"damage":4.0,"enemies":"Masked Bandits","floor":27.0,"turns":4.0},{"damage":6.0,"enemies":"Colosseum Slavers","floor":28.0,"turns":4.0},{"damage":28.0,"enemies":"Colosseum Nobs","floor":28.0,"turns":5.0},{"damage":0.0,"enemies":"Shelled Parasite and Fungi","floor":29.0,"turns":5.0},{"damage":15.0,"enemies":"Automaton","floor":33.0,"turns":7.0},{"damage":15.0,"enemies":"3 Darklings","floor":35.0,"turns":4.0},{"damage":0.0,"enemies":"Orb Walker","floor":37.0,"turns":3.0},{"damage":0.0,"enemies":"Reptomancer","floor":41.0,"turns":4.0},{"damage":0.0,"enemies":"Nemesis","floor":44.0,"turns":9.0},{"damage":0.0,"enemies":"Sphere and 2 Shapes","floor":46.0,"turns":4.0},{"damage":6.0,"enemies":"Reptomancer","floor":47.0,"turns":3.0},{"damage":7.0,"enemies":"Jaw Worm Horde","floor":48.0,"turns":2.0},{"damage":19.0,"enemies":"Awakened One","floor":50.0,"turns":7.0},{"damage":43.0,"enemies":"Shield and Spear","floor":54.0,"turns":5.0},{"damage":93,"enemies":"The Heart","floor":55,"turns":8}],"seed_played":"-6978488297630249304","potions_obtained":[{"floor":2.0,"key":"EssenceOfSteel"},{"floor":3.0,"key":"Dexterity Potion"},{"floor":8.0,"key":"SteroidPotion"},{"floor":12.0,"key":"Regen Potion"},{"floor":18.0,"key":"Dexterity Potion"},{"floor":22.0,"key":"Fruit Juice"},{"floor":23.0,"key":"Fire Potion"},{"floor":24.0,"key":"Block Potion"},{"floor":28.0,"key":"SkillPotion"},{"floor":33.0,"key":"Poison Potion"},{"floor":35.0,"key":"AttackPotion"},{"floor":48.0,"key":"GamblersBrew"},{"floor":54.0,"key":"Block Potion"}],"is_trial":false,"path_per_floor":["M","M","M","?","M","E","?","E","T","?","?","?","E","$","R","B",null,"M","M","?","?","M","E","M","E","T","?","?","M","$","?","R","B",null,"M","$","M","?","$","R","E","R","T","E","$","M","E","M","R","B",null,"R","$","E","B",null],"character_chosen":"IRONCLAD","items_purchased":["Offering","Metallicize+1","Lantern","Mayhem+1","Warcry"],"campfire_rested":0,"item_purchase_floors":[30,36,36,45,53],"current_hp_per_floor":[88,87,88,88,87,69,51,54,54,47,47,39,41,41,41,15,70,76,78,78,88,88,56,51,52,52,54,48,54,54,38,38,29,85,76,76,82,82,82,82,88,88,88,106,106,106,106,107,107,94,105,105,105,75,13],"gold":58,"neow_bonus":"TEN_PERCENT_HP_BONUS","is_prod":false,"is_daily":false,"chose_seed":false,"campfire_upgraded":5,"win_rate":0,"timestamp":1550096606,"path_taken":["M","M","M","?","M","E","?","E","T","?","?","?","E","?","R","BOSS","M","M","?","?","M","E","?","E","T","?","?","M","$","?","R","BOSS","M","$","M","?","?","R","E","R","T","E","$","?","E","M","R","BOSS","R","$","E","BOSS"],"build_version":"2019-01-23","purchased_purges":3,"victory":true,"max_hp_per_floor":[88,88,88,88,88,88,88,88,88,88,88,88,88,88,88,88,88,88,88,88,88,88,88,88,88,88,88,104,104,104,104,104,104,104,104,104,104,104,104,104,104,104,104,106,106,106,106,108,108,108,108,108,108,108,113],"card_choices":[{"not_picked":["Thunderclap","Warcry"],"picked":"Shrug It Off","floor":1.0},{"not_picked":["Warcry","Entrench"],"picked":"Twin Strike","floor":2.0},{"not_picked":["Wild Strike","Headbutt"],"picked":"Pommel Strike","floor":3.0},{"not_picked":["Thunderclap","Bloodletting","Shrug It Off"],"picked":"SKIP","floor":5.0},{"not_picked":["Thunderclap","Feel No Pain"],"picked":"Barricade","floor":6.0},{"not_picked":["Uppercut","Sentinel"],"picked":"Spot Weakness","floor":8.0},{"not_picked":["Burning Pact","Sentinel"],"picked":"Whirlwind","floor":12.0},{"not_picked":["Warcry","Sever Soul"],"picked":"Demon Form","floor":13.0},{"not_picked":["Dark Embrace+1","Fiend Fire"],"picked":"Impervious","floor":16.0},{"not_picked":["True Grit","Pommel Strike","Flex+1"],"picked":"SKIP","floor":18.0},{"not_picked":["Wild Strike","Sentinel+1","Infernal Blade+1"],"picked":"SKIP","floor":19.0},{"not_picked":["Wild Strike","Sword Boomerang+1"],"picked":"Body Slam+1","floor":22.0},{"not_picked":["Brutality+1","Armaments","Sentinel+1"],"picked":"SKIP","floor":23.0},{"not_picked":["Uppercut+1","Thunderclap+1"],"picked":"Rampage","floor":24.0},{"not_picked":["Iron Wave+1","Rampage","Feel No Pain+1"],"picked":"SKIP","floor":25.0},{"not_picked":["Whirlwind","Flex","Flame Barrier+1"],"picked":"Singing Bowl","floor":28.0},{"not_picked":["Wild Strike+1","Rupture+1"],"picked":"Body Slam+1","floor":29.0},{"not_picked":["Fiend Fire","Berserk+1"],"picked":"Juggernaut+1","floor":33.0},{"not_picked":["Anger+1","Warcry"],"picked":"Heavy Blade","floor":35.0},{"not_picked":["Clash+1","True Grit+1"],"picked":"Flame Barrier+1","floor":37.0},{"not_picked":["Shrug It Off","Sword Boomerang+1"],"picked":"Reaper","floor":41.0},{"not_picked":["Dropkick+1","Cleave","Hemokinesis"],"picked":"Singing Bowl","floor":44.0},{"not_picked":["Searing Blow+1","Wild Strike"],"picked":"Body Slam+1","floor":46.0},{"not_picked":["Armaments+1","Immolate"],"picked":"Disarm+1","floor":47.0},{"not_picked":["Twin Strike","Wild Strike+1","Reckless Charge+1"],"picked":"Singing Bowl","floor":48.0},{"not_picked":["Sentinel","Feel No Pain+1"],"picked":"Pummel","floor":54.0}],"player_experience":296729,"relics_obtained":[{"floor":6.0,"key":"Pen Nib"},{"floor":8.0,"key":"Bottled Tornado"},{"floor":12.0,"key":"Odd Mushroom"},{"floor":13.0,"key":"Frozen Egg 2"},{"floor":23.0,"key":"MawBank"},{"floor":25.0,"key":"Pocketwatch"},{"floor":26.0,"key":"War Paint"},{"floor":27.0,"key":"Red Mask"},{"floor":28.0,"key":"Mango"},{"floor":28.0,"key":"Singing Bowl"},{"floor":31.0,"key":"Enchiridion"},{"floor":41.0,"key":"Gremlin Horn"},{"floor":43.0,"key":"Charon\u0027s Ashes"},{"floor":44.0,"key":"Dream Catcher"},{"floor":47.0,"key":"Bottled Lightning"},{"floor":54.0,"key":"Blood Vial"}],"event_choices":[{"cards_removed":["Strike_R"],"damage_healed":0.0,"max_hp_gain":0.0,"max_hp_loss":0.0,"gold_gain":0.0,"event_name":"Living Wall","player_choice":"Forget","floor":4.0,"gold_loss":0.0,"damage_taken":0.0},{"damage_healed":0.0,"max_hp_gain":0.0,"max_hp_loss":0.0,"gold_gain":0.0,"event_name":"Shining Light","player_choice":"Entered Light","floor":7.0,"gold_loss":0.0,"damage_taken":18.0,"cards_upgraded":["Strike_R","Defend_R"]},{"cards_removed":["Strike_R"],"damage_healed":0.0,"max_hp_gain":0.0,"max_hp_loss":0.0,"gold_gain":0.0,"event_name":"Golden Wing","player_choice":"Card Removal","floor":10.0,"gold_loss":0.0,"damage_taken":7.0},{"damage_healed":0.0,"max_hp_gain":0.0,"max_hp_loss":0.0,"gold_gain":0.0,"event_name":"Liars Game","player_choice":"Ignored","floor":11.0,"gold_loss":0.0,"damage_taken":0.0},{"damage_healed":0.0,"max_hp_gain":0.0,"max_hp_loss":0.0,"gold_gain":0.0,"event_name":"Mushrooms","player_choice":"Fought Mushrooms","floor":12.0,"gold_loss":0.0,"damage_taken":0.0},{"cards_removed":["Strike_R"],"damage_healed":0.0,"max_hp_gain":0.0,"max_hp_loss":0.0,"gold_gain":0.0,"event_name":"Beggar","player_choice":"Gave Gold","floor":20.0,"gold_loss":75.0,"damage_taken":0.0},{"damage_healed":10.0,"max_hp_gain":0.0,"max_hp_loss":0.0,"gold_gain":0.0,"event_name":"Wheel of Change","player_choice":"Full Heal","floor":21.0,"gold_loss":0.0,"damage_taken":0.0},{"damage_healed":0.0,"max_hp_gain":0.0,"max_hp_loss":0.0,"gold_gain":0.0,"event_name":"Masked Bandits","player_choice":"Fought Bandits","floor":27.0,"gold_loss":0.0,"damage_taken":0.0},{"damage_healed":0.0,"max_hp_gain":0.0,"max_hp_loss":0.0,"gold_gain":0.0,"event_name":"Colosseum","player_choice":"Fight","floor":28.0,"gold_loss":0.0,"damage_taken":0.0},{"damage_healed":0.0,"max_hp_gain":0.0,"max_hp_loss":0.0,"gold_gain":0.0,"event_name":"Colosseum","player_choice":"Fought Nobs","floor":28.0,"gold_loss":0.0,"damage_taken":0.0},{"damage_healed":0.0,"max_hp_gain":0.0,"max_hp_loss":0.0,"gold_gain":0.0,"event_name":"Cursed Tome","player_choice":"Obtained Book","floor":31.0,"gold_loss":0.0,"damage_taken":16.0},{"cards_removed":["Defend_R"],"damage_healed":0.0,"max_hp_gain":0.0,"max_hp_loss":0.0,"gold_gain":0.0,"event_name":"Bonfire Elementals","player_choice":"Offered Basic","floor":38.0,"gold_loss":0.0,"damage_taken":0.0}],"is_beta":false,"boss_relics":[{"not_picked":["Cursed Key","Runic Dome"],"picked":"Coffee Dripper"},{"not_picked":["Calling Bell","Tiny House"],"picked":"Philosopher\u0027s Stone"}],"items_purged_floors":[14,30,36],"is_endless":false,"potions_floor_spawned":[2,3,8,12,18,22,23,24,28,33,35,37,48,54],"ascension_level":5}