{"gold_per_floor":[112,129,23,41,41,41,61,81,137,149,180,180,192,192,192,269,269,289,263,281,300,30,30,30],"floor_reached":24,"playtime":1071,"items_purged":["Strike_B","Shame"],"score":384,"play_id":"d7b0c51b-4b93-4a3b-959f-7f957fedafec","local_time":"20180928132138","is_ascension_mode":true,"campfire_choices":[{"data":"Hologram","floor":6,"key":"SMITH"},{"floor":12,"key":"REST"},{"data":"Beam Cell","floor":15,"key":"SMITH"},{"floor":23,"key":"REST"}],"neow_cost":"NONE","seed_source_timestamp":1191701148404923,"circlet_count":0,"master_deck":["Strike_B","Strike_B","Strike_B","Defend_B","Defend_B","Defend_B","Defend_B","Zap","Dualcast","AscendersBane","Gash","Hologram+1","Cold Snap","Gash","Ball Lightning","Rebound","Beam Cell+1","Steam","Hologram","Reboot","Decay","Injury","Cold Snap","Stack+1","Beam Cell+1","Skim"],"relics":["Cracked Core","Anchor","Tiny Chest","DataDisk","Calling Bell","Ancient Tea Set","Shuriken","Girya","Vajra"],"potions_floor_usage":[16,20,20,24],"damage_taken":[{"damage":0,"enemies":"Jaw Worm","floor":1,"turns":3},{"damage":4,"enemies":"Small Slimes","floor":2,"turns":4},{"damage":0,"enemies":"2 Louse","floor":4,"turns":3},{"damage":10,"enemies":"Lots of Slimes","floor":7,"turns":4},{"damage":9,"enemies":"2 Fungi Beasts","floor":8,"turns":3},{"damage":0,"enemies":"Looter","floor":10,"turns":2},{"damage":26,"enemies":"3 Sentries","floor":11,"turns":5},{"damage":0,"enemies":"3 Louse","floor":13,"turns":2},{"damage":10,"enemies":"Hexaghost","floor":16,"turns":8},{"damage":26,"enemies":"Shell Parasite","floor":18,"turns":8},{"damage":8,"enemies":"2 Thieves","floor":19,"turns":4},{"damage":24,"enemies":"Shelled Parasite and Fungi","floor":20,"turns":3},{"damage":0,"enemies":"3 Cultists","floor":21,"turns":5},{"damage":25,"enemies":"Gremlin Leader","floor":24,"turns":4}],"seed_played":"7190826048203269518","potions_obtained":[{"floor":2,"key":"EssenceOfSteel"},{"floor":7,"key":"Dexterity Potion"},{"floor":19,"key":"PowerPotion"},{"floor":21,"key":"PowerPotion"}],"is_trial":false,"path_per_floor":["M","M","$","M","?","R","M","M","T","M","E","R","M","?","R","B",null,"M","M","M","M","$","R"],"character_chosen":"DEFECT","items_purchased":["Cold Snap","Vajra"],"campfire_rested":2,"item_purchase_floors":[3,22],"current_hp_per_floor":[64,60,60,60,60,60,50,41,41,41,15,36,36,36,36,26,60,34,26,2,2,2,23,0],"gold":30,"neow_bonus":"RANDOM_COMMON_RELIC","is_prod":false,"is_daily":false,"chose_seed":false,"campfire_upgraded":2,"win_rate":0,"timestamp":1538155298,"path_taken":["M","M","$","M","?","R","?","M","T","M","E","R","M","?","R","BOSS","M","M","M","M","$","R","E"],"build_version":"2018-09-27","purchased_purges":2,"victory":false,"max_hp_per_floor":[71,71,71,71,71,71,71,71,71,71,71,71,71,71,71,71,71,71,71,71,71,71,71,71],"card_choices":[{"not_picked":["Coolheaded","Steam"],"picked":"Gash","floor":1},{"not_picked":["Leap","Sweeping Beam"],"picked":"Hologram","floor":2},{"not_picked":["Leap","Fusion"],"picked":"Gash","floor":4},{"not_picked":["Turbo","Darkness"],"picked":"Ball Lightning","floor":7},{"not_picked":["Blizzard","Double Energy"],"picked":"Rebound","floor":8},{"not_picked":["Rebound","Turbo"],"picked":"Beam Cell","floor":10},{"not_picked":["Redo","Lockon"],"picked":"Steam","floor":11},{"not_picked":["Turbo","Compile Driver"],"picked":"Hologram","floor":13},{"not_picked":["Amplify","Biased Cognition"],"picked":"Reboot","floor":16},{"not_picked":["Reinforced Body","Streamline"],"picked":"Cold Snap","floor":18},{"not_picked":["Steam","Barrage"],"picked":"Stack+1","floor":19},{"not_picked":["Ball Lightning","Rebound"],"picked":"Beam Cell+1","floor":20},{"not_picked":["Static Discharge","Rebound"],"picked":"Skim","floor":21}],"player_experience":276994,"relics_obtained":[{"floor":9,"key":"Tiny Chest"},{"floor":11,"key":"DataDisk"},{"floor":17,"key":"Ancient Tea Set"},{"floor":17,"key":"Shuriken"},{"floor":17,"key":"Girya"}],"event_choices":[{"event_name":"The Cleric","player_choice":"Leave","floor":5,"damage_taken":0},{"event_name":"Golden Idol","player_choice":"Ignored","floor":14,"damage_taken":0}],"is_beta":false,"boss_relics":[{"not_picked":["Fusion Hammer","Orrery"],"picked":"Calling Bell"}],"items_purged_floors":[3,22],"is_endless":false,"potions_floor_spawned":[2,7,10,13,19,21],"killed_by":"Gremlin Leader","ascension_level":18}