{"gold_per_floor":[219,369,379,248,267,267,284,298,298,298,298,298,332,332,332,332],"floor_reached":16,"playtime":588,"items_purged":["Doubt"],"score":180,"play_id":"389ff674-1dfb-44b5-b0eb-f5e2a84dd7ad","local_time":"20181115215417","is_ascension_mode":true,"campfire_choices":[{"data":"Bash","floor":6,"key":"SMITH"},{"data":"Metallicize","floor":10,"key":"SMITH"},{"floor":15,"key":"REST"}],"neow_cost":"NONE","seed_source_timestamp":138621965289635,"circlet_count":0,"master_deck":["AscendersBane","Strike_R","Strike_R","Strike_R","Strike_R","Strike_R","Defend_R","Defend_R","Defend_R","Defend_R+1","Bash+1","Shrug It Off+1","Metallicize+1","Pommel Strike","Injury"],"relics":["Burning Blood","War Paint","Golden Idol","Odd Mushroom","Smiling Mask"],"potions_floor_usage":[16,16],"damage_taken":[{"damage":4,"enemies":"Small Slimes","floor":1,"turns":4},{"damage":16,"enemies":"Jaw Worm","floor":3,"turns":9},{"damage":4,"enemies":"2 Louse","floor":5,"turns":3},{"damage":37,"enemies":"Large Slime","floor":7,"turns":7},{"damage":7,"enemies":"Blue Slaver","floor":8,"turns":5},{"damage":9,"enemies":"The Mushroom Lair","floor":13,"turns":7},{"damage":30,"enemies":"Hexaghost","floor":16,"turns":9}],"seed_played":"-8516971045334408834","potions_obtained":[{"floor":3,"key":"SpeedPotion"},{"floor":7,"key":"Block Potion"}],"is_trial":false,"path_per_floor":["M","?","M","$","M","R","M","M","T","R","?","?","?","?","R","B"],"character_chosen":"IRONCLAD","items_purchased":["Shrug It Off"],"campfire_rested":1,"item_purchase_floors":[4],"current_hp_per_floor":[70,70,60,60,62,62,31,30,30,30,30,35,32,6,30,0],"gold":332,"neow_bonus":"HUNDRED_GOLD","is_prod":false,"is_daily":false,"chose_seed":false,"campfire_upgraded":2,"win_rate":0,"timestamp":1542347657,"path_taken":["M","?","M","$","M","R","M","M","T","R","?","?","?","?","R","BOSS"],"build_version":"2018-11-15","purchased_purges":1,"victory":false,"max_hp_per_floor":[75,75,75,75,75,75,75,75,75,75,75,80,80,80,80,80],"card_choices":[{"not_picked":["Thunderclap","Flex","Heavy Blade"],"picked":"SKIP","floor":1},{"not_picked":["Wild Strike","True Grit","Headbutt"],"picked":"SKIP","floor":3},{"not_picked":["Headbutt","Exhume","Corruption"],"picked":"SKIP","floor":5},{"not_picked":["Body Slam","Thunderclap"],"picked":"Metallicize","floor":7},{"not_picked":["Rage","Sword Boomerang"],"picked":"Pommel Strike","floor":8}],"player_experience":645207,"relics_obtained":[{"floor":9,"key":"War Paint"},{"floor":13,"key":"Odd Mushroom"}],"event_choices":[{"damage_healed":0,"gold_gain":150,"player_choice":"AGREE","damage_taken":0,"max_hp_gain":0,"max_hp_loss":0,"event_name":"Liars Game","floor":2,"gold_loss":0,"cards_obtained":["Doubt"]},{"damage_healed":0,"gold_gain":0,"player_choice":"Take Wound","damage_taken":0,"relics_obtained":["Golden Idol"],"max_hp_gain":0,"max_hp_loss":0,"event_name":"Golden Idol","floor":11,"gold_loss":0,"cards_obtained":["Injury"]},{"damage_healed":0,"gold_gain":0,"player_choice":"Donut","damage_taken":0,"max_hp_gain":5,"max_hp_loss":0,"event_name":"Big Fish","floor":12,"gold_loss":0},{"damage_healed":0,"gold_gain":0,"player_choice":"Fought Mushrooms","damage_taken":0,"max_hp_gain":0,"max_hp_loss":0,"event_name":"Mushrooms","floor":13,"gold_loss":0},{"damage_healed":0,"gold_gain":0,"player_choice":"Success","damage_taken":26,"relics_obtained":["Smiling Mask"],"max_hp_gain":0,"max_hp_loss":0,"event_name":"Scrap Ooze","floor":14,"gold_loss":0}],"is_beta":false,"boss_relics":[],"items_purged_floors":[4],"is_endless":false,"potions_floor_spawned":[3,7],"killed_by":"Hexaghost","ascension_level":20}