{"gold_per_floor":[119,44,44,58,58,73,73,73,73,106,35,45,59,78,78,180,180,190,208,227,237,119,119,41,69,69,19,37,49,49,59,59,160,160,173,123,123,141,160,160,193,193,217,46,63,63],"floor_reached":46,"playtime":2603,"items_purged":["Strike_G","Strike_G","Defend_G","Strike_G","Defend_G"],"score":474,"play_id":"4d201109-2143-45ae-9d04-6a9cf364b9d6","local_time":"20180818143635","is_ascension_mode":false,"campfire_choices":[{"data":"Neutralize","floor":7,"key":"SMITH"},{"data":"Infinite Blades","floor":15,"key":"SMITH"},{"data":"Phantasmal Killer","floor":23,"key":"SMITH"},{"floor":32,"key":"REST"},{"floor":40,"key":"REST"},{"floor":42,"key":"REST"}],"neow_cost":"NONE","seed_source_timestamp":41715533087179,"circlet_count":0,"master_deck":["Defend_G","Defend_G","Strike_G+1","Strike_G+1","Survivor","Neutralize+1","Backstab","Quick Slash","Expertise","Flying Knee","Infinite Blades+1","Terror","Phantasmal Killer+1","Outmaneuver+1","Quick Slash","Cloak And Dagger+1","Finisher","Accuracy","Flying Knee+1","Infinite Blades+1","Prepared","Malaise","Blade Dance+1","Envenom"],"relics":["Ring of the Serpent","Whetstone","Potion Belt","Strawberry","Smiling Mask","Du-Vu Doll","The Courier","Boot","Sozu","Art of War","Oddly Smooth Stone","Bronze Scales"],"potions_floor_usage":[16,18,21,25,31,33,33,33],"damage_taken":[{"damage":0,"enemies":"2 Louse","floor":1,"turns":3},{"damage":0,"enemies":"Cultist","floor":4,"turns":3},{"damage":0,"enemies":"Jaw Worm","floor":6,"turns":2},{"damage":24,"enemies":"3 Sentries","floor":10,"turns":10},{"damage":0,"enemies":"Large Slime","floor":12,"turns":4},{"damage":0,"enemies":"Exordium Thugs","floor":13,"turns":3},{"damage":0,"enemies":"Looter","floor":14,"turns":2},{"damage":26,"enemies":"The Guardian","floor":16,"turns":11},{"damage":0,"enemies":"3 Byrds","floor":18,"turns":6},{"damage":7,"enemies":"Chosen","floor":19,"turns":4},{"damage":12,"enemies":"Centurion and Healer","floor":20,"turns":5},{"damage":5,"enemies":"Shelled Parasite and Fungi","floor":21,"turns":6},{"damage":14,"enemies":"Book of Stabbing","floor":25,"turns":5},{"damage":11,"enemies":"Chosen and Byrds","floor":28,"turns":4},{"damage":17,"enemies":"Snecko","floor":29,"turns":5},{"damage":0,"enemies":"Cultist and Chosen","floor":31,"turns":4},{"damage":30,"enemies":"Automaton","floor":33,"turns":9},{"damage":14,"enemies":"Orb Walker","floor":35,"turns":3},{"damage":19,"enemies":"3 Darklings","floor":38,"turns":4},{"damage":0,"enemies":"Transient","floor":39,"turns":5},{"damage":59,"enemies":"2 Orb Walkers","floor":41,"turns":5},{"damage":15,"enemies":"Flame Bruiser 2 Orb","floor":45,"turns":4},{"damage":18,"enemies":"Sphere and 2 Shapes","floor":46,"turns":1}],"seed_played":"-3414213179950474324","potions_obtained":[{"floor":1,"key":"SkillPotion"},{"floor":10,"key":"Ancient Potion"},{"floor":13,"key":"SpeedPotion"},{"floor":14,"key":"AttackPotion"},{"floor":16,"key":"Block Potion"},{"floor":18,"key":"PowerPotion"},{"floor":19,"key":"EssenceOfSteel"},{"floor":20,"key":"Block Potion"},{"floor":29,"key":"EssenceOfSteel"}],"is_trial":false,"path_per_floor":["M","$","?","M","?","M","R","?","T","E","$","M","M","M","R","B",null,"M","M","M","M","$","R","$","E","T","$","M","M","?","M","R","B",null,"M","$","?","M","M","R","E","R","T","$","M"],"character_chosen":"THE_SILENT","items_purchased":["Infinite Blades","Finisher","Accuracy","Bronze Scales"],"campfire_rested":3,"item_purchase_floors":[11,22,24,44],"current_hp_per_floor":[70,70,63,63,63,63,63,70,70,46,46,46,46,46,46,20,77,77,70,58,53,53,53,53,39,39,39,28,11,11,11,34,4,77,63,63,63,44,44,67,8,31,31,31,16,0],"gold":63,"neow_bonus":"RANDOM_COMMON_RELIC","is_prod":false,"is_daily":false,"chose_seed":false,"campfire_upgraded":3,"win_rate":0,"timestamp":1534617395,"path_taken":["M","$","?","M","?","M","R","?","T","E","$","M","M","M","R","BOSS","M","?","M","M","$","R","$","E","T","$","M","M","?","M","R","BOSS","M","$","?","M","M","R","E","R","T","$","?","M"],"build_version":"2018-08-16","purchased_purges":5,"victory":false,"max_hp_per_floor":[70,70,70,70,70,70,70,77,77,77,77,77,77,77,77,77,77,77,77,77,77,77,77,77,77,77,77,77,77,77,77,77,77,77,77,77,77,77,77,77,77,77,77,77,77,77],"card_choices":[{"not_picked":["Deflect","Backflip"],"picked":"Backstab","floor":1},{"not_picked":["Heel Hook","Calculated Gamble"],"picked":"Quick Slash","floor":4},{"not_picked":["Bouncing Flask","Backflip"],"picked":"Expertise","floor":6},{"not_picked":["Eviscerate","Wraith Form v2"],"picked":"Flying Knee","floor":10},{"not_picked":["Cloak And Dagger","Sucker Punch"],"picked":"Terror","floor":12},{"not_picked":["Sucker Punch","Reflex","Backflip"],"picked":"SKIP","floor":13},{"not_picked":["Predator","Dodge and Roll","Sucker Punch"],"picked":"SKIP","floor":14},{"not_picked":["Bullet Time","Corpse Explosion"],"picked":"Phantasmal Killer","floor":16},{"not_picked":["Choke","Backflip"],"picked":"Outmaneuver+1","floor":18},{"not_picked":["Outmaneuver","Reflex"],"picked":"Quick Slash","floor":19},{"not_picked":["Acrobatics","Blade Dance"],"picked":"Cloak And Dagger+1","floor":20},{"not_picked":["Backflip","Poisoned Stab","Caltrops"],"picked":"SKIP","floor":21},{"not_picked":["Sucker Punch","Poisoned Stab","Underhanded Strike+1"],"picked":"SKIP","floor":25},{"not_picked":["Dagger Spray+1","Cloak And Dagger"],"picked":"Flying Knee+1","floor":28},{"not_picked":["Terror","Poisoned Stab+1"],"picked":"Infinite Blades+1","floor":29},{"not_picked":["Accuracy","Dodge and Roll+1"],"picked":"Prepared","floor":31},{"not_picked":["Corpse Explosion","Die Die Die"],"picked":"Malaise","floor":33},{"not_picked":["Deflect+1","Underhanded Strike","Cloak And Dagger"],"picked":"SKIP","floor":35},{"not_picked":["Outmaneuver+1","Crippling Poison+1"],"picked":"Blade Dance+1","floor":38},{"not_picked":["Deadly Poison+1","Noxious Fumes","Bane+1"],"picked":"SKIP","floor":39},{"not_picked":["Underhanded Strike+1","Outmaneuver+1","Sucker Punch"],"picked":"SKIP","floor":41},{"not_picked":["Cloak And Dagger","Dagger Throw"],"picked":"Envenom","floor":45}],"player_experience":89772,"relics_obtained":[{"floor":9,"key":"Smiling Mask"},{"floor":10,"key":"Du-Vu Doll"},{"floor":25,"key":"The Courier"},{"floor":26,"key":"Boot"},{"floor":41,"key":"Art of War"},{"floor":43,"key":"Oddly Smooth Stone"}],"event_choices":[{"event_name":"Scrap Ooze","player_choice":"success","floor":3,"damage_taken":7},{"event_name":"Living Wall","player_choice":"Forget","floor":5,"damage_taken":0},{"event_name":"WeMeetAgain","player_choice":"Potion","floor":8,"damage_taken":0},{"event_name":"Drug Dealer","player_choice":"Ignored","floor":30,"damage_taken":0},{"event_name":"The Woman in Blue","player_choice":"Bought 0 Potions","floor":37,"damage_taken":0}],"is_beta":false,"boss_relics":[{"not_picked":["Runic Pyramid","Tiny House"],"picked":"Ring of the Serpent"},{"not_picked":["Velvet Choker","White Beast Statue"],"picked":"Sozu"}],"items_purged_floors":[2,22,27,36,44],"is_endless":false,"potions_floor_spawned":[1,10,13,14,16,18,19,20,29,38,41],"killed_by":"Sphere and 2 Shapes","ascension_level":0}