{"gold_per_floor":[117,5,5,5,5,5,24,24,49,61,95,47,59,78,78,180,180,191,106,119,55,69,100,100,100,100,131,31,50,50,60,60,160,160,171,171,190,118,132,132,149,149,149,167,198,210,25,42,42,42],"floor_reached":51,"playtime":2672,"items_purged":["Strike_G","Strike_G","Defend_G"],"score":842,"play_id":"c9d5f78a-6f8c-4c00-9899-427a88f77989","local_time":"20180808155819","is_ascension_mode":false,"campfire_choices":[{"data":"Bouncing Flask","floor":6,"key":"SMITH"},{"data":"Neutralize","floor":8,"key":"SMITH"},{"data":"Grand Finale","floor":15,"key":"SMITH"},{"data":"Prepared","floor":25,"key":"SMITH"},{"data":"Acrobatics","floor":30,"key":"SMITH"},{"data":"Expertise","floor":32,"key":"SMITH"},{"data":"Well Laid Plans","floor":40,"key":"SMITH"},{"data":"Adrenaline","floor":42,"key":"SMITH"},{"data":"Adrenaline","floor":46,"key":"SMITH"},{"data":"Blur","floor":49,"key":"SMITH"}],"neow_cost":"NONE","seed_source_timestamp":119154290284863,"circlet_count":0,"master_deck":["Defend_G+1","Defend_G","Defend_G+1","Defend_G","Strike_G","Survivor","Neutralize+1","Predator+1","Bouncing Flask+1","Flying Knee","Acrobatics+1","Grand Finale+1","Adrenaline+1","Backflip","Prepared+1","Adrenaline+1","Blur+1","Expertise+1","Tools of the Trade","Concentrate+1","Escape Plan+1","Well Laid Plans+1","Dagger Throw+1","Terror","Tactician+1"],"relics":["Ring of the Snake","Potion Belt","Sundial","Black Star","Blue Candle","Ancient Tea Set","Whetstone","War Paint","Ice Cream","Singing Bowl","Dodecahedron","Cursed Key","Lantern","MawBank"],"potions_floor_usage":[18,22,23,29,33,33,41,50,50],"damage_taken":[{"damage":0,"enemies":"Small Slimes","floor":1,"turns":6},{"damage":3,"enemies":"Jaw Worm","floor":7,"turns":3},{"damage":2,"enemies":"2 Louse","floor":10,"turns":2},{"damage":9,"enemies":"Gremlin Nob","floor":11,"turns":4},{"damage":0,"enemies":"Looter","floor":13,"turns":2},{"damage":6,"enemies":"3 Louse","floor":14,"turns":3},{"damage":12,"enemies":"The Guardian","floor":16,"turns":10},{"damage":5,"enemies":"3 Byrds","floor":18,"turns":3},{"damage":12,"enemies":"2 Thieves","floor":20,"turns":2},{"damage":2,"enemies":"Centurion and Healer","floor":22,"turns":2},{"damage":6,"enemies":"Book of Stabbing","floor":23,"turns":5},{"damage":4,"enemies":"Slavers","floor":27,"turns":2},{"damage":2,"enemies":"3 Cultists","floor":29,"turns":4},{"damage":0,"enemies":"Chosen and Byrds","floor":31,"turns":4},{"damage":38,"enemies":"Collector","floor":33,"turns":11},{"damage":0,"enemies":"Orb Walker","floor":35,"turns":2},{"damage":0,"enemies":"Flame Bruiser 1 Orb","floor":37,"turns":3},{"damage":0,"enemies":"Spire Growth","floor":39,"turns":2},{"damage":0,"enemies":"Transient","floor":41,"turns":5},{"damage":0,"enemies":"Maw","floor":44,"turns":4},{"damage":0,"enemies":"Giant Head","floor":45,"turns":4},{"damage":0,"enemies":"Sphere and 2 Shapes","floor":48,"turns":2},{"damage":0,"enemies":"Time Eater","floor":50,"turns":5}],"seed_played":"-2935797112130241346","potions_obtained":[{"floor":1,"key":"GhostInAJar"},{"floor":7,"key":"Poison Potion"},{"floor":16,"key":"Regen Potion"},{"floor":18,"key":"GhostInAJar"},{"floor":20,"key":"LiquidBronze"},{"floor":27,"key":"FearPotion"},{"floor":33,"key":"Strength Potion"},{"floor":37,"key":"AttackPotion"},{"floor":44,"key":"GhostInAJar"},{"floor":45,"key":"EssenceOfSteel"}],"is_trial":false,"path_per_floor":["M","$","?","?","?","R","M","R","T","M","E","$","M","M","R","B",null,"M","?","M","?","M","E","?","R","T","E","$","M","R","M","R","B",null,"M","?","M","$","M","R","M","R","T","M","E","R","$","M","R","B"],"character_chosen":"THE_SILENT","items_purchased":["Bouncing Flask","Swift Potion","Well Laid Plans","GhostInAJar"],"campfire_rested":0,"item_purchase_floors":[2,12,38,47],"current_hp_per_floor":[70,70,70,75,75,75,72,72,72,70,61,61,61,55,55,43,75,70,70,58,58,56,50,50,50,50,46,46,46,46,46,46,8,77,77,77,77,77,77,77,79,79,79,79,79,79,79,81,81,81],"gold":42,"neow_bonus":"REMOVE_CARD","is_prod":false,"is_daily":false,"chose_seed":false,"campfire_upgraded":10,"win_rate":0,"timestamp":1533711499,"path_taken":["M","$","?","?","?","R","M","R","T","M","E","$","?","M","R","BOSS","M","?","M","?","M","E","?","R","T","E","?","M","R","M","R","BOSS","M","?","M","?","M","R","M","R","T","M","E","R","$","M","R","BOSS"],"build_version":"2018-08-02","purchased_purges":3,"victory":true,"max_hp_per_floor":[70,70,70,75,75,75,75,75,75,75,75,75,75,75,75,75,75,75,75,75,75,75,75,75,75,75,75,75,77,77,77,77,77,77,77,77,77,77,77,77,79,79,79,79,79,79,79,81,81,81],"card_choices":[{"not_picked":["Endless Agony","Slice"],"picked":"Predator","floor":1},{"not_picked":["Setup","Footwork"],"picked":"Flying Knee","floor":7},{"not_picked":["Bane","Sucker Punch","Deflect"],"picked":"SKIP","floor":10},{"not_picked":["Infinite Blades","Quick Slash"],"picked":"Acrobatics","floor":11},{"not_picked":["Dodge and Roll","Underhanded Strike","Bane"],"picked":"SKIP","floor":13},{"not_picked":["Deadly Poison","Finisher"],"picked":"Grand Finale","floor":14},{"not_picked":["Glass Knife","After Image"],"picked":"Adrenaline","floor":16},{"not_picked":["Caltrops","Poisoned Stab"],"picked":"Dagger Throw","floor":18},{"not_picked":["Finisher","Accuracy+1"],"picked":"Backflip","floor":20},{"not_picked":["Acrobatics","Storm of Steel"],"picked":"Prepared","floor":22},{"not_picked":["Deadly Poison+1","Sucker Punch+1","Distraction"],"picked":"SKIP","floor":23},{"not_picked":["Underhanded Strike","Sucker Punch"],"picked":"Blur","floor":27},{"not_picked":["Sucker Punch","Caltrops","Riddle With Holes"],"picked":"Singing Bowl","floor":29},{"not_picked":["Heel Hook+1","Backflip+1"],"picked":"Expertise","floor":31},{"not_picked":["A Thousand Cuts","Grand Finale"],"picked":"Tools of the Trade","floor":33},{"not_picked":["Deflect+1","Deadly Poison+1"],"picked":"Concentrate+1","floor":35},{"not_picked":["Eviscerate+1","Choke"],"picked":"Escape Plan+1","floor":37},{"not_picked":["Well Laid Plans","Blade Dance+1"],"picked":"Dagger Throw+1","floor":39},{"not_picked":["Underhanded Strike+1","Deadly Poison+1","Dagger Spray+1"],"picked":"Singing Bowl","floor":41},{"not_picked":["Slice","Blade Dance+1"],"picked":"Terror","floor":44},{"not_picked":["Deflect+1","Backflip"],"picked":"Tactician+1","floor":45},{"not_picked":["Choke","Flechettes+1","Predator"],"picked":"Singing Bowl","floor":48}],"player_experience":592546,"relics_obtained":[{"floor":9,"key":"Potion Belt"},{"floor":11,"key":"Sundial"},{"floor":23,"key":"Whetstone"},{"floor":23,"key":"War Paint"},{"floor":26,"key":"Ice Cream"},{"floor":27,"key":"Singing Bowl"},{"floor":27,"key":"Dodecahedron"},{"floor":45,"key":"Lantern"},{"floor":45,"key":"MawBank"}],"event_choices":[{"event_name":"The Cleric","player_choice":"Leave","floor":3,"damage_taken":0},{"event_name":"Big Fish","player_choice":"Donut","floor":4,"damage_taken":0},{"event_name":"Living Wall","player_choice":"Forget","floor":5,"damage_taken":0},{"event_name":"Addict","player_choice":"Obtained Relic","floor":19,"damage_taken":0},{"event_name":"WeMeetAgain","player_choice":"Gold","floor":21,"damage_taken":0},{"event_name":"Duplicator","player_choice":"One dupe","floor":24,"damage_taken":0},{"event_name":"Falling","player_choice":"Removed Attack","floor":36,"damage_taken":0}],"is_beta":false,"boss_relics":[{"not_picked":["Lizard Tail","Fusion Hammer"],"picked":"Black Star"},{"not_picked":["Eternal Feather","Pandora\u0027s Box"],"picked":"Cursed Key"}],"items_purged_floors":[2,28,47],"is_endless":false,"potions_floor_spawned":[1,7,16,18,20,27,33,37,44,45],"ascension_level":0}