{"path_per_floor":["M","?","?","M","?","R","M","M","T","M","M","M","?","M","R","B",null,"M","M","?"],"character_chosen":"THE_SILENT","items_purchased":[],"gold_per_floor":[115,115,115,128,303,303,318,336,336,354,371,381,344,364,364,459,459,471,489,489,489],"floor_reached":21,"campfire_rested":2,"playtime":1350,"current_hp_per_floor":[56,44,30,25,25,46,43,39,39,25,25,13,13,13,34,20,70,47,30,30,0],"items_purged":[],"gold":489,"score":175,"play_id":"d266f53b-a911-4da3-8df8-6e3457dd25d3","local_time":"20180408093021","is_prod":false,"is_daily":false,"is_ascension_mode":false,"campfire_upgraded":0,"timestamp":1523143821,"path_taken":["M","?","?","M","?","R","M","M","T","M","M","M","?","M","R","BOSS","M","?","?","M"],"build_version":"2018-04-05","purchased_purges":0,"victory":false,"master_deck":["Defend_G+1","Defend_G","Defend_G+1","Defend_G","Defend_G","Strike_G","Strike_G","Strike_G","Strike_G","Strike_G","Survivor","Neutralize","Choke+1","Prepared+1","Doubt","Cloak And Dagger","Die Die Die","Finisher","Sucker Punch","Backflip","A Thousand Cuts","Slice","Dash","Neutralize","Parasite"],"max_hp_per_floor":[70,70,70,70,70,70,70,70,70,70,70,70,70,70,70,70,70,70,70,70,70],"relics":["Runic Pyramid","Shuriken","War Paint","Cursed Key"],"card_choices":[{"not_picked":["Accuracy","Deflect"],"picked":"Choke","floor":1},{"not_picked":["Catalyst","Cloak And Dagger"],"picked":"Prepared","floor":4},{"not_picked":["Bane","Outmaneuver"],"picked":"Cloak And Dagger","floor":7},{"not_picked":["Flying Knee","Eviscerate"],"picked":"Die Die Die","floor":8},{"not_picked":["Slice","Poisoned Stab"],"picked":"Finisher","floor":10},{"not_picked":["Acrobatics","Deflect"],"picked":"Sucker Punch","floor":11},{"not_picked":["PiercingWail","Cloak And Dagger"],"picked":"Backflip","floor":14},{"not_picked":["Doppelganger","Tools of the Trade"],"picked":"A Thousand Cuts","floor":16},{"not_picked":["Underhanded Strike","Cloak And Dagger"],"picked":"Slice","floor":18},{"not_picked":["Bane","Accuracy"],"picked":"Dash","floor":19}],"player_experience":95943,"potions_floor_usage":[16,16,16,19],"damage_taken":[{"damage":14,"enemies":"2 Louse","floor":1,"turns":5},{"damage":5,"enemies":"Small Slimes","floor":4,"turns":4},{"damage":3,"enemies":"Jaw Worm","floor":7,"turns":2},{"damage":4,"enemies":"3 Louse","floor":8,"turns":4},{"damage":14,"enemies":"Red Slaver","floor":10,"turns":4},{"damage":0,"enemies":"2 Fungi Beasts","floor":11,"turns":4},{"damage":12,"enemies":"Looter","floor":12,"turns":3},{"damage":0,"enemies":"Gremlin Gang","floor":14,"turns":1},{"damage":14,"enemies":"Hexaghost","floor":16,"turns":12},{"damage":23,"enemies":"2 Thieves","floor":18,"turns":4},{"damage":17,"enemies":"Spheric Guardian","floor":19,"turns":5},{"damage":36,"enemies":"Cultist and Chosen","floor":21,"turns":3}],"event_choices":[{"event_name":"Scrap Ooze","player_choice":"success","floor":2,"damage_taken":12},{"event_name":"Shining Light","player_choice":"Entered Light","floor":3,"damage_taken":0},{"event_name":"Liars Game","player_choice":"agreed","floor":5,"damage_taken":0},{"event_name":"World of Goop","player_choice":"Left","floor":13,"damage_taken":0},{"event_name":"Match and Keep!","player_choice":"2 cards matched","floor":20,"damage_taken":0}],"boss_relics":[{"not_picked":["Pandora\u0027s Box","Lizard Tail"],"picked":"Cursed Key"}],"potions_floor_spawned":[1,4,12,18,19],"seed_played":"8353907588424424823","killed_by":"Cultist and Chosen","ascension_level":0,"is_trial":false}