{"gold_per_floor":[118,218,218,234,234,265,289,303,328,341,341],"floor_reached":11,"playtime":453,"items_purged":[],"score":99,"play_id":"6e3e5a8a-089e-4e07-94d2-9b07ca74b030","local_time":"20181017015531","is_ascension_mode":true,"campfire_choices":[],"neow_cost":"NONE","seed_source_timestamp":197430022578279,"circlet_count":0,"master_deck":["Strike_B","Strike_B","Strike_B","Strike_B","Defend_B","Defend_B","Defend_B","Defend_B","Zap","Dualcast","Redo","Pain","Hologram","Redo","Gash","Leap","Ball Lightning"],"relics":["Cracked Core","Vajra","WarpedTongs","Oddly Smooth Stone","Odd Mushroom","Strawberry"],"potions_floor_usage":[7,11],"damage_taken":[{"damage":2,"enemies":"Jaw Worm","floor":1,"turns":5},{"damage":3,"enemies":"Cultist","floor":4,"turns":3},{"damage":30,"enemies":"Lagavulin","floor":6,"turns":5},{"damage":35,"enemies":"The Mushroom Lair","floor":7,"turns":5},{"damage":1,"enemies":"Small Slimes","floor":8,"turns":3},{"damage":8,"enemies":"2 Fungi Beasts","floor":10,"turns":3},{"damage":4,"enemies":"Lots of Slimes","floor":11,"turns":1}],"seed_played":"-7860089898452641391","potions_obtained":[{"floor":1,"key":"Swift Potion"},{"floor":7,"key":"FearPotion"},{"floor":8,"key":"Dexterity Potion"}],"is_trial":false,"path_per_floor":["M","?","?","M","?","E","?","M","T","M"],"character_chosen":"DEFECT","items_purchased":[],"campfire_rested":0,"item_purchase_floors":[],"current_hp_per_floor":[66,66,66,63,68,38,3,2,9,1,0],"gold":341,"neow_bonus":"RANDOM_COMMON_RELIC","is_prod":false,"is_daily":false,"chose_seed":false,"campfire_upgraded":0,"win_rate":0,"timestamp":1539766531,"path_taken":["M","?","?","M","?","E","?","M","T","M","M"],"build_version":"2018-10-11","purchased_purges":0,"victory":false,"max_hp_per_floor":[75,75,75,75,80,80,80,80,87,87,87],"card_choices":[{"not_picked":["Go for the Eyes","Sweeping Beam"],"picked":"Redo","floor":1},{"not_picked":["Sweeping Beam","Cold Snap"],"picked":"Hologram","floor":4},{"not_picked":["Barrage","Double Energy"],"picked":"Redo","floor":6},{"not_picked":["Aggregate","Go for the Eyes"],"picked":"Gash","floor":7},{"not_picked":["Biased Cognition","Stack"],"picked":"Leap","floor":8},{"not_picked":["Sweeping Beam","Beam Cell"],"picked":"Ball Lightning","floor":10}],"player_experience":286758,"relics_obtained":[{"floor":6,"key":"Oddly Smooth Stone"},{"floor":7,"key":"Odd Mushroom"},{"floor":9,"key":"Strawberry"}],"event_choices":[{"event_name":"Golden Shrine","player_choice":"Pray","floor":2,"damage_taken":0},{"event_name":"Accursed Blacksmith","player_choice":"Rummage","floor":3,"damage_taken":0},{"event_name":"Big Fish","player_choice":"Donut","floor":5,"damage_taken":0},{"event_name":"Mushrooms","player_choice":"Fought Mushrooms","floor":7,"damage_taken":0}],"is_beta":false,"boss_relics":[],"items_purged_floors":[],"is_endless":false,"potions_floor_spawned":[1,7,8],"killed_by":"Lots of Slimes","ascension_level":7}