{"gold_per_floor":[109,124,137,137,161,196,196,228,228,228,242,259,259,274,274,379,379,349,349,6,23,36,36,36,47,70,87,117,117,137,137,137,233,233,252,252,270,0,0,0],"floor_reached":40,"playtime":9501,"items_purged":["Strike_G"],"score":418,"play_id":"99d561d0-d888-4d71-a879-0976334251b4","local_time":"20190130120941","is_ascension_mode":false,"campfire_choices":[{"data":"Terror","floor":7,"key":"SMITH"},{"data":"Neutralize","floor":13,"key":"SMITH"},{"data":"Adrenaline","floor":15,"key":"SMITH"},{"data":"Neutralize","floor":23,"key":"SMITH"},{"data":"Prepared","floor":29,"key":"SMITH"},{"floor":32,"key":"REST"}],"neow_cost":"NONE","seed_source_timestamp":316156381511546,"circlet_count":0,"master_deck":["Defend_G","Defend_G","Defend_G","Defend_G","Defend_G","Strike_G","Strike_G","Strike_G","Survivor","Neutralize+1","Blade Dance","Prepared+1","Terror+1","Bullet Time","Blade Dance","Adrenaline+1","Neutralize+1","Cloak And Dagger","Choke","Malaise","Distraction+1","Infinite Blades","Deflect+1"],"relics":["Sozu","Regal Pillow","Happy Flower","Strawberry","Ornamental Fan","Busted Crown","OrangePellets","Blood Vial","Potion Belt","Enchiridion","Black Star","Red Mask","Bottled Flame"],"potions_floor_usage":[],"damage_taken":[{"damage":0,"enemies":"Jaw Worm","floor":1,"turns":6},{"damage":0,"enemies":"2 Louse","floor":2,"turns":3},{"damage":0,"enemies":"Cultist","floor":3,"turns":4},{"damage":31,"enemies":"Gremlin Nob","floor":6,"turns":5},{"damage":8,"enemies":"Lagavulin","floor":8,"turns":6},{"damage":3,"enemies":"Red Slaver","floor":11,"turns":3},{"damage":2,"enemies":"Exordium Thugs","floor":12,"turns":4},{"damage":1,"enemies":"Exordium Wildlife","floor":14,"turns":4},{"damage":21,"enemies":"Hexaghost","floor":16,"turns":11},{"damage":7,"enemies":"2 Thieves","floor":18,"turns":5},{"damage":2,"enemies":"Spheric Guardian","floor":21,"turns":4},{"damage":0,"enemies":"Snake Plant","floor":22,"turns":6},{"damage":3,"enemies":"Snecko","floor":25,"turns":5},{"damage":10,"enemies":"Centurion and Healer","floor":27,"turns":6},{"damage":24,"enemies":"Gremlin Leader","floor":28,"turns":9},{"damage":20,"enemies":"Sentry and Sphere","floor":30,"turns":8},{"damage":39,"enemies":"Champ","floor":33,"turns":13},{"damage":10,"enemies":"3 Darklings","floor":35,"turns":6},{"damage":5,"enemies":"Orb Walker","floor":37,"turns":3},{"damage":83,"enemies":"Giant Head","floor":40,"turns":12}],"seed_played":"5794316928911369515","potions_obtained":[],"is_trial":false,"path_per_floor":["M","M","M","?","T","E","R","E","T","?","M","M","R","M","R","B",null,"M","?","$","M","M","R","T","M","T","M","E","R","M","?","R","B",null,"M","?","M","?","T","E"],"character_chosen":"THE_SILENT","items_purchased":["OrangePellets","Infinite Blades"],"campfire_rested":1,"item_purchase_floors":[20,20],"current_hp_per_floor":[70,70,70,70,70,39,39,38,38,38,35,33,33,32,32,11,77,70,70,70,68,68,68,68,65,65,57,35,35,17,1,39,2,77,67,67,64,64,64,0],"gold":0,"neow_bonus":"BOSS_RELIC","is_prod":false,"is_daily":false,"chose_seed":false,"campfire_upgraded":5,"win_rate":0,"timestamp":1548850181,"path_taken":["M","M","M","?","?","E","R","E","T","?","M","M","R","M","R","BOSS","M","?","$","?","M","R","?","M","T","?","E","R","M","?","R","BOSS","M","?","M","?","?","E"],"build_version":"2019-01-23","purchased_purges":1,"victory":false,"max_hp_per_floor":[70,70,70,70,70,70,70,77,77,77,77,77,77,77,77,77,77,77,77,77,77,77,77,77,77,77,77,77,77,77,77,77,77,77,77,77,77,77,77,77],"card_choices":[{"not_picked":["Acrobatics","Underhanded Strike"],"picked":"Blade Dance","floor":1},{"not_picked":["Poisoned Stab","Well Laid Plans"],"picked":"Prepared","floor":2},{"not_picked":["Reflex","Infinite Blades"],"picked":"Terror","floor":3},{"not_picked":["Acrobatics","Skewer"],"picked":"Blade Dance","floor":6},{"not_picked":["Expertise","Acrobatics"],"picked":"Adrenaline","floor":8},{"not_picked":["Poisoned Stab","Bane"],"picked":"Cloak And Dagger","floor":11},{"not_picked":["Eviscerate","Reflex"],"picked":"Choke","floor":12},{"not_picked":["Skewer","Eviscerate"],"picked":"Cloak And Dagger","floor":14},{"not_picked":["Unload","Adrenaline"],"picked":"Malaise","floor":16},{"not_picked":[],"picked":"Distraction+1","floor":18},{"not_picked":["Well Laid Plans"],"picked":"SKIP","floor":21},{"not_picked":["Poisoned Stab"],"picked":"SKIP","floor":22},{"not_picked":["Outmaneuver+1"],"picked":"SKIP","floor":25},{"not_picked":["Eviscerate+1"],"picked":"SKIP","floor":27},{"not_picked":[],"picked":"Deflect+1","floor":28},{"not_picked":["Dash"],"picked":"SKIP","floor":30},{"not_picked":["PiercingWail"],"picked":"SKIP","floor":35},{"not_picked":["All Out Attack"],"picked":"SKIP","floor":37}],"player_experience":236121,"relics_obtained":[{"floor":5,"key":"Regal Pillow"},{"floor":6,"key":"Happy Flower"},{"floor":8,"key":"Strawberry"},{"floor":9,"key":"Ornamental Fan"},{"floor":26,"key":"Blood Vial"},{"floor":28,"key":"Potion Belt"},{"floor":31,"key":"Enchiridion"},{"floor":39,"key":"Bottled Flame"}],"event_choices":[{"damage_healed":0,"gold_gain":0,"cards_transformed":["Strike_G"],"player_choice":"Change","damage_taken":0,"max_hp_gain":0,"max_hp_loss":0,"event_name":"Living Wall","floor":4,"gold_loss":0,"cards_obtained":["Bullet Time"]},{"damage_healed":0,"gold_gain":0,"player_choice":"1 cards matched","damage_taken":0,"max_hp_gain":0,"max_hp_loss":0,"event_name":"Match and Keep!","floor":10,"gold_loss":0,"cards_obtained":["Neutralize"]},{"damage_healed":0,"gold_gain":0,"player_choice":"1 cards matched","damage_taken":0,"max_hp_gain":0,"max_hp_loss":0,"event_name":"Match and Keep!","floor":10,"gold_loss":0,"cards_obtained":["Neutralize"]},{"damage_healed":0,"gold_gain":0,"player_choice":"Ignored","damage_taken":0,"max_hp_gain":0,"max_hp_loss":0,"event_name":"WeMeetAgain","floor":19,"gold_loss":0},{"damage_healed":0,"gold_gain":0,"player_choice":"Obtained Book","damage_taken":16,"max_hp_gain":0,"max_hp_loss":0,"event_name":"Cursed Tome","floor":31,"gold_loss":0},{"cards_removed":["Cloak And Dagger"],"damage_healed":0,"gold_gain":0,"player_choice":"Removed Skill","damage_taken":0,"max_hp_gain":0,"max_hp_loss":0,"event_name":"Falling","floor":36,"gold_loss":0},{"damage_healed":0,"gold_gain":0,"player_choice":"Paid","damage_taken":0,"relics_obtained":["Red Mask"],"max_hp_gain":0,"max_hp_loss":0,"event_name":"Tomb of Lord Red Mask","floor":38,"gold_loss":270}],"is_beta":false,"boss_relics":[{"not_picked":["Velvet Choker","Cursed Key"],"picked":"Busted Crown"},{"not_picked":["Tiny House","Fusion Hammer"],"picked":"Black Star"}],"items_purged_floors":[20],"is_endless":false,"potions_floor_spawned":[2,6,12,16,25,28,30],"killed_by":"Giant Head","ascension_level":0}