{"path_per_floor":["M","?","$","?","?","E","M","M","T","E","M","E","M","M","R","B",null,"M","M","?","M","$","R","M","M","T"],"character_chosen":"IRONCLAD","items_purchased":["Battle Trance","Perfected Strike","Gremlin Horn"],"gold_per_floor":[119,119,43,43,43,76,94,107,132,167,183,216,239,258,258,381,419,434,454,369,387,78,78,92,117,165,165],"floor_reached":27,"campfire_rested":2,"playtime":1159,"current_hp_per_floor":[74,54,54,54,42,15,15,9,9,19,17,34,29,18,42,5,85,43,23,23,1,1,26,16,12,12,0],"items_purged":[],"gold":165,"score":249,"play_id":"dec2e426-05ef-452d-a218-b5b4e1721f0c","local_time":"20180324191304","is_prod":false,"is_daily":false,"is_ascension_mode":true,"campfire_upgraded":0,"timestamp":1521940384,"path_taken":["M","?","$","?","?","E","M","M","T","E","M","E","M","M","R","BOSS","M","M","?","M","?","R","M","M","T","E"],"build_version":"2018-03-22v2","purchased_purges":0,"victory":false,"master_deck":["Strike_R","Strike_R","Strike_R","Strike_R","Strike_R","Defend_R","Defend_R","Defend_R","Defend_R","Bash","Rampage+1","Battle Trance","Spot Weakness","Perfected Strike","Armaments","Shockwave","Anger","Headbutt","Rampage+1","Fiend Fire","Double Tap","Shrug It Off","Pommel Strike+1","Perfected Strike+1","Pommel Strike+1","Perfected Strike","Rampage","Inflame"],"max_hp_per_floor":[80,80,80,80,80,80,80,80,80,80,80,80,80,80,80,80,85,85,85,85,85,85,85,85,85,85,85],"relics":["Lizard Tail","Golden Idol","Happy Flower","Omamori","Ancient Tea Set","Dream Catcher","Shovel","Tiny House","Torii","Gremlin Horn","Anchor"],"card_choices":[{"not_picked":["Iron Wave","Flex"],"picked":"Rampage","floor":1},{"not_picked":["Body Slam","Burning Pact"],"picked":"Spot Weakness","floor":6},{"not_picked":["Thunderclap","Rage"],"picked":"Perfected Strike","floor":7},{"not_picked":["Warcry","Juggernaut"],"picked":"Armaments","floor":8},{"not_picked":["Sword Boomerang","Armaments"],"picked":"Shockwave","floor":10},{"not_picked":["Corruption","Havoc"],"picked":"Anger","floor":11},{"not_picked":["Flame Barrier","Uppercut"],"picked":"Headbutt","floor":12},{"not_picked":["True Grit","Headbutt"],"picked":"Rampage","floor":14},{"not_picked":["Body Slam","Heavy Blade"],"picked":"Fiend Fire","floor":15},{"not_picked":["Juggernaut","Barricade"],"picked":"Double Tap","floor":16},{"not_picked":["Fire Breathing","Combust"],"picked":"Shrug It Off","floor":17},{"not_picked":["Spot Weakness","Sentinel"],"picked":"Pommel Strike","floor":18},{"not_picked":["Anger","Spot Weakness"],"picked":"Perfected Strike","floor":19},{"not_picked":["Bludgeon","Iron Wave"],"picked":"Pommel Strike","floor":21},{"not_picked":["Thunderclap","Shockwave"],"picked":"Rampage","floor":23},{"not_picked":["Flame Barrier","Sword Boomerang"],"picked":"Inflame","floor":25}],"player_experience":211690,"potions_floor_usage":[10,10,10,11,21,25],"damage_taken":[{"damage":6,"enemies":"Cultist","floor":1,"turns":3},{"damage":27,"enemies":"Gremlin Nob","floor":6,"turns":4},{"damage":0,"enemies":"Small Slimes","floor":7,"turns":3},{"damage":6,"enemies":"2 Louse","floor":8,"turns":2},{"damage":5,"enemies":"Lagavulin","floor":10,"turns":5},{"damage":2,"enemies":"Blue Slaver","floor":11,"turns":3},{"damage":30,"enemies":"Gremlin Nob","floor":12,"turns":5},{"damage":5,"enemies":"Looter","floor":13,"turns":2},{"damage":11,"enemies":"2 Fungi Beasts","floor":14,"turns":3},{"damage":37,"enemies":"Hexaghost","floor":16,"turns":9},{"damage":42,"enemies":"2 Thieves","floor":18,"turns":4},{"damage":20,"enemies":"3 Byrds","floor":19,"turns":5},{"damage":22,"enemies":"Centurion and Healer","floor":21,"turns":5},{"damage":10,"enemies":"Cultist and Chosen","floor":24,"turns":5},{"damage":4,"enemies":"Snake Plant","floor":25,"turns":4},{"damage":18,"enemies":"Gremlin Leader","floor":27,"turns":4}],"event_choices":[{"event_name":"Golden Idol","player_choice":"Take Damage","floor":2,"damage_taken":0},{"event_name":"Living Wall","player_choice":"Grow","floor":4,"damage_taken":0},{"event_name":"Scrap Ooze","player_choice":"success","floor":5,"damage_taken":12},{"event_name":"Addict","player_choice":"Obtained Relic","floor":20,"damage_taken":0}],"boss_relics":[{"not_picked":["Orrery","Pandora\u0027s Box"],"picked":"Tiny House"}],"potions_floor_spawned":[1,6,7,10,19],"seed_played":"-6082207176468177400","killed_by":"Gremlin Leader","ascension_level":1,"is_trial":false}