{"gold_per_floor":[113,125,125,25,38,38,102,102,151,151,151,151,163,180,180,180],"floor_reached":16,"playtime":903,"items_purged":["Strike_G"],"score":135,"play_id":"04eab0cd-3546-450b-9d1d-9a4d268b372c","local_time":"20181127173838","is_ascension_mode":true,"campfire_choices":[{"data":"Neutralize","floor":6,"key":"SMITH"},{"data":"Dash","floor":10,"key":"SMITH"},{"data":"Escape Plan","floor":12,"key":"SMITH"},{"data":"Night Terror","floor":15,"key":"SMITH"}],"neow_cost":"NONE","seed_source_timestamp":110012199130009,"circlet_count":0,"master_deck":["Defend_G","Defend_G","Defend_G","Defend_G","Defend_G","Strike_G","Strike_G","Strike_G","Survivor","Neutralize+1","Dodge and Roll","Escape Plan+1","Slice","Masterful Stab","Dash+1","Night Terror+1"],"relics":["Ring of the Snake","Tiny Chest","Juzu Bracelet","Letter Opener"],"potions_floor_usage":[],"damage_taken":[{"damage":1,"enemies":"2 Louse","floor":1,"turns":4},{"damage":0,"enemies":"Jaw Worm","floor":2,"turns":5},{"damage":4,"enemies":"Small Slimes","floor":5,"turns":4},{"damage":23,"enemies":"3 Sentries","floor":7,"turns":16},{"damage":0,"enemies":"Blue Slaver","floor":13,"turns":3},{"damage":2,"enemies":"Exordium Wildlife","floor":14,"turns":5},{"damage":58,"enemies":"Hexaghost","floor":16,"turns":16}],"seed_played":"-4108466121312769328","potions_obtained":[{"floor":1,"key":"SpeedPotion"},{"floor":5,"key":"FairyPotion"},{"floor":7,"key":"Regen Potion"}],"is_trial":false,"path_per_floor":["M","M","?","$","M","R","E","?","T","R","T","R","M","M","R","B"],"character_chosen":"THE_SILENT","items_purchased":["Slice"],"campfire_rested":0,"item_purchase_floors":[4],"current_hp_per_floor":[62,62,62,62,58,58,35,58,58,58,58,58,58,56,56,0],"gold":180,"neow_bonus":"THREE_CARDS","is_prod":false,"is_daily":false,"chose_seed":false,"campfire_upgraded":4,"win_rate":0,"timestamp":1543358318,"path_taken":["M","M","?","$","M","R","E","?","T","R","?","R","M","M","R","BOSS"],"build_version":"2018-11-15","purchased_purges":1,"victory":false,"max_hp_per_floor":[70,70,70,70,70,70,70,70,70,70,70,70,70,70,70,70],"card_choices":[{"not_picked":["Sucker Punch","Flying Knee"],"picked":"Dodge and Roll","floor":0},{"not_picked":["Bane","Flying Knee"],"picked":"Escape Plan","floor":1},{"not_picked":["Flying Knee","Expertise","Deflect"],"picked":"SKIP","floor":2},{"not_picked":["Riddle With Holes","Prepared"],"picked":"Masterful Stab","floor":5},{"not_picked":["Tactician","Outmaneuver"],"picked":"Dash","floor":7},{"not_picked":["Poisoned Stab","Prepared"],"picked":"Night Terror","floor":13},{"not_picked":["Calculated Gamble","Flying Knee","Outmaneuver"],"picked":"SKIP","floor":14}],"player_experience":435360,"relics_obtained":[{"floor":7,"key":"Tiny Chest"},{"floor":9,"key":"Juzu Bracelet"},{"floor":11,"key":"Letter Opener"}],"event_choices":[{"cards_removed":["Strike_G"],"damage_healed":0,"gold_gain":0,"player_choice":"Forget","damage_taken":0,"max_hp_gain":0,"max_hp_loss":0,"event_name":"Living Wall","floor":3,"gold_loss":0},{"damage_healed":23,"gold_gain":0,"player_choice":"Banana","damage_taken":0,"max_hp_gain":0,"max_hp_loss":0,"event_name":"Big Fish","floor":8,"gold_loss":0}],"is_beta":true,"boss_relics":[],"items_purged_floors":[4],"is_endless":false,"potions_floor_spawned":[1,5,7,14],"killed_by":"Hexaghost","ascension_level":7}