{"gold_per_floor":[118,118,39,55,72,72,91,91,116,116,116,126,126,146,146,225,225,241,123,141,141,141,141,65,65,116,131,131,151,66,66,66,66],"floor_reached":33,"playtime":943,"items_purged":["Strike_B"],"score":458,"play_id":"84469313-b86e-460d-a10e-d1ddec38c286","local_time":"20190120191852","is_ascension_mode":true,"campfire_choices":[{"data":"Ball Lightning","floor":6,"key":"SMITH"},{"data":"Chill","floor":8,"key":"SMITH"},{"floor":11,"key":"REST"},{"data":"Auto Shields","floor":13,"key":"SMITH"},{"data":"Rebound","floor":15,"key":"SMITH"},{"data":"Machine Learning","floor":23,"key":"SMITH"},{"data":"Storm","floor":25,"key":"SMITH"},{"data":"Force Field","floor":28,"key":"SMITH"},{"data":"Lockon","floor":32,"key":"SMITH"}],"neow_cost":"NONE","seed_source_timestamp":1007577241247476,"circlet_count":0,"master_deck":["AscendersBane","Strike_B+1","Strike_B+1","Strike_B+1","Defend_B","Defend_B","Defend_B","Defend_B","Zap+1","Dualcast","Ball Lightning+1","Storm+1","Chill+1","Auto Shields+1","Force Field+1","Rebound+1","Machine Learning+1","Static Discharge","White Noise","White Noise","Heatsinks","Heatsinks","Lockon+1"],"relics":["Cracked Core","Vajra","Orichalcum","Eternal Feather","Whetstone","Centennial Puzzle"],"potions_floor_usage":[14,16,20,33],"damage_taken":[{"damage":6,"enemies":"Small Slimes","floor":1,"turns":3},{"damage":2,"enemies":"Jaw Worm","floor":4,"turns":3},{"damage":0,"enemies":"2 Louse","floor":5,"turns":3},{"damage":5,"enemies":"Exordium Wildlife","floor":7,"turns":3},{"damage":4,"enemies":"Looter","floor":12,"turns":3},{"damage":0,"enemies":"3 Louse","floor":14,"turns":4},{"damage":42,"enemies":"Hexaghost","floor":16,"turns":9},{"damage":25,"enemies":"Shell Parasite","floor":18,"turns":6},{"damage":7,"enemies":"3 Byrds","floor":20,"turns":3},{"damage":8,"enemies":"Centurion and Healer","floor":27,"turns":7},{"damage":22,"enemies":"Chosen and Byrds","floor":29,"turns":5},{"damage":62,"enemies":"Collector","floor":33,"turns":5}],"seed_played":"9203200530485837081","potions_obtained":[{"floor":4,"key":"SkillPotion"},{"floor":7,"key":"FearPotion"},{"floor":12,"key":"Fruit Juice"},{"floor":16,"key":"Explosive Potion"},{"floor":18,"key":"PowerPotion"},{"floor":27,"key":"LiquidBronze"}],"is_trial":false,"path_per_floor":["M","?","$","M","M","R","M","R","T","?","R","M","R","M","R","B",null,"M","$","M","?","?","R","$","R","T","M","R","M","?","$","R","B"],"character_chosen":"DEFECT","items_purchased":["Storm","Static Discharge","Heatsinks"],"campfire_rested":1,"item_purchase_floors":[3,19,24],"current_hp_per_floor":[58,37,37,35,35,35,30,30,30,30,51,47,47,52,52,10,60,35,35,28,28,28,40,40,52,52,44,56,34,34,34,46,0],"gold":66,"neow_bonus":"RANDOM_COMMON_RELIC","is_prod":false,"is_daily":false,"chose_seed":false,"campfire_upgraded":8,"win_rate":0,"timestamp":1548029932,"path_taken":["M","?","$","M","M","R","M","R","T","?","R","M","R","M","R","BOSS","M","$","M","?","?","R","?","R","T","M","R","M","?","$","R","BOSS"],"build_version":"2019-01-19","purchased_purges":1,"victory":false,"max_hp_per_floor":[71,71,71,71,71,71,71,71,71,71,71,71,71,76,76,76,76,76,76,76,76,76,76,76,76,76,76,76,76,76,76,76,76],"card_choices":[{"not_picked":["Barrage","Chaos"],"picked":"Ball Lightning","floor":1},{"not_picked":["Leap","Barrage"],"picked":"Chill","floor":4},{"not_picked":["Blizzard","Doom and Gloom"],"picked":"Auto Shields","floor":5},{"not_picked":["Leap","Redo","Reprogram"],"picked":"SKIP","floor":7},{"not_picked":["Leap","Redo"],"picked":"Force Field","floor":12},{"not_picked":["Leap","Turbo"],"picked":"Rebound","floor":14},{"not_picked":["Amplify","Buffer"],"picked":"Machine Learning","floor":16},{"not_picked":["Streamline+1","Hologram","Sweeping Beam+1"],"picked":"SKIP","floor":18},{"not_picked":["Rebound","Skim+1"],"picked":"White Noise","floor":20},{"not_picked":["Doom and Gloom+1","Beam Cell"],"picked":"Heatsinks","floor":27},{"not_picked":["Blizzard+1","Chill"],"picked":"Lockon","floor":29}],"player_experience":468828,"relics_obtained":[{"floor":9,"key":"Orichalcum"},{"floor":26,"key":"Whetstone"}],"event_choices":[{"damage_healed":0,"gold_gain":0,"player_choice":"Entered Light","damage_taken":21,"max_hp_gain":0,"max_hp_loss":0,"event_name":"Shining Light","floor":2,"gold_loss":0,"cards_upgraded":["Strike_B","Zap"]},{"damage_healed":0,"gold_gain":0,"player_choice":"Ignored","damage_taken":0,"max_hp_gain":0,"max_hp_loss":0,"event_name":"Golden Idol","floor":10,"gold_loss":0},{"damage_healed":0,"gold_gain":0,"player_choice":"Read","damage_taken":0,"max_hp_gain":0,"max_hp_loss":0,"event_name":"The Library","floor":21,"gold_loss":0,"cards_obtained":["White Noise"]},{"damage_healed":0,"gold_gain":0,"player_choice":"Ignored","damage_taken":0,"max_hp_gain":0,"max_hp_loss":0,"event_name":"The Mausoleum","floor":22,"gold_loss":0},{"damage_healed":0,"gold_gain":0,"player_choice":"Obtained Relic","damage_taken":0,"relics_obtained":["Centennial Puzzle"],"max_hp_gain":0,"max_hp_loss":0,"event_name":"Addict","floor":30,"gold_loss":85}],"is_beta":true,"boss_relics":[{"not_picked":["Empty Cage","Runic Pyramid"],"picked":"Eternal Feather"}],"items_purged_floors":[19],"is_endless":false,"potions_floor_spawned":[4,7,12,16,18,27],"killed_by":"Collector","ascension_level":19}