{"path_per_floor":["M","?","M","$","?","E","M","?","T","?","M","R","$","M","R"],"character_chosen":"THE_SILENT","items_purchased":["Toxic Egg 2","Predator"],"gold_per_floor":[117,192,208,208,208,251,264,364,409,409,424,424,112,131,131,131],"floor_reached":16,"campfire_rested":1,"playtime":460,"current_hp_per_floor":[57,46,43,43,20,6,2,2,2,2,2,21,21,20,20,0],"items_purged":[],"gold":131,"score":175,"play_id":"b96b3937-44e2-49b6-bb56-e5ef3b8eddac","local_time":"20180425230702","is_prod":false,"is_daily":false,"chose_seed":false,"is_ascension_mode":true,"campfire_upgraded":1,"timestamp":1524690422,"path_taken":["M","?","M","$","?","E","?","?","T","?","M","R","?","M","R","BOSS"],"build_version":"2018-04-19","seed_source_timestamp":227327046492122,"purchased_purges":0,"victory":false,"master_deck":["Defend_G","Defend_G","Defend_G","Defend_G","Defend_G","Strike_G","Strike_G","Strike_G","Strike_G","Strike_G","Survivor","Neutralize+1","AscendersBane","Poisoned Stab","Skewer","Dagger Throw","Blade Dance","Predator","Dash"],"max_hp_per_floor":[66,66,66,66,66,66,66,66,66,66,66,66,66,66,66,66],"relics":["Ring of the Snake","Golden Idol","Omamori","Prayer Wheel","Toxic Egg 2"],"card_choices":[{"not_picked":["Escape Plan","Dodge and Roll"],"picked":"Poisoned Stab","floor":1},{"not_picked":["Cloak And Dagger","Flechettes"],"picked":"Skewer","floor":3},{"not_picked":["Distraction","Dodge and Roll"],"picked":"Dagger Throw","floor":6},{"not_picked":["Outmaneuver","Prepared"],"picked":"Blade Dance","floor":11},{"not_picked":["Heel Hook","Endless Agony"],"picked":"Dash","floor":14}],"player_experience":444116,"potions_floor_usage":[6],"damage_taken":[{"damage":2,"enemies":"2 Louse","floor":1,"turns":3},{"damage":3,"enemies":"Small Slimes","floor":3,"turns":4},{"damage":14,"enemies":"Gremlin Nob","floor":6,"turns":4},{"damage":4,"enemies":"Cultist","floor":7,"turns":3},{"damage":0,"enemies":"2 Fungi Beasts","floor":11,"turns":5},{"damage":1,"enemies":"Exordium Thugs","floor":14,"turns":7},{"damage":36,"enemies":"The Guardian","floor":16,"turns":2}],"event_choices":[{"event_name":"World of Goop","player_choice":"Gather Gold","floor":2,"damage_taken":0},{"event_name":"Golden Idol","player_choice":"Take Damage","floor":5,"damage_taken":0},{"event_name":"Wheel of Change","player_choice":"Gold","floor":8,"damage_taken":0},{"event_name":"Liars Game","player_choice":"disagreed","floor":10,"damage_taken":0}],"boss_relics":[],"potions_floor_spawned":[1],"seed_played":"-5294447281446006554","killed_by":"The Guardian","ascension_level":15,"is_trial":false}