{"gold_per_floor":[110,121,136,136,136,136,147,147,172,172,205,165,180,200,200,300,300,312,329,87,100,117,117,117,117,169,202,202,221,241,241,241,337,337,349,349,359,359,359,392,190,200,200,200,214,214,100,111,111,111],"floor_reached":51,"playtime":2028,"items_purged":["Doubt"],"score":749,"play_id":"15c73edf-a3dd-4e55-a424-695d570739ac","local_time":"20190120173032","is_ascension_mode":false,"campfire_choices":[{"floor":6,"key":"RECALL"},{"data":"Pummel","floor":8,"key":"SMITH"},{"data":"Bash","floor":10,"key":"SMITH"},{"data":"Flex","floor":15,"key":"SMITH"},{"floor":23,"key":"REST"},{"data":"Heavy Blade","floor":25,"key":"SMITH"},{"floor":28,"key":"REST"},{"data":"RitualDagger","floor":32,"key":"SMITH"},{"floor":44,"key":"REST"},{"data":"Heavy Blade","floor":49,"key":"SMITH"}],"neow_cost":"NONE","seed_source_timestamp":1014271598899436,"circlet_count":0,"master_deck":["Strike_R+1","Strike_R+1","Strike_R+1","Strike_R+1","Strike_R+1","Defend_R+1","Defend_R+1","Defend_R+1","Defend_R+1","Bash+1","Flex+1","Cleave","Pummel+1","Blood for Blood","Seeing Red","Flex+1","Spot Weakness","Reaper","Armaments+1","Heavy Blade+1","Whirlwind","Uppercut","Clothesline","Shrug It Off","Power Through","Heavy Blade+1","RitualDagger+1","Impervious","Pummel","Cleave","Madness","Madness","Thunderclap+1","True Grit","Flame Barrier","Thunderclap+1","Pummel","Rampage"],"relics":["Burning Blood","Potion Belt","Velvet Choker","ClockworkSouvenir","Centennial Puzzle","Ancient Tea Set","Black Star","Frozen Egg 2","FossilizedHelix","Charon\u0027s Ashes","Anchor","Mummified Hand"],"potions_floor_usage":[16,33,40,40,40,40,40,40,50],"damage_taken":[{"damage":6,"enemies":"Jaw Worm","floor":1,"turns":3},{"damage":3,"enemies":"Small Slimes","floor":2,"turns":3},{"damage":1,"enemies":"Cultist","floor":3,"turns":3},{"damage":15,"enemies":"Exordium Thugs","floor":7,"turns":4},{"damage":14,"enemies":"Gremlin Nob","floor":11,"turns":3},{"damage":9,"enemies":"Blue Slaver","floor":13,"turns":3},{"damage":0,"enemies":"Looter","floor":14,"turns":1},{"damage":48,"enemies":"Slime Boss","floor":16,"turns":10},{"damage":5,"enemies":"Spheric Guardian","floor":18,"turns":3},{"damage":25,"enemies":"2 Thieves","floor":19,"turns":3},{"damage":15,"enemies":"Snecko","floor":21,"turns":3},{"damage":31,"enemies":"Snake Plant","floor":22,"turns":3},{"damage":32,"enemies":"Slavers","floor":27,"turns":3},{"damage":2,"enemies":"Chosen and Byrds","floor":29,"turns":3},{"damage":13,"enemies":"Shelled Parasite and Fungi","floor":30,"turns":4},{"damage":70,"enemies":"Champ","floor":33,"turns":7},{"damage":28,"enemies":"3 Darklings","floor":35,"turns":6},{"damage":12,"enemies":"3 Shapes","floor":37,"turns":4},{"damage":88,"enemies":"Giant Head","floor":40,"turns":8},{"damage":23,"enemies":"3 Darklings","floor":42,"turns":3},{"damage":23,"enemies":"Maw","floor":45,"turns":8},{"damage":0,"enemies":"Sphere and 2 Shapes","floor":48,"turns":3},{"damage":60,"enemies":"Donu and Deca","floor":50,"turns":7}],"seed_played":"-6186364582449037394","potions_obtained":[{"floor":3,"key":"Dexterity Potion"},{"floor":7,"key":"Dexterity Potion"},{"floor":12,"key":"EntropicBrew"},{"floor":12,"key":"SteroidPotion"},{"floor":12,"key":"SkillPotion"},{"floor":19,"key":"Poison Potion"},{"floor":21,"key":"Fire Potion"},{"floor":33,"key":"AttackPotion"},{"floor":37,"key":"SteroidPotion"},{"floor":40,"key":"Fire Potion"},{"floor":48,"key":"Strength Potion"}],"is_trial":false,"path_per_floor":["M","M","M","?","?","R","M","R","T","R","E","?","M","M","R","B",null,"M","M","$","M","M","R","?","R","T","E","R","M","M","?","R","B",null,"M","?","M","?","?","E","$","M","T","R","M","?","$","M","R","B",null],"character_chosen":"IRONCLAD","items_purchased":["ClockworkSouvenir","Whirlwind","Anchor","True Grit","Pummel"],"campfire_rested":3,"item_purchase_floors":[20,20,41,41,47],"current_hp_per_floor":[80,80,80,80,80,80,71,71,71,71,63,63,60,66,66,24,80,80,61,61,52,34,58,58,58,58,53,77,80,78,72,72,16,80,77,77,71,61,61,8,8,15,15,39,22,80,80,80,80,26],"gold":111,"neow_bonus":"THREE_CARDS","is_prod":false,"is_daily":false,"chose_seed":false,"campfire_upgraded":6,"win_rate":0,"timestamp":1548023432,"path_taken":["M","M","M","?","?","R","M","R","T","R","E","?","?","M","R","BOSS","M","M","$","M","M","R","?","R","T","E","R","M","M","?","R","BOSS","M","?","?","?","?","E","$","M","T","R","M","?","$","M","R","BOSS"],"build_version":"2019-01-17v2","purchased_purges":1,"victory":true,"max_hp_per_floor":[80,80,80,80,80,80,80,80,80,80,80,80,80,80,80,80,80,80,80,80,80,80,80,80,80,80,80,80,80,80,80,80,80,80,80,80,80,80,80,80,80,80,80,80,80,80,80,80,80,80],"card_choices":[{"not_picked":["Clash","Feel No Pain"],"picked":"Flex","floor":0},{"not_picked":["Havoc","Seeing Red"],"picked":"Cleave","floor":1},{"not_picked":["Flex","Bloodletting"],"picked":"Heavy Blade","floor":2},{"not_picked":["Headbutt","Searing Blow"],"picked":"Pummel","floor":3},{"not_picked":["Hemokinesis","Flex"],"picked":"Blood for Blood","floor":7},{"not_picked":["Armaments","Double Tap"],"picked":"Seeing Red","floor":11},{"not_picked":["Corruption","Thunderclap"],"picked":"Flex","floor":13},{"not_picked":["Sword Boomerang","Armaments"],"picked":"Spot Weakness","floor":14},{"not_picked":["Berserk","Immolate"],"picked":"Reaper","floor":16},{"not_picked":["Twin Strike","Clothesline"],"picked":"Armaments+1","floor":18},{"not_picked":["Spot Weakness","Rage"],"picked":"Heavy Blade+1","floor":19},{"not_picked":["Anger","True Grit"],"picked":"Uppercut","floor":21},{"not_picked":["Second Wind","Clash"],"picked":"Clothesline","floor":22},{"not_picked":["Second Wind+1","Reckless Charge"],"picked":"Shrug It Off","floor":27},{"not_picked":["Armaments+1","True Grit"],"picked":"Power Through","floor":29},{"not_picked":["Evolve+1","Havoc"],"picked":"Heavy Blade","floor":30},{"not_picked":["Reaper","Offering"],"picked":"Impervious","floor":33},{"not_picked":["Shrug It Off","Headbutt"],"picked":"Pummel","floor":35},{"not_picked":["Body Slam","Shockwave"],"picked":"Cleave","floor":37},{"not_picked":["Warcry","Barricade+1"],"picked":"Thunderclap+1","floor":40},{"not_picked":["Twin Strike+1","Dual Wield+1"],"picked":"Flame Barrier","floor":42},{"not_picked":["Second Wind","Rampage"],"picked":"Thunderclap+1","floor":45},{"not_picked":["Anger","Battle Trance+1"],"picked":"Rampage","floor":48}],"player_experience":83233,"relics_obtained":[{"floor":11,"key":"Potion Belt"},{"floor":26,"key":"Centennial Puzzle"},{"floor":27,"key":"Ancient Tea Set"},{"floor":40,"key":"FossilizedHelix"},{"floor":40,"key":"Charon\u0027s Ashes"},{"floor":43,"key":"Mummified Hand"}],"event_choices":[{"damage_healed":0,"gold_gain":0,"player_choice":"Leave","damage_taken":0,"max_hp_gain":0,"max_hp_loss":0,"event_name":"The Cleric","floor":4,"gold_loss":0},{"damage_healed":0,"gold_gain":0,"player_choice":"Grow","damage_taken":0,"max_hp_gain":0,"max_hp_loss":0,"event_name":"Living Wall","floor":5,"gold_loss":0,"cards_upgraded":["Flex"]},{"damage_healed":0,"gold_gain":0,"player_choice":"Bought 3 Potions","damage_taken":0,"max_hp_gain":0,"max_hp_loss":0,"event_name":"The Woman in Blue","floor":12,"gold_loss":0},{"damage_healed":0,"gold_gain":0,"player_choice":"Simplicity","damage_taken":0,"max_hp_gain":0,"max_hp_loss":0,"event_name":"Back to Basics","floor":24,"gold_loss":0,"cards_upgraded":["Strike_R","Strike_R","Strike_R","Strike_R","Strike_R","Defend_R","Defend_R","Defend_R","Defend_R"]},{"damage_healed":0,"gold_gain":0,"player_choice":"Joined the Cult","damage_taken":6,"max_hp_gain":0,"max_hp_loss":0,"event_name":"Nest","floor":31,"gold_loss":0,"cards_obtained":["RitualDagger"]},{"damage_healed":0,"gold_gain":0,"player_choice":"Gave Potion","damage_taken":0,"relics_obtained":["Frozen Egg 2"],"max_hp_gain":0,"max_hp_loss":0,"event_name":"WeMeetAgain","floor":36,"gold_loss":0},{"damage_healed":0,"gold_gain":0,"player_choice":"Embrace Madness","damage_taken":10,"max_hp_gain":0,"max_hp_loss":0,"event_name":"Winding Halls","floor":38,"gold_loss":0,"cards_obtained":["Madness","Madness"]},{"cards_removed":["Heavy Blade"],"damage_healed":0,"gold_gain":0,"player_choice":"Removed Attack","damage_taken":0,"max_hp_gain":0,"max_hp_loss":0,"event_name":"Falling","floor":39,"gold_loss":0},{"damage_healed":58,"gold_gain":0,"player_choice":"Heal","damage_taken":0,"max_hp_gain":0,"max_hp_loss":0,"event_name":"MindBloom","floor":46,"gold_loss":0,"cards_obtained":["Doubt"]}],"is_beta":false,"boss_relics":[{"not_picked":["Coffee Dripper","Ectoplasm"],"picked":"Velvet Choker"},{"not_picked":["Sozu","Eternal Feather"],"picked":"Black Star"}],"items_purged_floors":[47],"is_endless":false,"potions_floor_spawned":[3,7,14,19,21,30,33,35,37,40,48],"ascension_level":0}