{"gold_per_floor":[115,1,1,21,21,49,49,76,76,76,89,89,115,13,13,116,116,134,134,0,0,0,0],"floor_reached":23,"playtime":552,"items_purged":["Strike_B"],"score":327,"play_id":"9e0c9d78-1f77-48f1-9381-09446bc96a63","local_time":"20180921132931","is_ascension_mode":true,"campfire_choices":[{"data":"Defragment","floor":7,"key":"SMITH"},{"data":"Dualcast","floor":10,"key":"SMITH"},{"data":"Zap","floor":12,"key":"SMITH"},{"data":"Self Repair","floor":15,"key":"SMITH"}],"neow_cost":"NONE","seed_source_timestamp":587846196425846,"circlet_count":0,"master_deck":["Strike_B","Strike_B","Strike_B","Defend_B+1","Defend_B","Defend_B","Zap+1","Dualcast+1","AscendersBane","Chaos+1","Defragment+1","Conserve Battery","Skim","Reboot","Self Repair+1","Gash","Machine Learning","Defragment","Shame"],"relics":["Cracked Core","NeowsBlessing","War Paint","Singing Bowl","Vajra","The Courier","Pantograph","Inserter","Mummified Hand"],"potions_floor_usage":[],"damage_taken":[{"damage":0,"enemies":"Small Slimes","floor":1,"turns":1},{"damage":0,"enemies":"Cultist","floor":4,"turns":1},{"damage":0,"enemies":"3 Sentries","floor":6,"turns":1},{"damage":0,"enemies":"Jaw Worm","floor":11,"turns":3},{"damage":13,"enemies":"Gremlin Nob","floor":13,"turns":3},{"damage":18,"enemies":"Slime Boss","floor":16,"turns":7},{"damage":11,"enemies":"Chosen","floor":18,"turns":4},{"damage":83,"enemies":"Book of Stabbing","floor":23,"turns":6}],"seed_played":"-5741988932004150690","potions_obtained":[{"floor":1,"key":"FearPotion"},{"floor":13,"key":"SteroidPotion"}],"is_trial":false,"path_per_floor":["M","$","?","M","?","E","R","T","T","R","M","R","E","$","R","B",null,"M","?","?","?","?"],"character_chosen":"DEFECT","items_purchased":["Defragment","Self Repair","Gash"],"campfire_rested":0,"item_purchase_floors":[2,14,14],"current_hp_per_floor":[68,68,68,68,65,67,67,67,67,67,67,67,54,54,54,69,75,76,76,76,76,76,0],"gold":0,"neow_bonus":"THREE_ENEMY_KILL","is_prod":false,"is_daily":false,"chose_seed":false,"campfire_upgraded":4,"win_rate":0,"timestamp":1537550971,"path_taken":["M","$","?","M","?","E","R","?","T","R","M","R","E","$","R","BOSS","M","?","?","?","?","E"],"build_version":"2018-09-20","purchased_purges":1,"victory":false,"max_hp_per_floor":[75,75,75,75,75,77,77,77,77,77,77,77,77,77,77,77,77,79,79,79,79,79,79],"card_choices":[{"not_picked":["Reinforced Body","Lockon"],"picked":"Chaos","floor":1},{"not_picked":["Coolheaded","Steam Power"],"picked":"Conserve Battery","floor":4},{"not_picked":["Lockon","Coolheaded","Aggregate"],"picked":"Singing Bowl","floor":6},{"not_picked":["Aggregate","Turbo"],"picked":"Skim","floor":11},{"not_picked":["Ball Lightning","Conserve Battery"],"picked":"Reboot","floor":13},{"not_picked":["All For One","Meteor Strike"],"picked":"Machine Learning","floor":16},{"not_picked":["Stack","Rip and Tear","Hologram"],"picked":"Singing Bowl","floor":18}],"player_experience":223287,"relics_obtained":[{"floor":6,"key":"Singing Bowl"},{"floor":8,"key":"Vajra"},{"floor":9,"key":"The Courier"},{"floor":13,"key":"Pantograph"}],"event_choices":[{"event_name":"Purifier","player_choice":"One Purge","floor":3,"damage_taken":0},{"event_name":"Scrap Ooze","player_choice":"success","floor":5,"damage_taken":3},{"event_name":"The Library","player_choice":"Read","floor":19,"damage_taken":0},{"event_name":"Masked Bandits","player_choice":"Paid Fearfully","floor":20,"damage_taken":0},{"event_name":"Beggar","player_choice":"Ignored","floor":21,"damage_taken":0},{"event_name":"Addict","player_choice":"Stole Relic","floor":22,"damage_taken":0}],"is_beta":false,"boss_relics":[{"not_picked":["Snecko Eye","Velvet Choker"],"picked":"Inserter"}],"items_purged_floors":[2],"is_endless":false,"potions_floor_spawned":[1,13],"killed_by":"Book of Stabbing","ascension_level":10}