{"gold_per_floor":[113,124,42,42,54,54,88,88,88,122,142,152,167,200,200,278,278,291,291,306,306,320,320,345,70,152,184,184,184,32,42,42,119,119,130,146,0,10,24,53,53,53],"floor_reached":42,"playtime":3160,"items_purged":[],"score":948,"play_id":"6e998204-f2d2-4603-87ac-f5ee0207249d","local_time":"20190218223718","is_ascension_mode":true,"campfire_choices":[{"data":"Body Slam","floor":6.0,"key":"SMITH"},{"data":"Warcry","floor":8.0,"key":"SMITH"},{"data":"Disarm","floor":15.0,"key":"SMITH"},{"data":"Body Slam","floor":23.0,"key":"SMITH"},{"data":"True Grit","floor":29.0,"key":"SMITH"},{"data":"Corruption","floor":32.0,"key":"SMITH"},{"data":"Pommel Strike","floor":41,"key":"SMITH"}],"neow_cost":"NONE","seed_source_timestamp":0,"circlet_count":0,"master_deck":["AscendersBane","Defend_R+1","Defend_R","Defend_R","Defend_R+1","Bash","Warcry+1","Flame Barrier","Disarm+1","Burning Pact","Clash","Reaper","Body Slam+1","Offering","Cleave","Pommel Strike","Combust","Impervious","Headbutt","Immolate","Shrug It Off","Bite","Bite","Bite","Bite","Bite","Body Slam+1","J.A.X.","True Grit+1","Corruption+1","Inflame","Metallicize","Shame","Flex","Iron Wave","Rupture","Shrug It Off","Impervious","Disarm","Ghostly Armor","Cleave+1","Seeing Red+1","Pommel Strike+1"],"special_seed":0,"relics":["Burning Blood","Ice Cream","Magic Flower","War Paint","Juzu Bracelet","Runic Pyramid","Bag of Preparation","OrangePellets","Sundial","Du-Vu Doll","Omamori","Coffee Dripper","Happy Flower","Ancient Tea Set"],"potions_floor_usage":[],"damage_taken":[{"damage":12.0,"enemies":"Small Slimes","floor":1.0,"turns":4.0},{"damage":0.0,"enemies":"Cultist","floor":2.0,"turns":4.0},{"damage":4.0,"enemies":"Jaw Worm","floor":5.0,"turns":5.0},{"damage":48.0,"enemies":"3 Sentries","floor":7.0,"turns":14.0},{"damage":6.0,"enemies":"Lagavulin","floor":10.0,"turns":6.0},{"damage":20.0,"enemies":"Exordium Wildlife","floor":11.0,"turns":5.0},{"damage":6.0,"enemies":"Lots of Slimes","floor":12.0,"turns":2.0},{"damage":1.0,"enemies":"2 Fungi Beasts","floor":13.0,"turns":2.0},{"damage":15.0,"enemies":"3 Sentries","floor":14.0,"turns":5.0},{"damage":29.0,"enemies":"The Guardian","floor":16.0,"turns":13.0},{"damage":19.0,"enemies":"Spheric Guardian","floor":18.0,"turns":5.0},{"damage":31.0,"enemies":"3 Byrds","floor":20.0,"turns":4.0},{"damage":38.0,"enemies":"Shelled Parasite and Fungi","floor":22.0,"turns":9.0},{"damage":31.0,"enemies":"Book of Stabbing","floor":24.0,"turns":7.0},{"damage":53.0,"enemies":"Slavers","floor":27.0,"turns":5.0},{"damage":18.0,"enemies":"Chosen and Byrds","floor":31.0,"turns":7.0},{"damage":34.0,"enemies":"Automaton","floor":33.0,"turns":8.0},{"damage":6.0,"enemies":"3 Shapes","floor":35.0,"turns":2.0},{"damage":39.0,"enemies":"3 Darklings","floor":36.0,"turns":6.0},{"damage":17.0,"enemies":"4 Shapes","floor":38.0,"turns":4.0},{"damage":33.0,"enemies":"Transient","floor":39.0,"turns":5.0},{"damage":25,"enemies":"Reptomancer","floor":40,"turns":6},{"damage":70,"enemies":"Giant Head","floor":42,"turns":8}],"seed_played":"4754058212874303783","potions_obtained":[{"floor":1.0,"key":"EntropicBrew"},{"floor":10.0,"key":"SpeedPotion"},{"floor":12.0,"key":"Ancient Potion"},{"floor":16.0,"key":"Ancient Potion"},{"floor":18.0,"key":"Fire Potion"},{"floor":33.0,"key":"GamblersBrew"},{"floor":35.0,"key":"Dexterity Potion"},{"floor":40,"key":"EssenceOfSteel"}],"is_trial":false,"path_per_floor":["M","M","$","?","M","R","E","R","T","E","M","M","M","E","R","B",null,"M","?","M","?","M","R","E","$","T","E","?","R","$","M","R","B",null,"M","M","$","M","M","E","R","E"],"character_chosen":"IRONCLAD","items_purchased":["Burning Pact","Clash","OrangePellets","Inflame","Flex","Iron Wave","Rupture","Happy Flower"],"campfire_rested":0,"item_purchase_floors":[3,3,25,25,30,30,30,37],"current_hp_per_floor":[62,68,68,68,70,70,40,40,40,52,53,71,75,75,75,55,70,60,52,45,45,43,43,36,36,36,22,22,22,22,52,52,52,52,52,52,52,52,52,52,52,0],"gold":53,"neow_bonus":"TRANSFORM_CARD","is_prod":false,"is_daily":false,"chose_seed":false,"campfire_upgraded":7,"win_rate":0,"timestamp":1550547438,"path_taken":["M","M","$","?","M","R","E","R","T","E","M","M","M","E","R","BOSS","M","?","M","?","M","R","E","$","T","E","?","R","?","M","R","BOSS","M","M","$","M","M","E","R","E"],"build_version":"2019-01-23","purchased_purges":0,"victory":false,"max_hp_per_floor":[75,75,75,75,75,75,75,75,75,75,75,75,75,75,75,75,75,75,52,52,52,52,52,52,52,52,52,52,52,52,52,52,52,52,52,52,52,52,52,52,52,52],"card_choices":[{"not_picked":["Sever Soul","Perfected Strike"],"picked":"Flame Barrier","floor":1.0},{"not_picked":["Iron Wave","Shrug It Off"],"picked":"Disarm","floor":2.0},{"not_picked":["Burning Pact","Thunderclap"],"picked":"Body Slam","floor":5.0},{"not_picked":["Headbutt","Battle Trance"],"picked":"Offering","floor":7.0},{"not_picked":["Armaments","Thunderclap"],"picked":"Cleave","floor":10.0},{"not_picked":["Entrench","Blood for Blood"],"picked":"Pommel Strike","floor":11.0},{"not_picked":["Heavy Blade","Evolve"],"picked":"Combust","floor":12.0},{"not_picked":["Blood for Blood","Pummel"],"picked":"Impervious","floor":13.0},{"not_picked":["Sword Boomerang","Cleave"],"picked":"Headbutt","floor":14.0},{"not_picked":["Bludgeon","Reaper"],"picked":"Immolate","floor":16.0},{"not_picked":["Evolve","Clothesline"],"picked":"Shrug It Off","floor":18.0},{"not_picked":["Carnage","Havoc"],"picked":"Body Slam","floor":20.0},{"not_picked":["Flex","Perfected Strike"],"picked":"True Grit","floor":22.0},{"not_picked":["Intimidate","Thunderclap"],"picked":"Corruption","floor":24.0},{"not_picked":["Corruption","Searing Blow"],"picked":"Metallicize","floor":27.0},{"not_picked":["Iron Wave","Clash"],"picked":"Shrug It Off","floor":31.0},{"not_picked":["Feed","Juggernaut"],"picked":"Impervious","floor":33.0},{"not_picked":["Blood for Blood","Anger"],"picked":"Disarm","floor":35.0},{"not_picked":["Burning Pact","Infernal Blade+1"],"picked":"Ghostly Armor","floor":36.0},{"not_picked":["Havoc","Thunderclap"],"picked":"Cleave+1","floor":38.0},{"not_picked":["Feel No Pain","Rage"],"picked":"Seeing Red+1","floor":39.0},{"not_picked":["Battle Trance","Infernal Blade+1"],"picked":"Pommel Strike","floor":40}],"player_experience":470150,"relics_obtained":[{"floor":7.0,"key":"Ice Cream"},{"floor":9.0,"key":"Magic Flower"},{"floor":10.0,"key":"War Paint"},{"floor":14.0,"key":"Juzu Bracelet"},{"floor":24.0,"key":"Bag of Preparation"},{"floor":26.0,"key":"Sundial"},{"floor":27.0,"key":"Du-Vu Doll"},{"floor":40,"key":"Ancient Tea Set"}],"event_choices":[{"damage_healed":0.0,"max_hp_gain":0.0,"max_hp_loss":0.0,"gold_gain":0.0,"cards_transformed":["Strike_R"],"event_name":"Transmorgrifier","player_choice":"Transformed","floor":4.0,"gold_loss":0.0,"damage_taken":0.0,"cards_obtained":["Reaper"]},{"damage_healed":0.0,"max_hp_gain":0.0,"max_hp_loss":23.0,"gold_gain":0.0,"event_name":"Vampires","player_choice":"Became a vampire","floor":19.0,"gold_loss":0.0,"damage_taken":0.0,"cards_obtained":["Bite","Bite","Bite","Bite","Bite"]},{"damage_healed":0.0,"max_hp_gain":0.0,"max_hp_loss":0.0,"gold_gain":0.0,"event_name":"Drug Dealer","player_choice":"Obtain J.A.X.","floor":21.0,"gold_loss":0.0,"damage_taken":0.0,"cards_obtained":["J.A.X."]},{"damage_healed":0.0,"max_hp_gain":0.0,"max_hp_loss":0.0,"gold_gain":0.0,"event_name":"Addict","player_choice":"Stole Relic","floor":28.0,"gold_loss":0.0,"damage_taken":0.0,"relics_obtained":["Omamori"],"cards_obtained":["Shame"]}],"is_beta":false,"boss_relics":[{"not_picked":["Velvet Choker","Astrolabe"],"picked":"Runic Pyramid"},{"not_picked":["Fusion Hammer","Orrery"],"picked":"Coffee Dripper"}],"items_purged_floors":[],"is_endless":false,"potions_floor_spawned":[1,10,12,16,18,33,35,36,40],"killed_by":"Giant Head","ascension_level":15}