{"gold_per_floor":[115,125,45,120,138,138,164,164,164,164,187,201,201,129,129,224,224,242,88,88,105,120,120,134,134,134,134,145,145,145,165,165,270,270,284,184,200,216,91,91,91,91,91,123,123],"floor_reached":45,"playtime":1305,"items_purged":["Strike_R","Strike_R","Strike_R"],"score":441,"play_id":"538f21f0-8e94-4afa-a9ef-439e51fa3665","local_time":"20181218133619","is_ascension_mode":false,"campfire_choices":[{"data":"Spot Weakness","floor":6.0,"key":"SMITH"},{"data":"Flex","floor":8.0,"key":"SMITH"},{"data":"Rage","floor":10.0,"key":"SMITH"},{"data":"Flex","floor":13.0,"key":"SMITH"},{"data":"Flex","floor":15.0,"key":"SMITH"},{"data":"Double Tap","floor":23.0,"key":"SMITH"},{"floor":25.0,"key":"REST"},{"data":"Iron Wave","floor":27.0,"key":"SMITH"},{"floor":32.0,"key":"REST"},{"floor":40,"key":"REST"},{"floor":42,"key":"REST"}],"neow_cost":"NONE","seed_source_timestamp":464043655423168,"circlet_count":0,"master_deck":["Defend_R","Defend_R","Defend_R","Defend_R","Bash+1","Iron Wave+1","Flex+1","Spot Weakness+1","Rage+1","Flex+1","Cleave+1","Flex+1","Anger+1","Double Tap+1","Clash+1","Whirlwind+1","Offering","Anger+1","Inflame","Whirlwind+1"],"special_seed":0,"relics":["Burning Blood","NeowsBlessing","Molten Egg 2","Ornamental Fan","Odd Mushroom","Empty Cage","Omamori","Orrery","PreservedInsect","Blood Vial"],"potions_floor_usage":[44,44,44,45],"damage_taken":[{"damage":0.0,"enemies":"2 Louse","floor":1.0,"turns":1.0},{"damage":0.0,"enemies":"Cultist","floor":2.0,"turns":1.0},{"damage":0.0,"enemies":"Small Slimes","floor":5.0,"turns":1.0},{"damage":32.0,"enemies":"Gremlin Nob","floor":7.0,"turns":4.0},{"damage":3.0,"enemies":"The Mushroom Lair","floor":11.0,"turns":5.0},{"damage":11.0,"enemies":"Red Slaver","floor":12.0,"turns":3.0},{"damage":22.0,"enemies":"The Guardian","floor":16.0,"turns":8.0},{"damage":8.0,"enemies":"Shell Parasite","floor":18.0,"turns":4.0},{"damage":20.0,"enemies":"2 Thieves","floor":21.0,"turns":3.0},{"damage":8.0,"enemies":"Shelled Parasite and Fungi","floor":22.0,"turns":5.0},{"damage":17.0,"enemies":"Snecko","floor":24.0,"turns":4.0},{"damage":9.0,"enemies":"Snake Plant","floor":28.0,"turns":3.0},{"damage":13.0,"enemies":"Centurion and Healer","floor":31.0,"turns":2.0},{"damage":71.0,"enemies":"Automaton","floor":33.0,"turns":7.0},{"damage":38.0,"enemies":"3 Darklings","floor":35.0,"turns":6.0},{"damage":23.0,"enemies":"3 Shapes","floor":37.0,"turns":2.0},{"damage":16,"enemies":"Writhing Mass","floor":38,"turns":3},{"damage":52,"enemies":"Nemesis","floor":44,"turns":5},{"damage":33,"enemies":"Maw","floor":45,"turns":3}],"seed_played":"-6286006677579886256","potions_obtained":[{"floor":5.0,"key":"FearPotion"},{"floor":7.0,"key":"AttackPotion"},{"floor":12.0,"key":"Energy Potion"},{"floor":21.0,"key":"Weak Potion"},{"floor":22.0,"key":"Dexterity Potion"},{"floor":28.0,"key":"SpeedPotion"},{"floor":31.0,"key":"LiquidBronze"},{"floor":35.0,"key":"Dexterity Potion"},{"floor":41,"key":"EssenceOfSteel"},{"floor":41,"key":"Dexterity Potion"},{"floor":41,"key":"Fruit Juice"},{"floor":44,"key":"Poison Potion"}],"is_trial":false,"path_per_floor":["M","M","$","?","M","R","E","R","T","R","?","M","R","$","R","B",null,"M","$","?","M","M","R","M","R","T","R","M","?","?","M","R","B",null,"M","$","M","M","$","R","?","R","T","E","M"],"character_chosen":"IRONCLAD","items_purchased":["Spot Weakness","Flex","Anger+1","Whirlwind+1"],"campfire_rested":4,"item_purchase_floors":[3,14,14,19],"current_hp_per_floor":[80,80,80,72,78,78,52,52,52,52,55,50,50,50,50,34,80,78,78,78,64,62,62,51,75,75,75,72,72,72,65,80,15,80,48,48,31,21,21,45,45,69,69,28,0],"gold":123,"neow_bonus":"THREE_ENEMY_KILL","is_prod":false,"is_daily":false,"chose_seed":false,"campfire_upgraded":7,"win_rate":0,"timestamp":1545158179,"path_taken":["M","M","$","?","?","R","E","R","T","R","?","M","R","$","R","BOSS","M","$","?","M","M","R","?","R","T","R","?","?","?","M","R","BOSS","M","$","?","M","?","R","?","R","T","E","M"],"build_version":"2018-12-13","purchased_purges":3,"victory":false,"max_hp_per_floor":[80,80,80,80,80,80,80,80,80,80,80,80,80,80,80,80,80,80,80,80,80,80,80,80,80,80,80,80,80,80,80,80,80,80,80,80,80,80,80,80,80,80,80,85,85],"card_choices":[{"not_picked":["Sword Boomerang","Searing Blow"],"picked":"Iron Wave","floor":1.0},{"not_picked":["Inflame","Searing Blow"],"picked":"Flex","floor":2.0},{"not_picked":["Combust","Intimidate","Disarm"],"picked":"SKIP","floor":5.0},{"not_picked":["Exhume","Thunderclap"],"picked":"Rage","floor":7.0},{"not_picked":["Clothesline+1","Havoc"],"picked":"Flex","floor":11.0},{"not_picked":["Havoc","Fire Breathing"],"picked":"Cleave+1","floor":12.0},{"not_picked":["Impervious","Fiend Fire+1"],"picked":"Double Tap","floor":16.0},{"not_picked":["Wild Strike+1","Body Slam+1"],"picked":"Clash+1","floor":18.0},{"not_picked":["Ghostly Armor","Headbutt+1","Iron Wave+1"],"picked":"SKIP","floor":21.0},{"not_picked":["Twin Strike+1","Iron Wave+1","Disarm+1"],"picked":"SKIP","floor":22.0},{"not_picked":["Immolate+1","Fire Breathing","Havoc"],"picked":"SKIP","floor":24.0},{"not_picked":["Sword Boomerang+1","Combust","Perfected Strike+1"],"picked":"SKIP","floor":28.0},{"not_picked":["Twin Strike+1","Entrench+1","True Grit"],"picked":"SKIP","floor":31.0},{"not_picked":["Juggernaut","Immolate+1"],"picked":"Offering","floor":33.0},{"not_picked":["Pommel Strike+1","Uppercut+1"],"picked":"Anger+1","floor":34.0},{"not_picked":["Evolve","Hemokinesis+1"],"picked":"Inflame","floor":34.0},{"not_picked":["Iron Wave+1","Armaments"],"picked":"Whirlwind+1","floor":35.0},{"not_picked":["Feel No Pain","Body Slam+1","Shockwave"],"picked":"SKIP","floor":37.0},{"not_picked":["Headbutt+1","Iron Wave+1","Wild Strike+1"],"picked":"SKIP","floor":38},{"not_picked":["Impervious","Flame Barrier+1","Cleave+1"],"picked":"SKIP","floor":44}],"player_experience":326221,"relics_obtained":[{"floor":7.0,"key":"Molten Egg 2"},{"floor":9.0,"key":"Ornamental Fan"},{"floor":11.0,"key":"Odd Mushroom"},{"floor":26.0,"key":"Omamori"},{"floor":43,"key":"PreservedInsect"},{"floor":44,"key":"Blood Vial"}],"event_choices":[{"damage_healed":0.0,"max_hp_gain":0.0,"max_hp_loss":0.0,"gold_gain":75.0,"event_name":"FaceTrader","player_choice":"Touch","floor":4.0,"gold_loss":0.0,"damage_taken":8.0},{"damage_healed":0.0,"max_hp_gain":0.0,"max_hp_loss":0.0,"gold_gain":0.0,"event_name":"Mushrooms","player_choice":"Fought Mushrooms","floor":11.0,"gold_loss":0.0,"damage_taken":0.0},{"damage_healed":0.0,"max_hp_gain":0.0,"max_hp_loss":0.0,"gold_gain":0.0,"event_name":"The Woman in Blue","player_choice":"Bought 0 Potions","floor":20.0,"gold_loss":0.0,"damage_taken":0.0},{"damage_healed":0.0,"max_hp_gain":0.0,"max_hp_loss":0.0,"gold_gain":0.0,"event_name":"Ghosts","player_choice":"Ignored","floor":29.0,"gold_loss":0.0,"damage_taken":0.0},{"damage_healed":0.0,"max_hp_gain":0.0,"max_hp_loss":0.0,"gold_gain":0.0,"event_name":"Accursed Blacksmith","player_choice":"Forge","floor":30.0,"gold_loss":0.0,"damage_taken":0.0,"cards_upgraded":["Bash"]},{"damage_healed":0,"gold_gain":0,"player_choice":"Got Potions","damage_taken":0,"max_hp_gain":0,"max_hp_loss":0,"event_name":"Lab","floor":41,"gold_loss":0}],"is_beta":false,"boss_relics":[{"not_picked":["Runic Cube","Mark of Pain"],"picked":"Empty Cage"},{"not_picked":["Pandora\u0027s Box","Runic Pyramid"],"picked":"Orrery"}],"items_purged_floors":[19,36,39],"is_endless":false,"potions_floor_spawned":[5,7,12,21,22,28,31,35,44],"killed_by":"Maw","ascension_level":0}