{"gold_per_floor":[115,115,115,127,139,183,195,222,257,269,281,293,323,360,372,458,470,497,524,451,463,492,504,547,559,571,583],"floor_reached":27,"playtime":941,"items_purged":[],"score":498,"play_id":"b5644a78-6bcd-4b51-8653-d9d62b8f07b3","local_time":"20190122013529","is_ascension_mode":true,"campfire_choices":[{"data":"Genetic Algorithm","floor":7,"key":"SMITH"},{"data":"Zap","floor":10,"key":"SMITH"},{"data":"Streamline","floor":12,"key":"SMITH"},{"data":"Loop","floor":15,"key":"SMITH"},{"data":"Defragment","floor":23,"key":"SMITH"},{"floor":25,"key":"REST"}],"neow_cost":"NONE","seed_source_timestamp":983312827858200,"circlet_count":0,"master_deck":["AscendersBane","Strike_B","Strike_B","Defend_B","Defend_B","Defend_B","Defend_B","Zap+1","Dualcast","Genetic Algorithm+1","Injury","Streamline+1","Consume","Recycle","Loop+1","Tempest","Doom and Gloom","Echo Form","Self Repair","Coolheaded","White Noise","Defragment+1","Self Repair"],"relics":["Cracked Core","NeowsBlessing","MawBank","Gambling Chip","Orichalcum","Ornamental Fan","Snecko Eye","Question Card","Meat on the Bone","Prayer Wheel"],"potions_floor_usage":[24],"damage_taken":[{"damage":0,"enemies":"2 Louse","floor":1,"turns":1},{"damage":0,"enemies":"3 Sentries","floor":6,"turns":2},{"damage":0,"enemies":"Small Slimes","floor":8,"turns":1},{"damage":3,"enemies":"Cultist","floor":13,"turns":3},{"damage":19,"enemies":"Lagavulin","floor":14,"turns":5},{"damage":14,"enemies":"Hexaghost","floor":16,"turns":7},{"damage":8,"enemies":"3 Byrds","floor":18,"turns":4},{"damage":14,"enemies":"Shell Parasite","floor":19,"turns":5},{"damage":42,"enemies":"Centurion and Healer","floor":22,"turns":7},{"damage":26,"enemies":"Slavers","floor":24,"turns":5},{"damage":44,"enemies":"Shelled Parasite and Fungi","floor":27,"turns":3}],"seed_played":"-2914583505685976719","potions_obtained":[{"floor":14,"key":"FairyPotion"},{"floor":16,"key":"Block Potion"},{"floor":18,"key":"FocusPotion"}],"is_trial":false,"path_per_floor":["M","?","?","?","$","E","R","M","T","R","?","R","M","E","R","B",null,"M","M","?","?","M","R","E","R","T","M"],"character_chosen":"DEFECT","items_purchased":[],"campfire_rested":1,"item_purchase_floors":[],"current_hp_per_floor":[64,64,53,53,53,53,53,53,53,53,53,53,50,31,31,17,58,50,50,50,50,22,22,5,26,26,0],"gold":583,"neow_bonus":"THREE_ENEMY_KILL","is_prod":false,"is_daily":false,"chose_seed":false,"campfire_upgraded":5,"win_rate":0,"timestamp":1548149729,"path_taken":["M","?","?","?","$","E","R","?","T","R","?","R","M","E","R","BOSS","M","M","?","?","M","R","E","R","T","M"],"build_version":"2019-01-17v2","purchased_purges":0,"victory":false,"max_hp_per_floor":[71,71,71,71,71,71,71,71,71,71,71,71,71,71,71,71,71,71,71,71,71,71,71,71,71,71,71],"card_choices":[{"not_picked":["Beam Cell","Conserve Battery"],"picked":"Genetic Algorithm","floor":1},{"not_picked":["Sweeping Beam","Gash"],"picked":"Consume","floor":6},{"not_picked":["Double Energy","Rebound"],"picked":"Recycle","floor":8},{"not_picked":["Double Energy","Blizzard"],"picked":"Tempest","floor":13},{"not_picked":["Aggregate","Skim"],"picked":"Doom and Gloom","floor":14},{"not_picked":["Fission","Multi-Cast"],"picked":"Echo Form","floor":16},{"not_picked":["Leap","Fusion"],"picked":"Self Repair","floor":18},{"not_picked":["Turbo","Auto Shields"],"picked":"Coolheaded","floor":19},{"not_picked":["Turbo","Coolheaded","Barrage"],"picked":"Defragment","floor":22},{"not_picked":["Streamline","Scrape","Skim"],"picked":"Self Repair","floor":24}],"player_experience":579610,"relics_obtained":[{"floor":6,"key":"Gambling Chip"},{"floor":9,"key":"Orichalcum"},{"floor":14,"key":"Ornamental Fan"},{"floor":24,"key":"Meat on the Bone"},{"floor":26,"key":"Prayer Wheel"}],"event_choices":[{"cards_removed":["Strike_B"],"damage_healed":0,"gold_gain":0,"player_choice":"Forget","damage_taken":0,"max_hp_gain":0,"max_hp_loss":0,"event_name":"Living Wall","floor":2,"gold_loss":0},{"damage_healed":0,"gold_gain":0,"player_choice":"Success","damage_taken":11,"relics_obtained":["MawBank"],"max_hp_gain":0,"max_hp_loss":0,"event_name":"Scrap Ooze","floor":3,"gold_loss":0},{"damage_healed":0,"gold_gain":0,"player_choice":"2 cards matched","damage_taken":0,"max_hp_gain":0,"max_hp_loss":0,"event_name":"Match and Keep!","floor":4,"gold_loss":0,"cards_obtained":["Injury","Streamline"]},{"damage_healed":0,"gold_gain":0,"cards_transformed":["Strike_B"],"player_choice":"Transformed","damage_taken":0,"max_hp_gain":0,"max_hp_loss":0,"event_name":"Transmorgrifier","floor":11,"gold_loss":0,"cards_obtained":["Loop"]},{"damage_healed":0,"gold_gain":0,"player_choice":"Obtained Relic","damage_taken":0,"relics_obtained":["Question Card"],"max_hp_gain":0,"max_hp_loss":0,"event_name":"Addict","floor":20,"gold_loss":85},{"damage_healed":0,"gold_gain":0,"player_choice":"Read","damage_taken":0,"max_hp_gain":0,"max_hp_loss":0,"event_name":"The Library","floor":21,"gold_loss":0,"cards_obtained":["White Noise"]}],"is_beta":false,"boss_relics":[{"not_picked":["Cursed Key","Calling Bell"],"picked":"Snecko Eye"}],"items_purged_floors":[],"is_endless":false,"potions_floor_spawned":[14,16,18,22],"killed_by":"Shelled Parasite and Fungi","ascension_level":18}