{"gold_per_floor":[113,42,42,6,21,64,64,339,339,339,339,358,533,566,566,566],"floor_reached":16,"playtime":880,"items_purged":[],"score":117,"play_id":"f70fad22-a738-4744-98b5-056954232994","local_time":"20180925203130","is_ascension_mode":true,"campfire_choices":[{"data":"Capacitor","floor":7,"key":"SMITH"},{"floor":11,"key":"REST"},{"floor":15,"key":"REST"}],"neow_cost":"NONE","seed_source_timestamp":189486516362840,"circlet_count":0,"master_deck":["Strike_B","Strike_B","Strike_B","Defend_B","Defend_B","Defend_B","Defend_B","Zap","Dualcast","Storm","Loop","Chaos","Ball Lightning","Capacitor+1","Regret","Regret","Gash","Doubt","Conserve Battery+1"],"relics":["Cracked Core","Golden Idol","Question Card","Letter Opener","Toxic Egg 2","Mummified Hand"],"potions_floor_usage":[14],"damage_taken":[{"damage":2,"enemies":"Jaw Worm","floor":1,"turns":4},{"damage":0,"enemies":"Cultist","floor":5,"turns":4},{"damage":26,"enemies":"Lagavulin","floor":6,"turns":8},{"damage":7,"enemies":"Small Slimes","floor":12,"turns":3},{"damage":36,"enemies":"Gremlin Nob","floor":14,"turns":6},{"damage":31,"enemies":"Hexaghost","floor":16,"turns":9}],"seed_played":"4338067677808604818","potions_obtained":[{"floor":6,"key":"Block Potion"}],"is_trial":false,"path_per_floor":["M","$","?","$","M","E","R","?","T","?","R","M","?","E","R"],"character_chosen":"DEFECT","items_purchased":["Loop","Chaos"],"campfire_rested":2,"item_purchase_floors":[2,4],"current_hp_per_floor":[73,73,55,55,55,29,29,29,29,29,51,44,44,8,30,0],"gold":566,"neow_bonus":"REMOVE_CARD","is_prod":false,"is_daily":false,"chose_seed":false,"campfire_upgraded":1,"win_rate":0,"timestamp":1537932690,"path_taken":["M","$","?","?","?","E","R","?","T","?","R","?","?","E","R","BOSS"],"build_version":"2018-09-20","purchased_purges":0,"victory":false,"max_hp_per_floor":[75,75,75,75,75,75,75,75,75,75,75,75,75,75,75,75],"card_choices":[{"not_picked":["Beam Cell","Streamline"],"picked":"Storm","floor":1},{"not_picked":["Beam Cell","Biased Cognition"],"picked":"Ball Lightning","floor":5},{"not_picked":["Leap","Rebound"],"picked":"Capacitor","floor":6},{"not_picked":["Stack+1","Rip and Tear","Sweeping Beam"],"picked":"Gash","floor":12},{"not_picked":["Hello World","Reboot+1","Redo+1"],"picked":"Conserve Battery+1","floor":14}],"player_experience":163526,"relics_obtained":[{"floor":6,"key":"Question Card"},{"floor":9,"key":"Letter Opener"},{"floor":14,"key":"Mummified Hand"}],"event_choices":[{"event_name":"Golden Idol","player_choice":"Take Damage","floor":3,"damage_taken":0},{"event_name":"Golden Shrine","player_choice":"Desecrate","floor":8,"damage_taken":0},{"event_name":"Big Fish","player_choice":"Box","floor":10,"damage_taken":0},{"event_name":"Liars Game","player_choice":"agreed","floor":13,"damage_taken":0}],"is_beta":false,"boss_relics":[],"items_purged_floors":[],"is_endless":false,"potions_floor_spawned":[6],"killed_by":"Hexaghost","ascension_level":2}