{"gold_per_floor":[119,44,44,64,80,108,124,124,124,124,299,324,324,336,348,360],"floor_reached":16,"playtime":1002,"items_purged":["Strike_G"],"score":113,"play_id":"d8084294-3dea-4c57-a657-bfd5f0c27ad7","local_time":"20190210140256","is_ascension_mode":true,"campfire_choices":[{"floor":8,"key":"REST"},{"data":"Neutralize","floor":10,"key":"SMITH"},{"floor":15,"key":"REST"}],"neow_cost":"NONE","seed_source_timestamp":83462282378159,"circlet_count":0,"master_deck":["Defend_G","Defend_G","Defend_G","Defend_G","Defend_G","Strike_G+1","Strike_G+1","Strike_G","Strike_G","Survivor+1","Neutralize+1","Bane","Blade Dance","Slice","Cloak And Dagger","Blade Dance","Doubt","Backflip"],"relics":["Ring of the Snake","Potion Belt","Anchor","Letter Opener","Shovel","MawBank"],"potions_floor_usage":[16,16],"damage_taken":[{"damage":0,"enemies":"Small Slimes","floor":1,"turns":3},{"damage":0,"enemies":"Cultist","floor":4,"turns":5},{"damage":3,"enemies":"Jaw Worm","floor":5,"turns":4},{"damage":28,"enemies":"Gremlin Nob","floor":6,"turns":5},{"damage":7,"enemies":"Looter","floor":7,"turns":3},{"damage":21,"enemies":"Lagavulin","floor":12,"turns":10},{"damage":44,"enemies":"Slime Boss","floor":16,"turns":9}],"seed_played":"-2651015983872354308","potions_obtained":[{"floor":1,"key":"LiquidBronze"},{"floor":12,"key":"SkillPotion"}],"is_trial":false,"path_per_floor":["M","$","?","M","M","E","M","R","T","R","?","E","T","?","R","B"],"character_chosen":"THE_SILENT","items_purchased":[],"campfire_rested":2,"item_purchase_floors":[],"current_hp_per_floor":[70,70,70,70,67,39,32,53,53,53,53,32,32,18,39,0],"gold":360,"neow_bonus":"RANDOM_COMMON_RELIC","is_prod":false,"is_daily":false,"chose_seed":false,"campfire_upgraded":1,"win_rate":0,"timestamp":1549814576,"path_taken":["M","$","?","?","M","E","M","R","T","R","?","E","?","?","R","BOSS"],"build_version":"2019-01-23","purchased_purges":1,"victory":false,"max_hp_per_floor":[70,70,70,70,70,70,70,70,70,70,70,70,70,70,70,70],"card_choices":[{"not_picked":["Underhanded Strike","Backflip"],"picked":"Bane","floor":1},{"not_picked":["Outmaneuver","Acrobatics"],"picked":"Blade Dance","floor":4},{"not_picked":["Dodge and Roll","Quick Slash"],"picked":"Slice","floor":5},{"not_picked":["Reflex","Venomology"],"picked":"Cloak And Dagger","floor":6},{"not_picked":["PiercingWail","Poisoned Stab"],"picked":"Blade Dance","floor":7},{"not_picked":["Dagger Spray","Bouncing Flask"],"picked":"Backflip","floor":12}],"player_experience":94337,"relics_obtained":[{"floor":6,"key":"Anchor"},{"floor":9,"key":"Letter Opener"},{"floor":12,"key":"Shovel"},{"floor":13,"key":"MawBank"}],"event_choices":[{"damage_healed":0,"gold_gain":0,"player_choice":"Forge","damage_taken":0,"max_hp_gain":0,"max_hp_loss":0,"event_name":"Accursed Blacksmith","floor":3,"gold_loss":0,"cards_upgraded":["Survivor"]},{"damage_healed":0,"gold_gain":175,"player_choice":"AGREE","damage_taken":0,"max_hp_gain":0,"max_hp_loss":0,"event_name":"Liars Game","floor":11,"gold_loss":0,"cards_obtained":["Doubt"]},{"damage_healed":0,"gold_gain":0,"player_choice":"Entered Light","damage_taken":14,"max_hp_gain":0,"max_hp_loss":0,"event_name":"Shining Light","floor":14,"gold_loss":0,"cards_upgraded":["Strike_G","Strike_G"]}],"is_beta":false,"boss_relics":[],"items_purged_floors":[2],"is_endless":false,"potions_floor_spawned":[1,12],"killed_by":"Slime Boss","ascension_level":1}