{"gold_per_floor":[109,126,31,31,45,76,76,110,137,166,316,316,326,326,326,402,402,413,64,64,64,81,81,81],"floor_reached":24,"playtime":1019,"items_purged":[],"score":371,"play_id":"24b0a249-fd32-4aeb-b1d3-ba74343d50eb","local_time":"20180711201021","is_ascension_mode":true,"campfire_choices":[{"data":"Neutralize","floor":7,"key":"SMITH"},{"floor":12,"key":"REST"},{"data":"Footwork","floor":15,"key":"SMITH"},{"floor":23,"key":"REST"}],"neow_cost":"NONE","seed_source_timestamp":6463643814929,"circlet_count":0,"master_deck":["Defend_G","Defend_G","Defend_G","Defend_G","Defend_G","Strike_G","Strike_G","Strike_G","Strike_G","Survivor","Neutralize+1","AscendersBane","PiercingWail","Dagger Spray","Flying Knee","Slice","Cloak And Dagger","Poisoned Stab","Doubt","Footwork+1","Envenom","Noxious Fumes","Dagger Spray+1","Infinite Blades+1"],"relics":["Ring of the Snake","Bag of Preparation","Centennial Puzzle","Oddly Smooth Stone","Singing Bowl","Boot","Busted Crown","Gremlin Horn","Dream Catcher"],"potions_floor_usage":[6,8,10,16,19],"damage_taken":[{"damage":1,"enemies":"Jaw Worm","floor":1,"turns":4},{"damage":0,"enemies":"Cultist","floor":2,"turns":4},{"damage":0,"enemies":"2 Louse","floor":5,"turns":3},{"damage":10,"enemies":"3 Sentries","floor":6,"turns":7},{"damage":21,"enemies":"Lagavulin","floor":8,"turns":8},{"damage":21,"enemies":"Gremlin Nob","floor":10,"turns":4},{"damage":0,"enemies":"Exordium Wildlife","floor":13,"turns":3},{"damage":20,"enemies":"The Guardian","floor":16,"turns":16},{"damage":12,"enemies":"2 Thieves","floor":18,"turns":5},{"damage":26,"enemies":"Shell Parasite","floor":22,"turns":5},{"damage":45,"enemies":"Book of Stabbing","floor":24,"turns":7}],"seed_played":"7264499063166297426","potions_obtained":[{"floor":6,"key":"LiquidBronze"},{"floor":8,"key":"Explosive Potion"},{"floor":13,"key":"LiquidBronze"}],"is_trial":false,"path_per_floor":["M","M","$","?","M","E","R","E","T","E","?","R","M","?","R","B",null,"M","$","?","?","M","R"],"character_chosen":"THE_SILENT","items_purchased":["Flying Knee","Strength Potion","Gremlin Horn","Fruit Juice"],"campfire_rested":2,"item_purchase_floors":[3,3,19,19],"current_hp_per_floor":[58,58,58,58,58,48,48,27,27,8,8,28,28,28,28,8,53,41,46,46,46,20,41,0],"gold":81,"neow_bonus":"RANDOM_COMMON_RELIC","is_prod":false,"is_daily":false,"chose_seed":false,"campfire_upgraded":2,"win_rate":0,"timestamp":1531332621,"path_taken":["M","M","$","?","M","E","R","E","T","E","?","R","?","?","R","BOSS","M","$","?","?","M","R","E"],"build_version":"2018-07-05","purchased_purges":0,"victory":false,"max_hp_per_floor":[66,66,66,66,66,66,66,66,66,68,68,68,68,68,68,68,68,68,73,73,73,73,73,73],"card_choices":[{"not_picked":["Deflect","Bane"],"picked":"PiercingWail","floor":1},{"not_picked":["Eviscerate","Bane"],"picked":"Dagger Spray","floor":2},{"not_picked":["Flying Knee","Poisoned Stab"],"picked":"Slice","floor":5},{"not_picked":["Expertise","Storm of Steel"],"picked":"Cloak And Dagger","floor":6},{"not_picked":["Masterful Stab","Backflip"],"picked":"Poisoned Stab","floor":8},{"not_picked":["Dagger Spray","Dagger Throw","Dodge and Roll"],"picked":"Singing Bowl","floor":10},{"not_picked":["Dodge and Roll","Cloak And Dagger"],"picked":"Footwork","floor":13},{"not_picked":["Tactician","Venomology"],"picked":"Envenom","floor":16},{"not_picked":[],"picked":"Noxious Fumes","floor":18},{"not_picked":[],"picked":"Dagger Spray+1","floor":22},{"not_picked":[],"picked":"Infinite Blades+1","floor":23}],"player_experience":812415,"relics_obtained":[{"floor":6,"key":"Centennial Puzzle"},{"floor":8,"key":"Oddly Smooth Stone"},{"floor":9,"key":"Singing Bowl"},{"floor":10,"key":"Boot"}],"event_choices":[{"event_name":"Bonfire Elementals","player_choice":"BASIC","floor":4,"damage_taken":0},{"event_name":"Liars Game","player_choice":"agreed","floor":11,"damage_taken":0},{"event_name":"Golden Idol","player_choice":"Ignored","floor":14,"damage_taken":0},{"event_name":"The Mausoleum","player_choice":"Yes","floor":20,"damage_taken":0},{"event_name":"Purifier","player_choice":"One Purge","floor":21,"damage_taken":0}],"boss_relics":[{"not_picked":["Runic Pyramid","Calling Bell"],"picked":"Busted Crown"}],"items_purged_floors":[],"is_endless":false,"potions_floor_spawned":[6,8,13],"killed_by":"Book of Stabbing","ascension_level":15}