{"gold_per_floor":[112,112,112,133,31,62,62,75,99,99,49,49,70,84,84,214,214,229,209,124,124,147,147,27,27,51,71,87,87],"floor_reached":29,"playtime":995,"items_purged":["Strike_B"],"score":349,"play_id":"8765a0a5-e4be-4ef6-b2df-69166c020349","local_time":"20190208185650","is_ascension_mode":true,"campfire_choices":[{"data":"Zap","floor":7,"key":"SMITH"},{"floor":15,"key":"REST"},{"floor":23,"key":"REST"},{"data":"Barrage","floor":25,"key":"SMITH"}],"neow_cost":"TEN_PERCENT_HP_LOSS","seed_source_timestamp":426101107238443,"circlet_count":0,"master_deck":["AscendersBane","Defend_B","Defend_B","Defend_B","Defend_B","Zap+1","Dualcast","Loop+1","Cold Snap","Go for the Eyes","Conserve Battery","Core Surge","Barrage+1","Coolheaded","Chaos","Reboot","Capacitor","Chaos+1","Leap","Barrage","White Noise"],"special_seed":0,"relics":["Cracked Core","Mango","Golden Idol","Omamori","Bronze Scales","Oddly Smooth Stone","Empty Cage","Regal Pillow","Blood Vial"],"potions_floor_usage":[16,21,22],"damage_taken":[{"damage":0.0,"enemies":"2 Louse","floor":1.0,"turns":2.0},{"damage":5.0,"enemies":"Cultist","floor":4.0,"turns":4.0},{"damage":23.0,"enemies":"3 Sentries","floor":6.0,"turns":8.0},{"damage":7,"enemies":"Jaw Worm","floor":8,"turns":4},{"damage":5,"enemies":"Exordium Thugs","floor":13,"turns":4},{"damage":6,"enemies":"3 Louse","floor":14,"turns":3},{"damage":10,"enemies":"Hexaghost","floor":16,"turns":9},{"damage":10,"enemies":"Chosen","floor":18,"turns":4},{"damage":29,"enemies":"2 Thieves","floor":19,"turns":5},{"damage":32,"enemies":"3 Cultists","floor":22,"turns":5},{"damage":40,"enemies":"Shelled Parasite and Fungi","floor":27,"turns":4},{"damage":12,"enemies":"Chosen and Byrds","floor":28,"turns":6},{"damage":17,"enemies":"Snecko","floor":29,"turns":4}],"seed_played":"2321493985355666496","potions_obtained":[{"floor":8,"key":"LiquidBronze"},{"floor":13,"key":"AttackPotion"},{"floor":19,"key":"Fire Potion"},{"floor":21,"key":"Fruit Juice"},{"floor":21,"key":"FairyPotion"},{"floor":27,"key":"Poison Potion"}],"is_trial":false,"path_per_floor":["M","?","?","M","$","E","R","M","T","?","?","$","M","M","R","B",null,"M","M","?","?","M","R","$","R","T","M","M","M"],"character_chosen":"DEFECT","items_purchased":["Go for the Eyes","Conserve Battery","Leap"],"campfire_rested":2,"item_purchase_floors":[5,5,24],"current_hp_per_floor":[82,62,62,57,57,34,34,27,27,20,20,20,15,9,33,23,67,57,28,28,33,1,42,42,42,42,4,8,0],"gold":87,"neow_bonus":"ONE_RARE_RELIC","is_prod":false,"is_daily":false,"chose_seed":false,"campfire_upgraded":2,"win_rate":0,"timestamp":1549612610,"path_taken":["M","?","?","M","$","E","R","M","T","?","?","?","M","M","R","BOSS","M","M","?","?","M","R","$","R","T","M","?","M"],"build_version":"2019-01-23","purchased_purges":1,"victory":false,"max_hp_per_floor":[82,82,82,82,82,82,82,82,82,82,82,82,82,82,82,82,82,82,82,82,87,87,87,87,87,87,87,87,87],"card_choices":[{"not_picked":["Barrage","Rebound"],"picked":"Loop","floor":1.0},{"not_picked":["Stack","Hello World"],"picked":"Cold Snap","floor":4.0},{"not_picked":["Rip and Tear","Go for the Eyes"],"picked":"Core Surge","floor":6.0},{"not_picked":["Steam","Streamline"],"picked":"Barrage","floor":8},{"not_picked":["Heatsinks","Darkness"],"picked":"Coolheaded","floor":13},{"not_picked":["Sweeping Beam","Redo"],"picked":"Chaos","floor":14},{"not_picked":["Machine Learning","Buffer"],"picked":"Reboot","floor":16},{"not_picked":["Reinforced Body","Chaos"],"picked":"Capacitor","floor":18},{"not_picked":["Gash","Leap"],"picked":"Chaos+1","floor":19},{"not_picked":["Cold Snap","Hologram","Streamline"],"picked":"SKIP","floor":22},{"not_picked":["Rebound+1","Sweeping Beam"],"picked":"Barrage","floor":27},{"not_picked":["FTL","Barrage"],"picked":"White Noise","floor":28}],"player_experience":705216,"relics_obtained":[{"floor":6.0,"key":"Omamori"},{"floor":9,"key":"Bronze Scales"},{"floor":26,"key":"Blood Vial"}],"event_choices":[{"damage_healed":0.0,"max_hp_gain":0.0,"max_hp_loss":0.0,"gold_gain":0.0,"event_name":"Golden Idol","player_choice":"Take Damage","floor":2.0,"gold_loss":0.0,"damage_taken":20.0,"relics_obtained":["Golden Idol"]},{"damage_healed":0.0,"max_hp_gain":0.0,"max_hp_loss":0.0,"gold_gain":0.0,"event_name":"Living Wall","player_choice":"Grow","floor":3.0,"gold_loss":0.0,"damage_taken":0.0,"cards_upgraded":["Loop"]},{"damage_healed":0,"gold_gain":0,"player_choice":"Success","damage_taken":7,"relics_obtained":["Oddly Smooth Stone"],"max_hp_gain":0,"max_hp_loss":0,"event_name":"Scrap Ooze","floor":10,"gold_loss":0},{"cards_removed":["Strike_B"],"damage_healed":0,"gold_gain":0,"player_choice":"Card Removal","damage_taken":0,"max_hp_gain":0,"max_hp_loss":0,"event_name":"The Cleric","floor":11,"gold_loss":50},{"damage_healed":0,"gold_gain":0,"player_choice":"Obtained Relic","damage_taken":0,"relics_obtained":["Regal Pillow"],"max_hp_gain":0,"max_hp_loss":0,"event_name":"Addict","floor":20,"gold_loss":85},{"damage_healed":0,"gold_gain":0,"player_choice":"Got Potions","damage_taken":0,"max_hp_gain":0,"max_hp_loss":0,"event_name":"Lab","floor":21,"gold_loss":0}],"is_beta":false,"boss_relics":[{"not_picked":["Cursed Key","Snecko Eye"],"picked":"Empty Cage"}],"items_purged_floors":[24],"is_endless":false,"potions_floor_spawned":[8,13,14,19,27],"killed_by":"Snecko","ascension_level":11}