{"gold_per_floor":[111,125,125,145,145,170,170,188,188,188],"floor_reached":10,"playtime":255,"items_purged":[],"score":120,"play_id":"942766e6-075c-4b78-a570-d1579b69e35a","local_time":"20190122190629","is_ascension_mode":true,"campfire_choices":[{"data":"Streamline","floor":7,"key":"SMITH"}],"neow_cost":"NONE","seed_source_timestamp":1180334450866195,"circlet_count":0,"master_deck":["AscendersBane","Strike_B","Strike_B","Strike_B","Defend_B","Defend_B","Defend_B","Defend_B","Zap+1","Dualcast","Glacier","Streamline+1","Glacier","Injury","Cold Snap"],"relics":["Cracked Core","Golden Idol","Pear"],"potions_floor_usage":[10],"damage_taken":[{"damage":2,"enemies":"Jaw Worm","floor":1,"turns":2},{"damage":6,"enemies":"Small Slimes","floor":2,"turns":4},{"damage":5,"enemies":"2 Louse","floor":4,"turns":2},{"damage":11,"enemies":"Lots of Slimes","floor":6,"turns":5},{"damage":26,"enemies":"Large Slime","floor":8,"turns":5},{"damage":37,"enemies":"Gremlin Nob","floor":10,"turns":3}],"seed_played":"4710203209156548339","potions_obtained":[{"floor":8,"key":"Swift Potion"}],"is_trial":false,"path_per_floor":["?","?"],"character_chosen":"DEFECT","items_purchased":[],"campfire_rested":0,"item_purchase_floors":[],"current_hp_per_floor":[62,56,49,44,44,33,33,7,17,0],"gold":188,"neow_bonus":"UPGRADE_CARD","is_prod":false,"is_daily":false,"chose_seed":false,"campfire_upgraded":1,"win_rate":0,"timestamp":1548201989,"path_taken":["M","M","?","M","?","M","R","M","T","E"],"build_version":"2019-01-20","purchased_purges":0,"victory":false,"max_hp_per_floor":[71,71,71,71,71,71,71,71,81,81],"card_choices":[{"not_picked":["Steam","Cold Snap"],"picked":"Glacier","floor":1},{"not_picked":["Steam","Barrage"],"picked":"Streamline","floor":2},{"not_picked":["Gash","Multi-Cast"],"picked":"Glacier","floor":4},{"not_picked":["Redo","Melter","Barrage"],"picked":"SKIP","floor":6},{"not_picked":["Double Energy","Steam"],"picked":"Cold Snap","floor":8}],"player_experience":492579,"relics_obtained":[{"floor":9,"key":"Pear"}],"event_choices":[{"cards_removed":["Strike_B"],"damage_healed":0,"gold_gain":0,"player_choice":"Card Removal","damage_taken":7,"max_hp_gain":0,"max_hp_loss":0,"event_name":"Golden Wing","floor":3,"gold_loss":0},{"damage_healed":0,"gold_gain":0,"player_choice":"Take Wound","damage_taken":0,"relics_obtained":["Golden Idol"],"max_hp_gain":0,"max_hp_loss":0,"event_name":"Golden Idol","floor":5,"gold_loss":0,"cards_obtained":["Injury"]}],"is_beta":true,"boss_relics":[],"items_purged_floors":[],"is_endless":false,"potions_floor_spawned":[8],"killed_by":"Gremlin Nob","ascension_level":20}