{"gold_per_floor":[117,117,117,134,134,161,161,196,196,227,246,311,311,321,321,416,466,476,458,458,0,0,0,26,39,66,97,114,134,134,148,148,247,247,261,279,279,296,296,30,30,40,40,55,68,68,83,97,97,97,97,97,21,48,48],"floor_reached":55,"playtime":5260,"items_purged":["Strike_G"],"score":781,"play_id":"ccb65201-31a1-4fc2-b3d2-a7a4369b2375","local_time":"20190104140205","is_ascension_mode":false,"campfire_choices":[{"floor":7.0,"key":"REST"},{"floor":15.0,"key":"REST"},{"data":"1","floor":23.0,"key":"LIFT"},{"data":"Apotheosis","floor":30.0,"key":"SMITH"},{"floor":32.0,"key":"REST"},{"floor":46.0,"key":"RECALL"},{"data":"2","floor":49.0,"key":"LIFT"},{"data":"3","floor":52.0,"key":"LIFT"}],"neow_cost":"NONE","seed_source_timestamp":0,"circlet_count":0,"master_deck":["Defend_G","Defend_G+1","Defend_G","Defend_G+1","Defend_G","Strike_G+1","Survivor","Neutralize+1","Backflip","Bouncing Flask","Choke","All Out Attack","Dagger Spray","Dagger Spray","Sucker Punch+1","Deadly Poison","Sucker Punch","Glass Knife","Flying Knee+1","Terror+1","Deadly Poison","Apotheosis+1","Conserve Battery","Stack+1","Sunder+1","Body Slam","Corpse Explosion+1","Infinite Blades+1","Seeing Red+1","Shrug It Off","Conserve Battery","Entrench","PiercingWail","Neutralize","Conserve Battery","PiercingWail","Dark Shackles+1"],"special_seed":0,"relics":["Ring of the Snake","Prayer Wheel","PreservedInsect","Thread and Needle","Girya","Bottled Flame","Tiny House","The Specimen","PrismaticShard","Shuriken","Dream Catcher","Oddly Smooth Stone","Singing Bowl","Astrolabe","Membership Card","Bronze Scales","Mummified Hand"],"potions_floor_usage":[55,55,55],"damage_taken":[{"damage":0.0,"enemies":"2 Louse","floor":1.0,"turns":4.0},{"damage":0.0,"enemies":"Small Slimes","floor":4.0,"turns":5.0},{"damage":26.0,"enemies":"3 Sentries","floor":6.0,"turns":13.0},{"damage":7.0,"enemies":"Gremlin Nob","floor":8.0,"turns":4.0},{"damage":10.0,"enemies":"Lagavulin","floor":10.0,"turns":5.0},{"damage":0.0,"enemies":"Cultist","floor":11.0,"turns":3.0},{"damage":0.0,"enemies":"Gremlin Nob","floor":12.0,"turns":3.0},{"damage":0.0,"enemies":"Looter","floor":14.0,"turns":3.0},{"damage":28.0,"enemies":"Hexaghost","floor":16.0,"turns":10.0},{"damage":0.0,"enemies":"Shell Parasite","floor":18.0,"turns":5.0},{"damage":8.0,"enemies":"2 Thieves","floor":19.0,"turns":4.0},{"damage":16.0,"enemies":"Slavers","floor":24.0,"turns":4.0},{"damage":14.0,"enemies":"Centurion and Healer","floor":25.0,"turns":6.0},{"damage":0.0,"enemies":"Gremlin Leader","floor":27.0,"turns":3.0},{"damage":2.0,"enemies":"Cultist and Chosen","floor":28.0,"turns":5.0},{"damage":0.0,"enemies":"Snecko","floor":29.0,"turns":3.0},{"damage":8.0,"enemies":"Shelled Parasite and Fungi","floor":31.0,"turns":6.0},{"damage":68.0,"enemies":"Automaton","floor":33.0,"turns":11.0},{"damage":1.0,"enemies":"Orb Walker","floor":35.0,"turns":4.0},{"damage":0.0,"enemies":"3 Shapes","floor":36.0,"turns":5.0},{"damage":46.0,"enemies":"Spire Growth","floor":38.0,"turns":6.0},{"damage":0.0,"enemies":"Transient","floor":42.0,"turns":5.0},{"damage":0.0,"enemies":"4 Shapes","floor":44.0,"turns":6.0},{"damage":12.0,"enemies":"Writhing Mass","floor":45.0,"turns":7.0},{"damage":7.0,"enemies":"Maw","floor":47.0,"turns":9.0},{"damage":2.0,"enemies":"3 Darklings","floor":48.0,"turns":3.0},{"damage":81.0,"enemies":"Awakened One","floor":50.0,"turns":20.0},{"damage":41.0,"enemies":"Shield and Spear","floor":54.0,"turns":6.0},{"damage":75,"enemies":"The Heart","floor":55,"turns":8}],"seed_played":"8290824631881929075","potions_obtained":[{"floor":4.0,"key":"GamblersBrew"},{"floor":10.0,"key":"EssenceOfSteel"},{"floor":11.0,"key":"FearPotion"},{"floor":16.0,"key":"Weak Potion"},{"floor":17.0,"key":"LiquidBronze"},{"floor":24.0,"key":"Block Potion"},{"floor":25.0,"key":"Explosive Potion"},{"floor":27.0,"key":"Regen Potion"},{"floor":28.0,"key":"Energy Potion"},{"floor":33.0,"key":"Dexterity Potion"},{"floor":35.0,"key":"SkillPotion"},{"floor":38.0,"key":"Energy Potion"},{"floor":42.0,"key":"Regen Potion"},{"floor":45.0,"key":"Block Potion"},{"floor":48.0,"key":"GhostInAJar"},{"floor":54.0,"key":"PowerPotion"}],"is_trial":false,"path_per_floor":["M","?","?","M","$","E","R","E","T","E","M","?","?","M","R","B",null,"M","M","T","$","?","R","E","M","T","E","M","M","R","M","R","B",null,"M","M","?","M","?","$","?","M","T","M","M","R","M","M","R","B",null,"R","$","E","B"],"character_chosen":"THE_SILENT","items_purchased":["PrismaticShard","Shuriken","Membership Card","PiercingWail","Bronze Scales"],"campfire_rested":3,"item_purchase_floors":[21,21,40,40,53],"current_hp_per_floor":[70,56,70,70,70,44,65,58,58,48,48,48,48,48,69,41,75,75,67,67,67,67,67,51,37,37,39,54,58,58,52,79,13,89,88,90,90,46,81,81,81,83,83,87,89,89,84,84,84,3,95,95,95,56,0],"gold":48,"neow_bonus":"UPGRADE_CARD","is_prod":false,"is_daily":false,"chose_seed":false,"campfire_upgraded":1,"win_rate":0,"timestamp":1546628525,"path_taken":["M","?","?","M","$","E","R","E","T","E","M","?","?","M","R","BOSS","M","M","?","$","?","R","E","M","T","E","M","M","R","M","R","BOSS","M","M","?","M","?","$","?","?","T","M","M","R","M","M","R","BOSS","R","$","E","BOSS"],"build_version":"2019-01-03v3","purchased_purges":1,"victory":false,"max_hp_per_floor":[70,70,70,70,70,70,70,70,70,70,70,70,70,70,70,70,75,75,75,75,75,75,75,75,75,75,77,79,83,83,85,87,89,89,89,91,91,93,81,81,81,83,83,87,91,91,93,95,95,95,95,95,95,97,97],"card_choices":[{"not_picked":["Dodge and Roll","Cloak And Dagger"],"picked":"Backflip","floor":1.0},{"not_picked":["Dodge and Roll","Sucker Punch"],"picked":"Bouncing Flask","floor":4.0},{"not_picked":["Well Laid Plans","Dagger Throw","Bane"],"picked":"SKIP","floor":6.0},{"not_picked":["Heel Hook","Prepared"],"picked":"Choke","floor":8.0},{"not_picked":["Prepared","Heel Hook"],"picked":"All Out Attack","floor":10.0},{"not_picked":["Endless Agony","Dodge and Roll"],"picked":"Dagger Spray","floor":11.0},{"not_picked":["Slice","Eviscerate"],"picked":"Dagger Spray","floor":11.0},{"not_picked":["Acrobatics","Eviscerate"],"picked":"Sucker Punch","floor":12.0},{"not_picked":["Cloak And Dagger","Slice"],"picked":"Deadly Poison","floor":14.0},{"not_picked":["Venomology","Cloak And Dagger"],"picked":"Sucker Punch","floor":14.0},{"not_picked":["Doppelganger","A Thousand Cuts"],"picked":"Glass Knife","floor":16.0},{"not_picked":["Well Laid Plans+1","Blade Dance"],"picked":"Flying Knee+1","floor":18.0},{"not_picked":["Eviscerate","Quick Slash","Setup"],"picked":"SKIP","floor":18.0},{"not_picked":["Outmaneuver","Cloak And Dagger"],"picked":"Terror+1","floor":19.0},{"not_picked":["Acrobatics","Poisoned Stab"],"picked":"Deadly Poison","floor":19.0},{"not_picked":["Heavy Blade","Reprogram"],"picked":"Apotheosis","floor":24.0},{"not_picked":["Warcry","Steam+1"],"picked":"Conserve Battery","floor":25.0},{"not_picked":["Headbutt","Cloak And Dagger+1"],"picked":"Stack+1","floor":25.0},{"not_picked":["Reinforced Body+1","Bandage Up","True Grit"],"picked":"Singing Bowl","floor":27.0},{"not_picked":["Barrage+1","Flying Knee"],"picked":"Sunder+1","floor":28.0},{"not_picked":["Barrage+1","Scrape","Stack"],"picked":"Singing Bowl","floor":28.0},{"not_picked":["Madness+1","Dagger Throw","Grand Finale"],"picked":"Singing Bowl","floor":29.0},{"not_picked":["Prepared","Undo","Blind"],"picked":"Singing Bowl","floor":29.0},{"not_picked":["Rebound","Beam Cell","Riddle With Holes"],"picked":"Singing Bowl","floor":31.0},{"not_picked":["Backflip","Clothesline"],"picked":"Body Slam","floor":31.0},{"not_picked":["Clothesline+1","Go for the Eyes","True Grit+1"],"picked":"Singing Bowl","floor":32.0},{"not_picked":["Machine Learning","Secret Technique","Seek"],"picked":"Singing Bowl","floor":33.0},{"not_picked":["Trip","Masterful Stab+1"],"picked":"Seeing Red+1","floor":35.0},{"not_picked":["FTL+1","Trip+1"],"picked":"Shrug It Off","floor":35.0},{"not_picked":["Reprogram","Steam Power+1","Flash of Steel+1"],"picked":"Singing Bowl","floor":36.0},{"not_picked":["Gash","Finisher+1"],"picked":"Conserve Battery","floor":36.0},{"not_picked":["Calculated Gamble","Intimidate"],"picked":"Entrench","floor":38.0},{"not_picked":["Bandage Up","Streamline","Wild Strike"],"picked":"Singing Bowl","floor":38.0},{"not_picked":["Dagger Throw+1","Jack Of All Trades+1"],"picked":"Conserve Battery","floor":42.0},{"not_picked":["Deflect+1","Leap+1","Dodge and Roll+1"],"picked":"Singing Bowl","floor":42.0},{"not_picked":["Scrape+1","Lockon+1","Offering"],"picked":"Singing Bowl","floor":44.0},{"not_picked":["Outmaneuver+1","Burning Pact+1","Bandage Up+1"],"picked":"Singing Bowl","floor":44.0},{"not_picked":["Reflex","FTL+1","Dagger Throw"],"picked":"Singing Bowl","floor":45.0},{"not_picked":["Heavy Blade","Clothesline+1","Dodge and Roll+1"],"picked":"Singing Bowl","floor":45.0},{"not_picked":["Lockon+1","Blade Dance+1","Compile Driver"],"picked":"Singing Bowl","floor":47.0},{"not_picked":["Shrug It Off","Prepared"],"picked":"PiercingWail","floor":47.0},{"not_picked":["Fire Breathing+1","Fusion+1","Dodge and Roll+1"],"picked":"Singing Bowl","floor":48.0},{"not_picked":["Reinforced Body","Havoc"],"picked":"Dark Shackles+1","floor":48.0},{"not_picked":["HandOfGreed","Bane+1","Barrage"],"picked":"Singing Bowl","floor":54.0}],"player_experience":423638,"relics_obtained":[{"floor":6.0,"key":"Prayer Wheel"},{"floor":8.0,"key":"PreservedInsect"},{"floor":9.0,"key":"Thread and Needle"},{"floor":10.0,"key":"Girya"},{"floor":12.0,"key":"Bottled Flame"},{"floor":20.0,"key":"The Specimen"},{"floor":24.0,"key":"Dream Catcher"},{"floor":26.0,"key":"Oddly Smooth Stone"},{"floor":27.0,"key":"Singing Bowl"},{"floor":54.0,"key":"Mummified Hand"}],"event_choices":[{"damage_healed":0.0,"max_hp_gain":0.0,"max_hp_loss":0.0,"gold_gain":0.0,"event_name":"Shining Light","player_choice":"Entered Light","floor":2.0,"gold_loss":0.0,"damage_taken":14.0,"cards_upgraded":["Strike_G","Defend_G"]},{"damage_healed":23.0,"max_hp_gain":0.0,"max_hp_loss":0.0,"gold_gain":0.0,"event_name":"Big Fish","player_choice":"Banana","floor":3.0,"gold_loss":0.0,"damage_taken":0.0},{"damage_healed":0.0,"max_hp_gain":0.0,"max_hp_loss":0.0,"gold_gain":0.0,"event_name":"Dead Adventurer","player_choice":"Searched \u00272\u0027 times","floor":12.0,"gold_loss":0.0,"damage_taken":0.0},{"damage_healed":0.0,"max_hp_gain":0.0,"max_hp_loss":0.0,"gold_gain":0.0,"event_name":"Accursed Blacksmith","player_choice":"Forge","floor":13.0,"gold_loss":0.0,"damage_taken":0.0,"cards_upgraded":["Sucker Punch"]},{"cards_removed":["Tools of the Trade"],"damage_healed":0.0,"max_hp_gain":0.0,"max_hp_loss":0.0,"gold_gain":0.0,"event_name":"Falling","player_choice":"Removed Power","floor":37.0,"gold_loss":0.0,"damage_taken":0.0},{"damage_healed":81.0,"max_hp_gain":0.0,"max_hp_loss":12.0,"gold_gain":0.0,"event_name":"The Moai Head","player_choice":"Heal","floor":39.0,"gold_loss":0.0,"damage_taken":0.0},{"damage_healed":0.0,"max_hp_gain":0.0,"max_hp_loss":0.0,"gold_gain":0.0,"event_name":"Match and Keep!","player_choice":"1 cards matched","floor":41.0,"gold_loss":0.0,"damage_taken":0.0,"cards_obtained":["Neutralize"]}],"is_beta":false,"boss_relics":[{"not_picked":["Runic Pyramid","Snecko Eye"],"picked":"Tiny House"},{"not_picked":["Coffee Dripper","Ring of the Serpent"],"picked":"Astrolabe"}],"items_purged_floors":[40],"is_endless":false,"potions_floor_spawned":[4,10,11,16,24,25,27,28,33,35,38,42,45,48,54],"killed_by":"The Heart","ascension_level":0}