{"gold_per_floor":[112,124,3,18,29,29,39,39,39,73,73,86,86,100,100,100],"floor_reached":16,"playtime":1044,"items_purged":["Strike_R"],"score":104,"play_id":"f29d23d1-ce6b-4f8f-99a7-0c6db5f57d94","local_time":"20181210025650","is_ascension_mode":false,"campfire_choices":[{"data":"Body Slam","floor":6,"key":"SMITH"},{"data":"Iron Wave","floor":11,"key":"SMITH"},{"data":"Second Wind","floor":13,"key":"SMITH"},{"data":"Defend_R","floor":15,"key":"SMITH"}],"neow_cost":"NONE","seed_source_timestamp":879971537749383,"circlet_count":0,"master_deck":["Strike_R","Strike_R","Strike_R","Strike_R","Defend_R","Defend_R","Defend_R","Defend_R+1","Bash","Body Slam+1","Iron Wave+1","Second Wind+1"],"relics":["Burning Blood","Ice Cream","Gremlin Horn"],"potions_floor_usage":[7,16],"damage_taken":[{"damage":6,"enemies":"Jaw Worm","floor":1,"turns":4},{"damage":1,"enemies":"Cultist","floor":2,"turns":3},{"damage":3,"enemies":"Small Slimes","floor":4,"turns":4},{"damage":5,"enemies":"Red Slaver","floor":5,"turns":4},{"damage":0,"enemies":"Looter","floor":7,"turns":3},{"damage":24,"enemies":"Gremlin Nob","floor":10,"turns":5},{"damage":6,"enemies":"2 Fungi Beasts","floor":12,"turns":4},{"damage":8,"enemies":"Exordium Thugs","floor":14,"turns":5},{"damage":73,"enemies":"The Guardian","floor":16,"turns":16}],"seed_played":"5382884558295342228","potions_obtained":[{"floor":2,"key":"PowerPotion"},{"floor":7,"key":"SpeedPotion"},{"floor":8,"key":"EntropicBrew"},{"floor":8,"key":"Energy Potion"}],"is_trial":false,"path_per_floor":["M","M","$","M","M","R","M","?","T","E","R","M","R","M","R","B"],"character_chosen":"IRONCLAD","items_purchased":["Iron Wave"],"campfire_rested":0,"item_purchase_floors":[3],"current_hp_per_floor":[88,88,88,88,88,88,88,88,88,70,70,70,70,68,68,0],"gold":100,"neow_bonus":"TEN_PERCENT_HP_BONUS","is_prod":false,"is_daily":false,"chose_seed":false,"campfire_upgraded":4,"win_rate":0,"timestamp":1544428610,"path_taken":["M","M","$","M","M","R","M","?","T","E","R","M","R","M","R","BOSS"],"build_version":"2018-12-06","purchased_purges":1,"victory":false,"max_hp_per_floor":[88,88,88,88,88,88,88,88,88,88,88,88,88,88,88,88],"card_choices":[{"not_picked":["Rampage","Cleave"],"picked":"Body Slam","floor":1},{"not_picked":["Corruption","Headbutt","Anger"],"picked":"SKIP","floor":2},{"not_picked":["Battle Trance","Blood for Blood","Clothesline"],"picked":"SKIP","floor":4},{"not_picked":["Anger","Feel No Pain","Dropkick"],"picked":"SKIP","floor":5},{"not_picked":["Flex","Clash"],"picked":"Second Wind","floor":7},{"not_picked":["Second Wind","Clash","Hemokinesis"],"picked":"SKIP","floor":10},{"not_picked":["Headbutt","Fire Breathing","Shockwave"],"picked":"SKIP","floor":12},{"not_picked":["Havoc","Anger","Whirlwind"],"picked":"SKIP","floor":14}],"player_experience":226819,"relics_obtained":[{"floor":9,"key":"Ice Cream"},{"floor":10,"key":"Gremlin Horn"}],"event_choices":[{"damage_healed":0,"gold_gain":0,"player_choice":"Got Potions","damage_taken":0,"max_hp_gain":0,"max_hp_loss":0,"event_name":"Lab","floor":8,"gold_loss":0}],"is_beta":false,"boss_relics":[],"items_purged_floors":[3],"is_endless":false,"potions_floor_spawned":[2,7],"killed_by":"The Guardian","ascension_level":0}