{"gold_per_floor":[113,113,133,146,146,181,181,216,263,280,280,306,320,19,19,94,94,114,114,130,161,180,180],"floor_reached":23,"playtime":1434,"items_purged":[],"score":369,"play_id":"9456f14d-a9ec-4236-bfc0-a00a1aaeff1c","local_time":"20180711082958","is_ascension_mode":true,"campfire_choices":[{"floor":7,"key":"REST"},{"floor":11,"key":"REST"},{"floor":15,"key":"REST"}],"neow_cost":"CURSE","seed_source_timestamp":199500387676920,"circlet_count":0,"master_deck":["Defend_G","Defend_G","Defend_G","Defend_G","Defend_G","Strike_G","Strike_G","Strike_G","Strike_G+1","Strike_G","Survivor+1","Neutralize","AscendersBane","Parasite","Noxious Fumes","All Out Attack","Dodge and Roll","Adrenaline","Glass Knife","Well Laid Plans","Deflect+1","After Image","Dagger Spray+1","Blur+1","Backflip+1"],"relics":["Ring of the Snake","Ice Cream","Blue Candle","Lantern","Oddly Smooth Stone","Mummified Hand","Toxic Egg 2","Fusion Hammer","Red Mask"],"potions_floor_usage":[6,12,12,20,20],"damage_taken":[{"damage":2,"enemies":"2 Louse","floor":1,"turns":5},{"damage":0,"enemies":"Small Slimes","floor":3,"turns":4},{"damage":1,"enemies":"Jaw Worm","floor":4,"turns":5},{"damage":26,"enemies":"3 Sentries","floor":6,"turns":8},{"damage":23,"enemies":"Lagavulin","floor":8,"turns":9},{"damage":0,"enemies":"2 Fungi Beasts","floor":10,"turns":3},{"damage":18,"enemies":"Gremlin Nob","floor":12,"turns":4},{"damage":0,"enemies":"Blue Slaver","floor":13,"turns":4},{"damage":17,"enemies":"The Guardian","floor":16,"turns":14},{"damage":16,"enemies":"2 Thieves","floor":18,"turns":5},{"damage":0,"enemies":"Chosen","floor":20,"turns":5},{"damage":31,"floor":21,"turns":6},{"damage":0,"enemies":"Centurion and Healer","floor":22,"turns":7},{"damage":12,"enemies":"Book of Stabbing","floor":23,"turns":4}],"seed_played":"-6479617946438796689","potions_obtained":[{"floor":3,"key":"SpeedPotion"},{"floor":8,"key":"GamblersBrew"},{"floor":10,"key":"Weak Potion"},{"floor":16,"key":"Strength Potion"},{"floor":18,"key":"AttackPotion"}],"is_trial":false,"path_per_floor":["M","?","M","M","?","E","R","E","T","M","R","E","M","$","R","B",null,"M","?","M","?","M"],"character_chosen":"THE_SILENT","items_purchased":["Toxic Egg 2","Deflect+1"],"campfire_rested":3,"item_purchase_floors":[14,14],"current_hp_per_floor":[57,62,62,61,40,14,35,12,12,12,33,15,15,15,36,19,58,42,42,42,11,11,0],"gold":180,"neow_bonus":"ONE_RARE_RELIC","is_prod":false,"is_daily":false,"chose_seed":false,"campfire_upgraded":0,"win_rate":0,"timestamp":1531290598,"path_taken":["M","?","M","M","?","E","R","E","T","M","R","E","M","$","R","BOSS","M","?","M","?","?","E"],"build_version":"2018-07-05","purchased_purges":0,"victory":false,"max_hp_per_floor":[66,71,71,71,71,71,71,71,71,71,71,71,71,71,71,71,71,71,71,71,71,71,71],"card_choices":[{"not_picked":["Heel Hook","Prepared"],"picked":"Noxious Fumes","floor":1},{"not_picked":["Bane","Deflect"],"picked":"All Out Attack","floor":3},{"not_picked":["Poisoned Stab","Noxious Fumes"],"picked":"Dodge and Roll","floor":4},{"not_picked":["Predator","Slice"],"picked":"Adrenaline","floor":6},{"not_picked":["Die Die Die","Dagger Spray"],"picked":"Glass Knife","floor":8},{"not_picked":["Concentrate","Cloak And Dagger","Prepared"],"picked":"SKIP","floor":10},{"not_picked":["Crippling Poison","Catalyst"],"picked":"Well Laid Plans","floor":12},{"not_picked":["Slice","Quick Slash","Reflex"],"picked":"SKIP","floor":13},{"not_picked":["Adrenaline+1","A Thousand Cuts"],"picked":"After Image","floor":16},{"not_picked":["Dagger Throw","All Out Attack"],"picked":"Dagger Spray+1","floor":18},{"not_picked":["Dagger Throw","Poisoned Stab","Blade Dance+1"],"picked":"SKIP","floor":20},{"not_picked":["Eviscerate","Escape Plan+1"],"picked":"Blur+1","floor":21},{"not_picked":["All Out Attack","Endless Agony"],"picked":"Backflip+1","floor":22}],"player_experience":805689,"relics_obtained":[{"floor":6,"key":"Blue Candle"},{"floor":8,"key":"Lantern"},{"floor":9,"key":"Oddly Smooth Stone"},{"floor":12,"key":"Mummified Hand"},{"floor":21,"key":"Red Mask"}],"event_choices":[{"event_name":"Big Fish","player_choice":"Donut","floor":2,"damage_taken":0},{"event_name":"Shining Light","player_choice":"Entered Light","floor":5,"damage_taken":0},{"event_name":"Match and Keep!","player_choice":"0 cards matched","floor":19,"damage_taken":0},{"event_name":"Masked Bandits","player_choice":"Fought over 130 gold","floor":21,"damage_taken":0}],"boss_relics":[{"not_picked":["Lizard Tail","Empty Cage"],"picked":"Fusion Hammer"}],"items_purged_floors":[],"is_endless":false,"potions_floor_spawned":[3,8,10,16,18],"killed_by":"Book of Stabbing","ascension_level":15}