{"gold_per_floor":[118,118,98,10,20,52,62,62,62,62,87,87,100,100],"floor_reached":14,"playtime":667,"items_purged":[],"score":196,"play_id":"31911e39-b8df-4906-990c-df07b0efc914","local_time":"20190303170833","is_ascension_mode":true,"campfire_choices":[{"data":"Zap","floor":8.0,"key":"SMITH"},{"data":"Hologram","floor":10.0,"key":"SMITH"},{"data":"Defragment","floor":12.0,"key":"SMITH"}],"neow_cost":"TEN_PERCENT_HP_LOSS","seed_source_timestamp":204407053166020,"circlet_count":0,"master_deck":["AscendersBane","Strike_B+1","Strike_B","Defend_B","Defend_B","Defend_B","Zap+1","Dualcast","Blizzard","Genetic Algorithm","Coolheaded","Rip and Tear+1","Conserve Battery","Doom and Gloom","Hologram+1","Defragment+1","Ball Lightning"],"special_seed":0,"relics":["Cracked Core","Kunai","Whetstone","Potion Belt"],"potions_floor_usage":[],"damage_taken":[{"damage":7.0,"enemies":"Small Slimes","floor":1.0,"turns":4.0},{"damage":0.0,"enemies":"Cultist","floor":5.0,"turns":3.0},{"damage":29.0,"enemies":"Gremlin Nob","floor":6.0,"turns":4.0},{"damage":1.0,"enemies":"2 Louse","floor":7.0,"turns":3.0},{"damage":15.0,"enemies":"Lagavulin","floor":11.0,"turns":6.0},{"damage":2.0,"enemies":"Blue Slaver","floor":13.0,"turns":4.0},{"damage":0,"enemies":"Large Slime","floor":14,"turns":1}],"seed_played":"-228293347994010063","potions_obtained":[{"floor":3.0,"key":"Fruit Juice"},{"floor":5.0,"key":"Swift Potion"},{"floor":13.0,"key":"EssenceOfSteel"}],"is_trial":false,"path_per_floor":["M","?","?","$","M","E","M","R","T","R","E","R","M","M"],"character_chosen":"DEFECT","items_purchased":["Rip and Tear"],"campfire_rested":0,"item_purchase_floors":[4],"current_hp_per_floor":[57,50,50,55,55,26,25,25,25,25,10,10,8,8],"gold":100,"neow_bonus":"TRANSFORM_TWO_CARDS","is_prod":false,"is_daily":false,"chose_seed":false,"campfire_upgraded":3,"win_rate":0,"timestamp":1551650913,"path_taken":["M","?","?","$","M","E","M","R","T","R","E","R","M","M"],"build_version":"2019-01-23","purchased_purges":0,"victory":false,"max_hp_per_floor":[64,64,64,69,69,69,69,69,69,69,69,69,69,69],"card_choices":[{"not_picked":["Steam","BootSequence"],"picked":"Coolheaded","floor":1.0},{"not_picked":["Aggregate","Stack"],"picked":"Conserve Battery","floor":5.0},{"not_picked":["Turbo","Conserve Battery"],"picked":"Doom and Gloom","floor":6.0},{"not_picked":["Consume","Double Energy"],"picked":"Hologram","floor":7.0},{"not_picked":["Blizzard","Barrage"],"picked":"Defragment","floor":11.0},{"not_picked":["Melter","Hello World"],"picked":"Ball Lightning","floor":13.0}],"player_experience":670000,"relics_obtained":[{"floor":6.0,"key":"Kunai"},{"floor":9.0,"key":"Whetstone"},{"floor":11.0,"key":"Potion Belt"}],"event_choices":[{"cards_removed":["Defend_B"],"damage_healed":0.0,"max_hp_gain":0.0,"max_hp_loss":0.0,"gold_gain":0.0,"event_name":"Golden Wing","player_choice":"Card Removal","floor":2.0,"gold_loss":0.0,"damage_taken":7.0},{"damage_healed":0.0,"max_hp_gain":0.0,"max_hp_loss":0.0,"gold_gain":0.0,"event_name":"The Woman in Blue","player_choice":"Bought 1 Potion","floor":3.0,"gold_loss":0.0,"damage_taken":0.0}],"is_beta":false,"boss_relics":[],"items_purged_floors":[],"is_endless":false,"potions_floor_spawned":[5,13],"killed_by":"Large Slime","ascension_level":20}