{"gold_per_floor":[115,115,115,190,207,233,252,286,309,309,329,355,27,39,39,115,115,130,130,130,143,143],"floor_reached":22,"playtime":960,"items_purged":["Strike_R"],"score":347,"play_id":"df8a16d5-a11f-42ea-b29b-b7509c058e10","local_time":"20190305082931","is_ascension_mode":true,"campfire_choices":[{"floor":10.0,"key":"REST"},{"data":"Flame Barrier","floor":15.0,"key":"SMITH"}],"neow_cost":"NONE","seed_source_timestamp":0,"circlet_count":0,"master_deck":["AscendersBane","Strike_R+1","Strike_R+1","Strike_R+1","Strike_R+1","Defend_R+1","Defend_R+1","Defend_R+1","Defend_R+1","Bash","Flame Barrier+1","Ghostly Armor","Pommel Strike","Dropkick","Twin Strike","Spot Weakness","Gash","Secret Technique","Streamline","Reprogram","Prepared","Conserve Battery","Flex+1","Gash","Well Laid Plans"],"special_seed":0,"relics":["Burning Blood","Orichalcum","Art of War","Unceasing Top","Vajra","Smiling Mask","PrismaticShard","Orrery"],"potions_floor_usage":[],"damage_taken":[{"damage":20.0,"enemies":"Small Slimes","floor":1.0,"turns":5.0},{"damage":1.0,"enemies":"2 Louse","floor":5.0,"turns":3.0},{"damage":25.0,"enemies":"Lagavulin","floor":6.0,"turns":9.0},{"damage":0.0,"enemies":"Cultist","floor":7.0,"turns":4.0},{"damage":25.0,"enemies":"Gremlin Nob","floor":8.0,"turns":5.0},{"damage":3.0,"enemies":"Red Slaver","floor":11.0,"turns":7.0},{"damage":44.0,"enemies":"Lagavulin","floor":12.0,"turns":9.0},{"damage":0.0,"enemies":"2 Fungi Beasts","floor":14.0,"turns":2.0},{"damage":20,"enemies":"The Guardian","floor":16,"turns":12},{"damage":22,"enemies":"Spheric Guardian","floor":18,"turns":5},{"damage":22,"enemies":"Shell Parasite","floor":21,"turns":5},{"damage":44,"enemies":"3 Cultists","floor":22,"turns":5}],"seed_played":"-8462146640399883015","potions_obtained":[{"floor":1.0,"key":"AttackPotion"},{"floor":5.0,"key":"Block Potion"},{"floor":7.0,"key":"Energy Potion"},{"floor":12.0,"key":"SteroidPotion"},{"floor":18,"key":"Ancient Potion"}],"is_trial":false,"path_per_floor":["M","?","?","?","M","E","M","E","T","R","M","E","$","M","R","B",null,"M","?","?","M","M"],"character_chosen":"IRONCLAD","items_purchased":["Spot Weakness","PrismaticShard"],"campfire_rested":1,"item_purchase_floors":[13,13],"current_hp_per_floor":[61,66,59,51,56,37,43,24,24,50,53,15,15,21,21,7,67,51,51,51,35,0],"gold":143,"neow_bonus":"TEN_PERCENT_HP_BONUS","is_prod":false,"is_daily":false,"chose_seed":false,"campfire_upgraded":1,"win_rate":0,"timestamp":1551763771,"path_taken":["M","?","?","?","M","E","M","E","T","R","?","E","?","M","R","BOSS","M","?","?","M","M"],"build_version":"2019-01-23","purchased_purges":1,"victory":false,"max_hp_per_floor":[82,87,87,87,87,87,87,87,87,87,87,87,87,87,87,87,87,87,87,87,87,87],"card_choices":[{"not_picked":["Power Through","Combust"],"picked":"Flame Barrier","floor":1.0},{"not_picked":["Combust","Battle Trance"],"picked":"Ghostly Armor","floor":5.0},{"not_picked":["Warcry","True Grit"],"picked":"Pommel Strike","floor":6.0},{"not_picked":["Anger","Havoc","Rupture"],"picked":"SKIP","floor":7.0},{"not_picked":["Iron Wave","Entrench"],"picked":"Dropkick","floor":8.0},{"not_picked":["Sentinel","Pommel Strike"],"picked":"Twin Strike","floor":11.0},{"not_picked":["Evolve","Reckless Charge","Clothesline"],"picked":"SKIP","floor":12.0},{"not_picked":["Quick Slash","Wild Strike"],"picked":"Gash","floor":14.0},{"not_picked":["Echo Form","Storm of Steel"],"picked":"Secret Technique","floor":16},{"not_picked":["Coolheaded","Twin Strike"],"picked":"Streamline","floor":17},{"not_picked":["PanicButton","Pommel Strike"],"picked":"Reprogram","floor":17},{"not_picked":["Underhanded Strike","Expertise"],"picked":"Prepared","floor":17},{"not_picked":["PiercingWail","Anger"],"picked":"Conserve Battery","floor":17},{"not_picked":["Underhanded Strike","Sucker Punch"],"picked":"Flex+1","floor":18},{"not_picked":["Underhanded Strike","Compile Driver"],"picked":"Well Laid Plans","floor":21}],"player_experience":373452,"relics_obtained":[{"floor":6.0,"key":"Art of War"},{"floor":8.0,"key":"Unceasing Top"},{"floor":9.0,"key":"Vajra"},{"floor":12.0,"key":"Smiling Mask"}],"event_choices":[{"damage_healed":0.0,"max_hp_gain":5.0,"max_hp_loss":0.0,"gold_gain":0.0,"event_name":"Big Fish","player_choice":"Donut","floor":2.0,"gold_loss":0.0,"damage_taken":0.0},{"damage_healed":0.0,"max_hp_gain":0.0,"max_hp_loss":0.0,"gold_gain":0.0,"event_name":"Scrap Ooze","player_choice":"Success","floor":3.0,"gold_loss":0.0,"damage_taken":7.0,"relics_obtained":["Orichalcum"]},{"damage_healed":0.0,"max_hp_gain":0.0,"max_hp_loss":0.0,"gold_gain":75.0,"event_name":"FaceTrader","player_choice":"Touch","floor":4.0,"gold_loss":0.0,"damage_taken":8.0},{"damage_healed":0,"gold_gain":0,"player_choice":"Simplicity","damage_taken":0,"max_hp_gain":0,"max_hp_loss":0,"event_name":"Back to Basics","floor":19,"gold_loss":0,"cards_upgraded":["Strike_R","Strike_R","Strike_R","Strike_R","Defend_R","Defend_R","Defend_R","Defend_R"]},{"damage_healed":0,"gold_gain":0,"player_choice":"Copied","damage_taken":0,"max_hp_gain":0,"max_hp_loss":0,"event_name":"Duplicator","floor":20,"gold_loss":0,"cards_obtained":["Gash"]}],"is_beta":false,"boss_relics":[{"not_picked":["Busted Crown","Coffee Dripper"],"picked":"Orrery"}],"items_purged_floors":[13],"is_endless":false,"potions_floor_spawned":[1,5,7,12,18],"killed_by":"3 Cultists","ascension_level":14}