{"path_per_floor":["M","M","?","?","M","R","M","R","T","M","R","M","M","T","R","B",null,"M","?","$","M","?","E","R","M","T","M","M","R","$","M","R"],"character_chosen":"DEFECT","items_purchased":["Prayer Wheel","Mercury Hourglass"],"gold_per_floor":[115,134,209,209,219,219,236,236,304,321,321,339,357,357,357,462,462,480,480,66,78,168,200,200,215,215,225,235,235,235,255,255,255],"floor_reached":33,"campfire_rested":6,"playtime":1910,"current_hp_per_floor":[75,74,63,63,51,51,39,61,61,43,65,44,35,35,57,22,75,73,73,73,64,32,14,36,35,35,25,26,48,48,30,52,0],"items_purged":[],"gold":255,"score":261,"play_id":"6e9b4ead-7d05-4543-8ecd-be76df7378d1","local_time":"20180428091420","is_prod":false,"is_daily":false,"chose_seed":false,"is_ascension_mode":false,"campfire_upgraded":1,"timestamp":1524870860,"path_taken":["M","M","?","?","?","R","M","R","T","M","R","M","?","?","R","BOSS","M","?","$","?","?","E","R","M","T","?","M","R","$","M","R","BOSS"],"build_version":"2018-04-26v2","seed_source_timestamp":1411688461336,"purchased_purges":0,"victory":false,"master_deck":["Strike_B","Strike_B","Strike_B","Strike_B","Defend_B","Defend_B","Defend_B","Defend_B","Zap+1","Dualcast","Undo","Blizzard","Regret","Allocate+1","Static Discharge","Chill","Chaos","Go for the Eyes","Rainbow","Glacier","Glacier","Barrage","Glacier","Chill","Darkness","Melter+1","Good Instincts","Cold Snap+1","Hello World+1","Coolheaded+1","Impulse","Streamline+1","Blaster","Streamline+1"],"max_hp_per_floor":[75,75,75,75,75,75,75,75,75,75,75,75,75,75,75,75,75,75,75,75,75,75,75,75,75,75,75,75,75,75,75,75,75],"relics":["Cracked Core","Bronze Scales","Bottled Lightning","Dream Catcher","Orrery","Prayer Wheel","Mercury Hourglass","Pantograph","Bird Faced Urn"],"card_choices":[{"not_picked":["Conserve Battery","Leap"],"picked":"Undo","floor":1},{"not_picked":["Reprogram","Beam Cell"],"picked":"Blizzard","floor":2},{"not_picked":["Static Discharge","Defragment"],"picked":"Allocate","floor":5},{"not_picked":["Axe Kick","Buffer"],"picked":"Static Discharge","floor":7},{"not_picked":["Hologram","Buffer"],"picked":"Chill","floor":10},{"not_picked":["Skim","Ball Lightning"],"picked":"Chaos","floor":12},{"not_picked":["Buffer","Tempest"],"picked":"Go for the Eyes","floor":13},{"not_picked":["All For One","Thunder Strike"],"picked":"Rainbow","floor":16},{"not_picked":["Beam Cell","Hologram"],"picked":"Glacier","floor":17},{"not_picked":["Ball Lightning","Axe Kick"],"picked":"Glacier","floor":17},{"not_picked":["FTL","Axe Kick"],"picked":"Barrage","floor":17},{"not_picked":["Fission","Genetic Algorithm"],"picked":"Glacier","floor":17},{"not_picked":["Conserve Battery","Coolheaded"],"picked":"Chill","floor":17},{"not_picked":["Axe Kick","Go for the Eyes"],"picked":"Darkness","floor":18},{"not_picked":["Cold Snap","Leap"],"picked":"Melter","floor":21},{"not_picked":["Fusion","Impulse"],"picked":"Cold Snap","floor":23},{"not_picked":["Impulse","Cold Snap"],"picked":"Hello World","floor":25},{"not_picked":["Sweeping Beam","Auto Shields"],"picked":"Coolheaded","floor":26},{"not_picked":["Beam Cell","Rebound"],"picked":"Impulse","floor":27},{"not_picked":["Reboot","Chaos"],"picked":"Streamline","floor":28},{"not_picked":["Barrage","Ball Lightning"],"picked":"Blaster","floor":29},{"not_picked":["Conserve Battery","Buffer"],"picked":"Streamline","floor":31}],"player_experience":150129,"potions_floor_usage":[7,7,13,16,23,25,27,28],"damage_taken":[{"damage":0,"enemies":"2 Louse","floor":1,"turns":2},{"damage":1,"enemies":"Jaw Worm","floor":2,"turns":3},{"damage":12,"enemies":"Small Slimes","floor":5,"turns":3},{"damage":15,"enemies":"Exordium Wildlife","floor":7,"turns":3},{"damage":18,"enemies":"Looter","floor":10,"turns":3},{"damage":21,"enemies":"Lots of Slimes","floor":12,"turns":3},{"damage":9,"enemies":"Gremlin Gang","floor":13,"turns":3},{"damage":35,"enemies":"Hexaghost","floor":16,"turns":10},{"damage":2,"enemies":"3 Byrds","floor":18,"turns":4},{"damage":9,"enemies":"Shell Parasite","floor":21,"turns":5},{"damage":18,"enemies":"Book of Stabbing","floor":23,"turns":5},{"damage":1,"enemies":"Cultist and Chosen","floor":25,"turns":7},{"damage":21,"enemies":"Snake Plant","floor":27,"turns":3},{"damage":23,"enemies":"Slaver and Parasite","floor":28,"turns":6},{"damage":27,"enemies":"Snecko","floor":31,"turns":4},{"damage":82,"enemies":"Collector","floor":33,"turns":10}],"event_choices":[{"event_name":"World of Goop","player_choice":"Gather Gold","floor":3,"damage_taken":0},{"event_name":"Big Fish","player_choice":"Box","floor":4,"damage_taken":0},{"event_name":"Drug Dealer","player_choice":"Ignored","floor":19,"damage_taken":0},{"event_name":"Knowing Skull","player_choice":"CARD POTION GOLD ","floor":22,"damage_taken":0}],"boss_relics":[{"not_picked":["Sozu","Cursed Key"],"picked":"Orrery"}],"potions_floor_spawned":[1,2,12,13,23,25,27],"seed_played":"4388511937626379582","killed_by":"Collector","ascension_level":0,"is_trial":false}