{"gold_per_floor":[118,29,46,73,73,73,73,98,122,152,202,222,241,241,241,315,315,329,349,349,4,4],"floor_reached":22,"playtime":1587,"items_purged":[],"score":365,"play_id":"1c52d466-d862-4387-a9c4-1f44d69b5241","local_time":"20190120155038","is_ascension_mode":true,"campfire_choices":[{"data":"Compile Driver","floor":6,"key":"SMITH"},{"data":"Capacitor","floor":15,"key":"SMITH"}],"neow_cost":"PERCENT_DAMAGE","seed_source_timestamp":861175899849800,"circlet_count":0,"master_deck":["AscendersBane","Strike_B","Strike_B","Strike_B","Defend_B","Defend_B","Defend_B","Defend_B+1","Zap+1","Dualcast+1","Core Surge","Compile Driver+1","Capacitor+1","Cold Snap","Storm","Core Surge","Ball Lightning","Glacier","Machine Learning","Conserve Battery","Storm","Auto Shields","Capacitor"],"relics":["Cracked Core","DataDisk","Bird Faced Urn","War Paint","Anchor","Inserter","Symbiotic Virus"],"potions_floor_usage":[8,10,16,22],"damage_taken":[{"damage":1,"enemies":"Cultist","floor":1,"turns":3},{"damage":7,"enemies":"Jaw Worm","floor":3,"turns":2},{"damage":10,"enemies":"Gremlin Nob","floor":8,"turns":3},{"damage":11,"enemies":"3 Sentries","floor":10,"turns":6},{"damage":0,"enemies":"Small Slimes","floor":12,"turns":2},{"damage":3,"enemies":"2 Fungi Beasts","floor":13,"turns":3},{"damage":24,"enemies":"The Guardian","floor":16,"turns":11},{"damage":32,"enemies":"Shell Parasite","floor":18,"turns":6},{"damage":11,"enemies":"3 Byrds","floor":19,"turns":5},{"damage":7,"enemies":"Colosseum Slavers","floor":22,"turns":4},{"damage":44,"enemies":"Colosseum Nobs","floor":22,"turns":4}],"seed_played":"4646409828096383295","potions_obtained":[{"floor":3,"key":"Explosive Potion"},{"floor":8,"key":"SkillPotion"},{"floor":13,"key":"Ancient Potion"},{"floor":14,"key":"LiquidBronze"},{"floor":19,"key":"Energy Potion"}],"is_trial":false,"path_per_floor":["M","$","M","T","?","R","?","E","T","E","?","M","M","?","R","B",null,"M","M","?","$","?"],"character_chosen":"DEFECT","items_purchased":["Capacitor","Symbiotic Virus","Capacitor"],"campfire_rested":0,"item_purchase_floors":[2,21,21],"current_hp_per_floor":[45,45,38,38,38,38,61,51,51,46,46,50,51,51,51,31,61,35,28,28,28,0],"gold":4,"neow_bonus":"THREE_RARE_CARDS","is_prod":false,"is_daily":false,"chose_seed":false,"campfire_upgraded":2,"win_rate":0,"timestamp":1548028238,"path_taken":["M","?","M","?","?","R","?","E","T","E","?","?","M","?","R","BOSS","M","M","?","$","?"],"build_version":"2019-01-17v2","purchased_purges":0,"victory":false,"max_hp_per_floor":[71,71,71,71,71,71,71,71,71,71,71,71,71,71,71,71,71,71,71,71,71,71],"card_choices":[{"not_picked":["Thunder Strike","Rainbow"],"picked":"Core Surge","floor":0},{"not_picked":["Gash","Force Field"],"picked":"Compile Driver","floor":1},{"not_picked":["Redo","Hologram"],"picked":"Cold Snap","floor":3},{"not_picked":["Coolheaded","Rebound"],"picked":"Storm","floor":8},{"not_picked":["Redo","Conserve Battery"],"picked":"Core Surge","floor":10},{"not_picked":["Fusion","Rebound"],"picked":"Ball Lightning","floor":12},{"not_picked":["Gash","Barrage"],"picked":"Glacier","floor":13},{"not_picked":["Reboot","Fission"],"picked":"Machine Learning","floor":16},{"not_picked":["Streamline+1","Darkness"],"picked":"Conserve Battery","floor":18},{"not_picked":["Reprogram","Glacier"],"picked":"Storm","floor":19}],"player_experience":569092,"relics_obtained":[{"floor":4,"key":"DataDisk"},{"floor":8,"key":"Bird Faced Urn"},{"floor":9,"key":"War Paint"},{"floor":10,"key":"Anchor"}],"event_choices":[{"damage_healed":0,"gold_gain":0,"player_choice":"Grow","damage_taken":0,"max_hp_gain":0,"max_hp_loss":0,"event_name":"Living Wall","floor":5,"gold_loss":0,"cards_upgraded":["Zap"]},{"damage_healed":23,"gold_gain":0,"player_choice":"Banana","damage_taken":0,"max_hp_gain":0,"max_hp_loss":0,"event_name":"Big Fish","floor":7,"gold_loss":0},{"damage_healed":0,"gold_gain":50,"player_choice":"Pray","damage_taken":0,"max_hp_gain":0,"max_hp_loss":0,"event_name":"Golden Shrine","floor":11,"gold_loss":0},{"damage_healed":0,"gold_gain":0,"player_choice":"Got Potions","damage_taken":0,"max_hp_gain":0,"max_hp_loss":0,"event_name":"Lab","floor":14,"gold_loss":0},{"damage_healed":0,"gold_gain":0,"cards_transformed":["Strike_B"],"player_choice":"Transformed","damage_taken":0,"max_hp_gain":0,"max_hp_loss":0,"event_name":"Transmorgrifier","floor":20,"gold_loss":0,"cards_obtained":["Auto Shields"]},{"damage_healed":0,"gold_gain":0,"player_choice":"Fight","damage_taken":0,"max_hp_gain":0,"max_hp_loss":0,"event_name":"Colosseum","floor":22,"gold_loss":0},{"damage_healed":0,"gold_gain":0,"player_choice":"Fought Nobs","damage_taken":0,"max_hp_gain":0,"max_hp_loss":0,"event_name":"Colosseum","floor":22,"gold_loss":0}],"is_beta":false,"boss_relics":[{"not_picked":["Fusion Hammer","Snecko Eye"],"picked":"Inserter"}],"items_purged_floors":[],"is_endless":false,"potions_floor_spawned":[3,8,13,19],"killed_by":"Colosseum Nobs","ascension_level":18}