{"gold_per_floor":[111,122,132,132,207,207,223,223,297,297,313,340,360,360,360,432,432,449,449,43,0,0,0],"floor_reached":23,"playtime":836,"items_purged":["Decay"],"score":418,"play_id":"d48dc40f-ec18-45b7-8fd6-dcea41d3b95f","local_time":"20190115234827","is_ascension_mode":true,"campfire_choices":[{"data":"Glacier","floor":6,"key":"SMITH"},{"data":"Zap","floor":8,"key":"SMITH"},{"data":"Barrage","floor":10,"key":"SMITH"},{"data":"Chaos","floor":15,"key":"SMITH"}],"neow_cost":"NONE","seed_source_timestamp":458596282438100,"circlet_count":0,"master_deck":["AscendersBane","Strike_B","Strike_B","Strike_B+1","Strike_B+1","Defend_B","Defend_B","Defend_B","Defend_B","Zap+1","Dualcast","Capacitor+1","Tempest","Glacier+1","Barrage+1","Loop","Chaos+1","Coolheaded","Buffer","Darkness","Steam"],"relics":["Cracked Core","Whetstone","Symbiotic Virus","Anchor","Snecko Eye","Calipers","Toxic Egg 2"],"potions_floor_usage":[12,16,23,23],"damage_taken":[{"damage":6,"enemies":"Cultist","floor":1,"turns":3},{"damage":0,"enemies":"Small Slimes","floor":2,"turns":3},{"damage":2,"enemies":"Jaw Worm","floor":3,"turns":3},{"damage":7,"enemies":"Large Slime","floor":7,"turns":6},{"damage":15,"enemies":"3 Louse","floor":11,"turns":4},{"damage":11,"enemies":"Lagavulin","floor":12,"turns":5},{"damage":0,"enemies":"Exordium Thugs","floor":13,"turns":4},{"damage":0,"enemies":"Slime Boss","floor":16,"turns":7},{"damage":34,"enemies":"2 Thieves","floor":18,"turns":5},{"damage":29,"enemies":"Gremlin Leader","floor":23,"turns":2}],"seed_played":"6251800470535706768","potions_obtained":[{"floor":3,"key":"SpeedPotion"},{"floor":11,"key":"Poison Potion"},{"floor":12,"key":"LiquidBronze"},{"floor":13,"key":"Swift Potion"},{"floor":16,"key":"Energy Potion"}],"is_trial":false,"path_per_floor":["M","M","M","?","?","R","M","R","T","R","M","E","M","?","R","B",null,"M","?","$","?","T","E"],"character_chosen":"DEFECT","items_purchased":["Calipers","Steam"],"campfire_rested":0,"item_purchase_floors":[20,20],"current_hp_per_floor":[58,58,56,56,45,45,38,38,38,38,23,12,12,12,12,12,56,22,22,22,22,22,0],"gold":0,"neow_bonus":"RANDOM_COMMON_RELIC","is_prod":false,"is_daily":false,"chose_seed":false,"campfire_upgraded":4,"win_rate":0,"timestamp":1547624907,"path_taken":["M","?","M","?","?","R","M","R","T","R","M","E","M","?","R","BOSS","M","?","$","?","?","E"],"build_version":"2019-01-10","purchased_purges":1,"victory":false,"max_hp_per_floor":[71,71,71,71,71,71,71,71,71,71,71,71,71,71,71,71,71,71,71,71,71,71,71],"card_choices":[{"not_picked":["Beam Cell","Steam"],"picked":"Capacitor","floor":1},{"not_picked":["Hello World","Stack"],"picked":"Tempest","floor":2},{"not_picked":["Sweeping Beam","Scrape"],"picked":"Glacier","floor":3},{"not_picked":["Force Field","Doom and Gloom"],"picked":"Barrage","floor":7},{"not_picked":["Compile Driver","Ball Lightning"],"picked":"Loop","floor":11},{"not_picked":["Hologram","Compile Driver"],"picked":"Chaos","floor":12},{"not_picked":["Redo","Tempest"],"picked":"Coolheaded","floor":13},{"not_picked":["Core Surge","Seek"],"picked":"Buffer","floor":16},{"not_picked":["Heatsinks","Sweeping Beam"],"picked":"Darkness","floor":18}],"player_experience":485309,"relics_obtained":[{"floor":9,"key":"Symbiotic Virus"},{"floor":12,"key":"Anchor"},{"floor":22,"key":"Toxic Egg 2"}],"event_choices":[{"damage_healed":0,"gold_gain":0,"player_choice":"Grow","damage_taken":0,"max_hp_gain":0,"max_hp_loss":0,"event_name":"Living Wall","floor":4,"gold_loss":0,"cards_upgraded":["Capacitor"]},{"damage_healed":0,"gold_gain":75,"player_choice":"Gather Gold","damage_taken":11,"max_hp_gain":0,"max_hp_loss":0,"event_name":"World of Goop","floor":5,"gold_loss":0},{"damage_healed":0,"gold_gain":0,"player_choice":"Ignored","damage_taken":0,"max_hp_gain":0,"max_hp_loss":0,"event_name":"Shining Light","floor":14,"gold_loss":0},{"damage_healed":0,"gold_gain":0,"player_choice":"Smashed Altar","damage_taken":0,"max_hp_gain":0,"max_hp_loss":0,"event_name":"Forgotten Altar","floor":19,"gold_loss":0,"cards_obtained":["Decay"]},{"damage_healed":0,"gold_gain":0,"player_choice":"Paid Fearfully","damage_taken":0,"max_hp_gain":0,"max_hp_loss":0,"event_name":"Masked Bandits","floor":21,"gold_loss":43}],"is_beta":false,"boss_relics":[{"not_picked":["Busted Crown","Black Star"],"picked":"Snecko Eye"}],"items_purged_floors":[20],"is_endless":false,"potions_floor_spawned":[3,11,12,13,16],"killed_by":"Gremlin Leader","ascension_level":15}