{"gold_per_floor":[109,126,126,55,65,65,82,82,135,145,161,161,210,220,220,323,323,336,336,353,452,171,171,189,189,189,222,238,238,252,269,269,369,369,382,382,382,382],"floor_reached":38,"playtime":1110,"items_purged":["Strike_R"],"score":438,"play_id":"084f22c8-dc2f-4b24-825a-007e6d62ad86","local_time":"20190305210209","is_ascension_mode":false,"campfire_choices":[{"data":"Searing Blow","floor":6.0,"key":"SMITH"},{"data":"Searing Blow+1","floor":8.0,"key":"SMITH"},{"data":"Searing Blow+2","floor":12.0,"key":"SMITH"},{"data":"Searing Blow+3","floor":15.0,"key":"SMITH"},{"data":"Searing Blow+4","floor":23.0,"key":"SMITH"},{"data":"Searing Blow+5","floor":25.0,"key":"SMITH"},{"data":"Searing Blow+6","floor":29.0,"key":"SMITH"},{"data":"Searing Blow+7","floor":32.0,"key":"SMITH"}],"neow_cost":"PERCENT_DAMAGE","seed_source_timestamp":19148304614468,"circlet_count":0,"master_deck":["Strike_R","Defend_R","Defend_R","Defend_R","Defend_R","Bash","Armaments","Whirlwind","Searing Blow+8","Inflame","Battle Trance","Armaments","Corruption","Demon Form","Armaments","Armaments","Burning Pact","Brutality"],"special_seed":0,"relics":["Burning Blood","Bird Faced Urn","Tiny Chest","Dream Catcher","Coffee Dripper","Orichalcum","Juzu Bracelet","Self Forming Clay","Gremlin Horn","Empty Cage"],"potions_floor_usage":[],"damage_taken":[{"damage":2.0,"enemies":"Cultist","floor":1.0,"turns":5.0},{"damage":6.0,"enemies":"Jaw Worm","floor":2.0,"turns":5.0},{"damage":7.0,"enemies":"2 Louse","floor":5.0,"turns":3.0},{"damage":8.0,"enemies":"Gremlin Gang","floor":7.0,"turns":3.0},{"damage":7.0,"enemies":"Blue Slaver","floor":10.0,"turns":4.0},{"damage":13.0,"enemies":"Large Slime","floor":11.0,"turns":6.0},{"damage":0.0,"enemies":"Lots of Slimes","floor":14.0,"turns":1.0},{"damage":11.0,"enemies":"Slime Boss","floor":16.0,"turns":9.0},{"damage":3.0,"enemies":"3 Byrds","floor":18.0,"turns":5.0},{"damage":9.0,"enemies":"2 Thieves","floor":20.0,"turns":4.0},{"damage":3.0,"enemies":"Centurion and Healer","floor":24.0,"turns":5.0},{"damage":18.0,"enemies":"Book of Stabbing","floor":27.0,"turns":4.0},{"damage":4.0,"enemies":"Cultist and Chosen","floor":28.0,"turns":5.0},{"damage":0.0,"enemies":"Sentry and Sphere","floor":30.0,"turns":3.0},{"damage":3.0,"enemies":"Snake Plant","floor":31.0,"turns":3.0},{"damage":43.0,"enemies":"Automaton","floor":33.0,"turns":7.0},{"damage":15.0,"enemies":"3 Shapes","floor":35.0,"turns":3.0},{"damage":92,"enemies":"Awakened One","floor":38,"turns":5}],"seed_played":"2958792654130624364","potions_obtained":[{"floor":2.0,"key":"Swift Potion"},{"floor":5.0,"key":"Energy Potion"},{"floor":7.0,"key":"SmokeBomb"},{"floor":14.0,"key":"Fire Potion"},{"floor":16.0,"key":"SkillPotion"},{"floor":18.0,"key":"Swift Potion"},{"floor":27.0,"key":"Poison Potion"},{"floor":28.0,"key":"EssenceOfSteel"},{"floor":30.0,"key":"AttackPotion"}],"is_trial":false,"path_per_floor":["M","M","?","$","M","R","M","R","T","M","M","R","T","M","R","B",null,"M","?","M","?","$","R","M","R","T","E","M","R","M","M","R","B",null,"M","?","?","B"],"character_chosen":"IRONCLAD","items_purchased":["Searing Blow","Juzu Bracelet","Armaments"],"campfire_rested":0,"item_purchase_floors":[4,22,22],"current_hp_per_floor":[60,60,65,65,64,64,64,64,64,65,60,60,60,66,66,63,85,85,85,85,85,85,85,85,85,85,75,79,79,85,85,85,52,85,78,78,78,0],"gold":382,"neow_bonus":"ONE_RARE_RELIC","is_prod":false,"is_daily":false,"chose_seed":false,"campfire_upgraded":8,"win_rate":0,"timestamp":1551841329,"path_taken":["M","M","?","$","M","R","M","R","T","M","M","R","?","M","R","BOSS","M","?","?","?","$","R","M","R","T","E","M","R","M","M","R","BOSS","M","?","?","BOSS"],"build_version":"2019-01-23","purchased_purges":1,"victory":false,"max_hp_per_floor":[80,80,85,85,85,85,85,85,85,85,85,85,85,85,85,85,85,85,85,85,85,85,85,85,85,85,85,85,85,85,85,85,85,85,85,85,85,85],"card_choices":[{"not_picked":["Clothesline","Combust"],"picked":"Armaments","floor":1.0},{"not_picked":["True Grit","Corruption"],"picked":"Whirlwind","floor":2.0},{"not_picked":["Pommel Strike","Body Slam"],"picked":"Inflame","floor":5.0},{"not_picked":["Ghostly Armor","True Grit"],"picked":"Battle Trance","floor":7.0},{"not_picked":["Body Slam","True Grit","Perfected Strike"],"picked":"SKIP","floor":10.0},{"not_picked":["Combust","Uppercut"],"picked":"Armaments","floor":11.0},{"not_picked":["Thunderclap","Feel No Pain"],"picked":"Corruption","floor":14.0},{"not_picked":["Reaper","Bludgeon"],"picked":"Demon Form","floor":16.0},{"not_picked":["Entrench+1","Hemokinesis","Rampage+1"],"picked":"SKIP","floor":18.0},{"not_picked":["Body Slam","Inflame"],"picked":"Armaments","floor":20.0},{"not_picked":["True Grit","Flame Barrier","Fiend Fire"],"picked":"SKIP","floor":24.0},{"not_picked":["Twin Strike","Thunderclap+1","Intimidate"],"picked":"SKIP","floor":27.0},{"not_picked":["Burning Pact","Iron Wave","Dropkick"],"picked":"SKIP","floor":28.0},{"not_picked":["Iron Wave","Dropkick"],"picked":"Burning Pact","floor":28.0},{"not_picked":["Perfected Strike","Pommel Strike+1","Pummel+1"],"picked":"SKIP","floor":30.0},{"not_picked":["Clash","Infernal Blade","Anger"],"picked":"SKIP","floor":31.0},{"not_picked":["Immolate","Juggernaut"],"picked":"Brutality","floor":33.0},{"not_picked":["Flex","Body Slam","Uppercut"],"picked":"SKIP","floor":35.0}],"player_experience":991902,"relics_obtained":[{"floor":9.0,"key":"Tiny Chest"},{"floor":13.0,"key":"Dream Catcher"},{"floor":26.0,"key":"Self Forming Clay"},{"floor":27.0,"key":"Gremlin Horn"}],"event_choices":[{"damage_healed":0.0,"max_hp_gain":5.0,"max_hp_loss":0.0,"gold_gain":0.0,"event_name":"Big Fish","player_choice":"Donut","floor":3.0,"gold_loss":0.0,"damage_taken":0.0},{"damage_healed":0.0,"max_hp_gain":0.0,"max_hp_loss":0.0,"gold_gain":0.0,"event_name":"WeMeetAgain","player_choice":"Gave Potion","floor":19.0,"gold_loss":0.0,"damage_taken":0.0,"relics_obtained":["Orichalcum"]},{"damage_healed":0.0,"max_hp_gain":0.0,"max_hp_loss":0.0,"gold_gain":99.0,"event_name":"Nest","player_choice":"Stole From Cult","floor":21.0,"gold_loss":0.0,"damage_taken":0.0},{"cards_removed":["Strike_R"],"damage_healed":0.0,"max_hp_gain":0.0,"max_hp_loss":0.0,"gold_gain":0.0,"event_name":"Bonfire Elementals","player_choice":"Offered Basic","floor":36.0,"gold_loss":0.0,"damage_taken":0.0},{"damage_healed":0.0,"max_hp_gain":0.0,"max_hp_loss":0.0,"gold_gain":0.0,"event_name":"SecretPortal","player_choice":"Took Portal","floor":37.0,"gold_loss":0.0,"damage_taken":0.0}],"is_beta":false,"boss_relics":[{"not_picked":["Ectoplasm","Black Star"],"picked":"Coffee Dripper"},{"not_picked":["Fusion Hammer","White Beast Statue"],"picked":"Empty Cage"}],"items_purged_floors":[22],"is_endless":false,"potions_floor_spawned":[2,5,7,14,16,18,27,28,30],"killed_by":"Awakened One","ascension_level":0}