{"gold_per_floor":[114,134,134,134,153,153,188,188,264,280,355,383,399,399,399,399],"floor_reached":16,"playtime":762,"items_purged":[],"score":236,"play_id":"2d303014-efd1-4ba7-9308-4a1722378f89","local_time":"20180707161554","is_ascension_mode":true,"campfire_choices":[{"data":"Crippling Poison","floor":6,"key":"SMITH"},{"floor":8,"key":"REST"},{"floor":15,"key":"REST"}],"neow_cost":"NONE","seed_source_timestamp":250222249066895,"circlet_count":0,"master_deck":["Defend_G","Defend_G","Defend_G","Defend_G","Defend_G","Strike_G","Strike_G","Strike_G+1","Strike_G","Strike_G","Survivor","Neutralize+1","AscendersBane","Cloak And Dagger","Footwork+1","Crippling Poison+1","Backflip","Backflip","Bullet Time","Flying Knee"],"relics":["Ring of the Snake","Omamori","Tough Bandages","Bottled Tornado"],"potions_floor_usage":[12,12],"damage_taken":[{"damage":0,"enemies":"Cultist","floor":1,"turns":5},{"damage":0,"enemies":"2 Louse","floor":2,"turns":4},{"damage":0,"enemies":"Jaw Worm","floor":5,"turns":5},{"damage":20,"enemies":"3 Sentries","floor":7,"turns":15},{"damage":0,"enemies":"Blue Slaver","floor":10,"turns":5},{"damage":0,"enemies":"Lagavulin","floor":12,"turns":11},{"damage":11,"enemies":"Large Slime","floor":13,"turns":9},{"damage":46,"enemies":"Hexaghost","floor":16,"turns":13}],"seed_played":"-7762353397427608110","potions_obtained":[{"floor":7,"key":"GamblersBrew"},{"floor":10,"key":"Dexterity Potion"}],"is_trial":false,"path_per_floor":["M","M","?","?","M","R","E","R","T","M","?","E","M","?","R"],"character_chosen":"THE_SILENT","items_purchased":[],"campfire_rested":2,"item_purchase_floors":[],"current_hp_per_floor":[65,65,43,43,43,43,23,44,44,44,33,33,22,22,43,0],"gold":399,"neow_bonus":"TEN_PERCENT_HP_BONUS","is_prod":false,"is_daily":false,"chose_seed":false,"campfire_upgraded":1,"win_rate":0,"timestamp":1530972954,"path_taken":["M","?","?","?","M","R","E","R","T","M","?","E","?","?","R","BOSS"],"build_version":"2018-07-05","purchased_purges":0,"victory":false,"max_hp_per_floor":[72,72,72,72,72,72,72,72,72,72,72,72,72,72,72,72],"card_choices":[{"not_picked":["PiercingWail","Acrobatics"],"picked":"Cloak And Dagger","floor":1},{"not_picked":["Dodge and Roll","Prepared"],"picked":"Footwork","floor":2},{"not_picked":["Outmaneuver","Blade Dance"],"picked":"Crippling Poison","floor":5},{"not_picked":["Concentrate","Sucker Punch"],"picked":"Backflip","floor":7},{"not_picked":["PiercingWail","Quick Slash"],"picked":"Backflip","floor":10},{"not_picked":["Sucker Punch","Quick Slash"],"picked":"Bullet Time","floor":12},{"not_picked":["Sucker Punch","Outmaneuver"],"picked":"Flying Knee","floor":13}],"player_experience":772459,"relics_obtained":[{"floor":7,"key":"Omamori"},{"floor":9,"key":"Tough Bandages"},{"floor":12,"key":"Bottled Tornado"}],"event_choices":[{"event_name":"Shining Light","player_choice":"Entered Light","floor":3,"damage_taken":0},{"event_name":"Living Wall","player_choice":"Grow","floor":4,"damage_taken":0},{"event_name":"World of Goop","player_choice":"Gather Gold","floor":11,"damage_taken":0},{"event_name":"Golden Idol","player_choice":"Ignored","floor":14,"damage_taken":0}],"boss_relics":[],"items_purged_floors":[],"is_endless":false,"potions_floor_spawned":[7,10],"killed_by":"Hexaghost","ascension_level":15}