{"gold_per_floor":[111,36,49,63,63,63,81,81,81,107,121,121,133,152,152,226,226,241,256,266,266,279,279],"floor_reached":23,"playtime":749,"items_purged":[],"score":394,"play_id":"b3a31322-13b0-4b6b-abce-b2f2c4db0102","local_time":"20190121013933","is_ascension_mode":true,"campfire_choices":[{"data":"Ball Lightning","floor":6,"key":"SMITH"},{"data":"Zap","floor":8,"key":"SMITH"},{"data":"Conserve Battery","floor":15,"key":"SMITH"}],"neow_cost":"NONE","seed_source_timestamp":1030612025686185,"circlet_count":0,"master_deck":["AscendersBane","Strike_B","Defend_B","Defend_B","Defend_B","Defend_B","Zap+1","Dualcast","Coolheaded","Biased Cognition","Ball Lightning+1","Conserve Battery+1","Lockon","Ball Lightning","Core Surge","Capacitor","Cold Snap","Glacier","Capacitor"],"relics":["Cracked Core","NeowsBlessing","Singing Bowl","Bottled Flame","Dream Catcher","Fusion Hammer"],"potions_floor_usage":[19,22],"damage_taken":[{"damage":0,"enemies":"Jaw Worm","floor":1,"turns":1},{"damage":0,"enemies":"Small Slimes","floor":3,"turns":1},{"damage":0,"enemies":"Cultist","floor":4,"turns":1},{"damage":13,"enemies":"Exordium Wildlife","floor":7,"turns":4},{"damage":14,"enemies":"Lagavulin","floor":10,"turns":5},{"damage":1,"enemies":"Exordium Thugs","floor":11,"turns":3},{"damage":0,"enemies":"2 Fungi Beasts","floor":13,"turns":3},{"damage":6,"enemies":"Looter","floor":14,"turns":2},{"damage":21,"enemies":"The Guardian","floor":16,"turns":10},{"damage":19,"enemies":"Shell Parasite","floor":18,"turns":4},{"damage":0,"enemies":"3 Byrds","floor":19,"turns":2},{"damage":24,"enemies":"3 Cultists","floor":20,"turns":5},{"damage":2,"enemies":"Cultist and Chosen","floor":22,"turns":6},{"damage":18,"enemies":"Slavers","floor":23,"turns":1}],"seed_played":"2371918143386230137","potions_obtained":[{"floor":3,"key":"AttackPotion"},{"floor":7,"key":"SkillPotion"},{"floor":20,"key":"GamblersBrew"}],"is_trial":false,"path_per_floor":["M","?","M","M","T","R","M","R","T","E","M","?","M","M","R","B",null,"M","M","M","?","M","E"],"character_chosen":"DEFECT","items_purchased":[],"campfire_rested":0,"item_purchase_floors":[],"current_hp_per_floor":[64,64,64,64,64,64,53,53,53,41,40,40,40,34,34,13,60,41,43,19,19,17,0],"gold":279,"neow_bonus":"THREE_ENEMY_KILL","is_prod":false,"is_daily":false,"chose_seed":false,"campfire_upgraded":3,"win_rate":0,"timestamp":1548052773,"path_taken":["M","?","M","M","?","R","M","R","T","E","M","?","?","M","R","BOSS","M","M","M","?","M","E"],"build_version":"2019-01-19","purchased_purges":0,"victory":false,"max_hp_per_floor":[71,71,71,71,71,71,73,73,73,75,75,75,75,75,75,75,75,75,77,77,77,77,77],"card_choices":[{"not_picked":["Steam","Beam Cell"],"picked":"Coolheaded","floor":1},{"not_picked":["Conserve Battery","Aggregate"],"picked":"Biased Cognition","floor":3},{"not_picked":["Leap","Rebound"],"picked":"Ball Lightning","floor":4},{"not_picked":["Melter","Compile Driver","Scrape"],"picked":"Singing Bowl","floor":7},{"not_picked":["Doom and Gloom","Rebound","Chaos"],"picked":"Singing Bowl","floor":10},{"not_picked":["Force Field","Steam"],"picked":"Conserve Battery","floor":11},{"not_picked":["Rebound","Skim"],"picked":"Lockon","floor":13},{"not_picked":["Steam","Streamline"],"picked":"Ball Lightning","floor":14},{"not_picked":["Hyperbeam","Thunder Strike"],"picked":"Core Surge","floor":16},{"not_picked":["Static Discharge","Hologram+1"],"picked":"Capacitor","floor":18},{"not_picked":["Conserve Battery","Aggregate","Leap"],"picked":"Singing Bowl","floor":19},{"not_picked":["Gash","Conserve Battery"],"picked":"Cold Snap","floor":20},{"not_picked":["Lockon","Chaos+1"],"picked":"Capacitor","floor":22}],"player_experience":476876,"relics_obtained":[{"floor":5,"key":"Singing Bowl"},{"floor":9,"key":"Bottled Flame"},{"floor":10,"key":"Dream Catcher"}],"event_choices":[{"cards_removed":["Strike_B"],"damage_healed":0,"gold_gain":0,"player_choice":"Card Removal","damage_taken":0,"max_hp_gain":0,"max_hp_loss":0,"event_name":"The Cleric","floor":2,"gold_loss":75},{"cards_removed":["Strike_B"],"damage_healed":0,"gold_gain":0,"player_choice":"Purged","damage_taken":0,"max_hp_gain":0,"max_hp_loss":0,"event_name":"Purifier","floor":12,"gold_loss":0},{"damage_healed":0,"gold_gain":0,"cards_transformed":["Strike_B"],"player_choice":"Transformed","damage_taken":0,"max_hp_gain":0,"max_hp_loss":0,"event_name":"Transmorgrifier","floor":21,"gold_loss":0,"cards_obtained":["Glacier"]}],"is_beta":true,"boss_relics":[{"not_picked":["FrozenCore","Snecko Eye"],"picked":"Fusion Hammer"}],"items_purged_floors":[],"is_endless":false,"potions_floor_spawned":[3,7,13,20],"killed_by":"Slavers","ascension_level":20}