{"gold_per_floor":[119,129,59,72,42,42,42,42,42,81,81,81,105,70,70,163,163,184,205,72,91,115,115,30,30,30,30,155,80,179,179,179,277,277,290,39,59,75,75,75,96,115,160,185,205,219,239,255,255,255],"floor_reached":51,"playtime":2498,"items_purged":["Strike_R","Defend_R"],"score":1083,"play_id":"5845293b-0cc0-4997-bc02-71a211c9baa2","local_time":"20181116191036","is_ascension_mode":true,"campfire_choices":[{"data":"Whirlwind","floor":6,"key":"SMITH"},{"data":"Bash","floor":8,"key":"SMITH"},{"data":"1","floor":11,"key":"LIFT"},{"data":"2","floor":15,"key":"LIFT"},{"data":"Limit Break","floor":23,"key":"SMITH"},{"data":"3","floor":25,"key":"LIFT"},{"data":"True Grit","floor":27,"key":"SMITH"},{"data":"Flame Barrier","floor":32,"key":"SMITH"},{"data":"Shrug It Off","floor":40,"key":"SMITH"},{"data":"Battle Trance","floor":49,"key":"SMITH"}],"neow_cost":"NONE","seed_source_timestamp":118153102068964,"circlet_count":0,"master_deck":["AscendersBane","Defend_R","Defend_R","Bash+1","Reaper","Feel No Pain","Whirlwind+1","Limit Break+1","Flame Barrier+1","Pommel Strike","Shrug It Off","Battle Trance+1","Demon Form","Iron Wave+1","Flash of Steel","True Grit+1","Shrug It Off+1","Second Wind","Reaper","Brutality+1","Heavy Blade+1","Dropkick+1","Headbutt","Sword Boomerang","Sword Boomerang+1","Whirlwind","Parasite"],"relics":["Burning Blood","Golden Idol","Pear","Girya","Sozu","Ornamental Fan","Charon\u0027s Ashes","Bird Faced Urn","Self Forming Clay","MutagenicStrength","Astrolabe","Oddly Smooth Stone","Strawberry"],"potions_floor_usage":[48,50],"damage_taken":[{"damage":8,"enemies":"Jaw Worm","floor":1,"turns":6},{"damage":7,"enemies":"Small Slimes","floor":2,"turns":4},{"damage":6,"enemies":"Cultist","floor":4,"turns":4},{"damage":12,"enemies":"Looter","floor":5,"turns":4},{"damage":29,"enemies":"3 Sentries","floor":10,"turns":10},{"damage":14,"enemies":"Blue Slaver","floor":13,"turns":4},{"damage":49,"enemies":"Slime Boss","floor":16,"turns":10},{"damage":12,"enemies":"Chosen","floor":18,"turns":3},{"damage":11,"enemies":"Spheric Guardian","floor":19,"turns":3},{"damage":4,"enemies":"Chosen and Byrds","floor":21,"turns":4},{"damage":4,"enemies":"Centurion and Healer","floor":22,"turns":5},{"damage":6,"enemies":"Colosseum Slavers","floor":28,"turns":2},{"damage":22,"enemies":"Colosseum Nobs","floor":28,"turns":5},{"damage":46,"enemies":"Collector","floor":33,"turns":8},{"damage":6,"enemies":"3 Darklings","floor":35,"turns":3},{"damage":10,"enemies":"Orb Walker","floor":37,"turns":4},{"damage":16,"enemies":"Sphere and 2 Shapes","floor":38,"turns":5},{"damage":5,"enemies":"3 Darklings","floor":41,"turns":4},{"damage":5,"enemies":"Maw","floor":42,"turns":5},{"damage":10,"enemies":"Sphere and 2 Shapes","floor":44,"turns":6},{"damage":5,"enemies":"3 Darklings","floor":45,"turns":2},{"damage":15,"enemies":"Jaw Worm Horde","floor":46,"turns":4},{"damage":10,"enemies":"Spire Growth","floor":47,"turns":4},{"damage":16,"enemies":"Writhing Mass","floor":48,"turns":5},{"damage":74,"enemies":"Donu and Deca","floor":50,"turns":6}],"seed_played":"-4347693758266890164","potions_obtained":[{"floor":1,"key":"EssenceOfSteel"},{"floor":2,"key":"Weak Potion"}],"is_trial":false,"path_per_floor":["M","M","$","M","M","R","?","R","T","E","R","?","M","$","R","B",null,"M","M","$","M","M","R","?","R","T","R","?","$","?","?","R","B",null,"M","$","M","M","?","R","M","M","T","M","M","M","M","M","R","B",null],"character_chosen":"IRONCLAD","items_purchased":["Limit Break","Battle Trance","Flash of Steel","True Grit","Oddly Smooth Stone"],"campfire_rested":0,"item_purchase_floors":[3,14,20,20,36],"current_hp_per_floor":[70,69,69,69,63,63,63,63,73,62,62,62,54,54,54,12,66,60,68,68,84,84,84,84,84,84,84,68,68,68,68,68,57,77,84,84,84,75,75,75,84,84,91,90,91,91,91,91,91,23],"gold":255,"neow_bonus":"ONE_RANDOM_RARE_CARD","is_prod":false,"is_daily":false,"chose_seed":false,"campfire_upgraded":7,"win_rate":0,"timestamp":1542413436,"path_taken":["M","M","$","M","M","R","?","R","T","E","R","?","?","$","R","BOSS","M","M","$","M","M","R","?","R","T","R","?","$","?","?","R","BOSS","M","$","M","M","?","R","M","M","T","M","M","M","M","M","R","BOSS"],"build_version":"2018-11-15","purchased_purges":2,"victory":true,"max_hp_per_floor":[80,80,80,80,80,80,74,74,84,84,84,84,84,84,84,84,84,84,84,84,84,84,84,84,84,84,84,84,84,84,84,84,84,84,84,84,84,84,84,84,84,84,91,91,91,91,91,91,91,91],"card_choices":[{"not_picked":["Headbutt","Flex"],"picked":"Feel No Pain","floor":1},{"not_picked":["Clothesline","Body Slam"],"picked":"Whirlwind","floor":2},{"not_picked":["Perfected Strike","Twin Strike"],"picked":"Flame Barrier","floor":4},{"not_picked":["Flex","Clothesline","Cleave"],"picked":"SKIP","floor":5},{"not_picked":["Perfected Strike","Thunderclap"],"picked":"Pommel Strike","floor":10},{"not_picked":["Bludgeon","Cleave"],"picked":"Shrug It Off","floor":13},{"not_picked":["Bludgeon","Dark Embrace"],"picked":"Demon Form","floor":16},{"not_picked":["Perfected Strike","Havoc+1","Pommel Strike"],"picked":"SKIP","floor":18},{"not_picked":["Intimidate","Clothesline"],"picked":"Iron Wave+1","floor":19},{"not_picked":["Rampage+1","Perfected Strike","Sentinel"],"picked":"SKIP","floor":21},{"not_picked":["Clash","Warcry"],"picked":"Shrug It Off","floor":22},{"not_picked":["Corruption","Combust+1"],"picked":"Second Wind","floor":28},{"not_picked":["Bludgeon","Double Tap"],"picked":"Reaper","floor":33},{"not_picked":["Anger","Corruption+1"],"picked":"Headbutt","floor":35},{"not_picked":["Havoc","Flex","Sever Soul"],"picked":"SKIP","floor":37},{"not_picked":["Sever Soul+1","Corruption","Fire Breathing+1"],"picked":"SKIP","floor":38},{"not_picked":["Body Slam","Shockwave+1"],"picked":"Sword Boomerang","floor":41},{"not_picked":["Anger","Power Through","Feel No Pain"],"picked":"SKIP","floor":42},{"not_picked":["Iron Wave","Flex","Reckless Charge"],"picked":"SKIP","floor":44},{"not_picked":["Entrench+1","Intimidate"],"picked":"Sword Boomerang+1","floor":45},{"not_picked":["Havoc+1","Cleave","Flex"],"picked":"SKIP","floor":46},{"not_picked":["Wild Strike+1","Shrug It Off"],"picked":"Whirlwind","floor":47},{"not_picked":["Ghostly Armor","Havoc","True Grit"],"picked":"SKIP","floor":48}],"player_experience":388079,"relics_obtained":[{"floor":9,"key":"Pear"},{"floor":10,"key":"Girya"},{"floor":26,"key":"Charon\u0027s Ashes"},{"floor":28,"key":"Bird Faced Urn"},{"floor":28,"key":"Self Forming Clay"},{"floor":43,"key":"Strawberry"}],"event_choices":[{"damage_healed":0,"gold_gain":0,"player_choice":"Lose Max HP","damage_taken":0,"relics_obtained":["Golden Idol"],"max_hp_gain":0,"max_hp_loss":6,"event_name":"Golden Idol","floor":7,"gold_loss":0},{"cards_removed":["Strike_R"],"damage_healed":0,"gold_gain":0,"player_choice":"Offered Basic","damage_taken":0,"max_hp_gain":0,"max_hp_loss":0,"event_name":"Bonfire Elementals","floor":12,"gold_loss":0},{"damage_healed":0,"gold_gain":0,"player_choice":"Obtained Relic","damage_taken":0,"relics_obtained":["Ornamental Fan"],"max_hp_gain":0,"max_hp_loss":0,"event_name":"Addict","floor":24,"gold_loss":85},{"damage_healed":0,"gold_gain":0,"player_choice":"Fight","damage_taken":0,"max_hp_gain":0,"max_hp_loss":0,"event_name":"Colosseum","floor":28,"gold_loss":0},{"damage_healed":0,"gold_gain":0,"player_choice":"Fought Nobs","damage_taken":0,"max_hp_gain":0,"max_hp_loss":0,"event_name":"Colosseum","floor":28,"gold_loss":0},{"damage_healed":0,"gold_gain":99,"player_choice":"Stole From Cult","damage_taken":0,"max_hp_gain":0,"max_hp_loss":0,"event_name":"Nest","floor":30,"gold_loss":0},{"damage_healed":0,"gold_gain":0,"player_choice":"Inject Mutagens","damage_taken":0,"relics_obtained":["MutagenicStrength"],"max_hp_gain":0,"max_hp_loss":0,"event_name":"Drug Dealer","floor":31,"gold_loss":0},{"cards_removed":["Defend_R"],"damage_healed":0,"gold_gain":0,"player_choice":"Purged","damage_taken":0,"max_hp_gain":0,"max_hp_loss":0,"event_name":"Purifier","floor":39,"gold_loss":0}],"is_beta":true,"boss_relics":[{"not_picked":["Fusion Hammer","Eternal Feather"],"picked":"Sozu"},{"not_picked":["Philosopher\u0027s Stone","White Beast Statue"],"picked":"Astrolabe"}],"items_purged_floors":[29,36],"is_endless":false,"potions_floor_spawned":[1,2,4,19,28,28,38,42,44,46,47,48],"ascension_level":13}