{"path_per_floor":["M","M","M","?","M","R","$","R","T","E","T","M","?","$","R","B",null,"M","?","?","M","$","R","M","R","T","$","M","M","?","M","R"],"character_chosen":"THE_SILENT","items_purchased":["War Paint","Tiny Chest","Acrobatics"],"gold_per_floor":[110,129,146,146,160,160,8,8,8,42,67,79,154,79,79,174,174,190,240,240,250,32,32,52,52,52,4,20,34,34,53,53],"floor_reached":33,"campfire_rested":3,"playtime":1448,"current_hp_per_floor":[60,53,53,58,58,58,58,58,58,38,38,38,27,27,49,29,64,49,49,49,38,38,38,29,51,65,65,58,49,49,35,61],"items_purged":["Strike_G","Strike_G"],"gold":53,"score":358,"play_id":"c5f03d07-fcdd-4a02-94a8-6361c5ec4f09","is_prod":false,"is_daily":false,"is_ascension_mode":true,"campfire_upgraded":3,"path_taken":["M","?","M","?","M","R","$","R","T","E","?","M","?","$","R","BOSS","M","?","?","M","?","R","M","R","T","$","M","?","?","M","R","BOSS"],"build_version":"2018-02-22-PROD2","purchased_purges":4,"victory":false,"master_deck":["Defend_G","Defend_G+1","Defend_G","Defend_G+1","Defend_G","Strike_G","Strike_G","Strike_G","Survivor","Neutralize+1","Catalyst+1","Poisoned Stab+1","Backstab","Backflip","Injury","Quick Slash","Injury","Catalyst+1","Dagger Spray+1","Decay","Quick Slash+1","Decay","Acrobatics","Acrobatics+1"],"max_hp_per_floor":[70,70,70,75,75,75,75,75,75,75,75,75,75,75,75,75,75,75,75,75,75,75,75,75,75,89,89,89,89,89,89,89],"relics":["Cursed Key","War Paint","Sundial","Du-Vu Doll","Bag of Marbles","Sozu","Tiny Chest","Mango"],"card_choices":[{"not_picked":["Choke","Predator"],"picked":"Catalyst"},{"not_picked":["Underhanded Strike","Bane"],"picked":"Poisoned Stab"},{"not_picked":["Sucker Punch","Deflect"],"picked":"Backstab"},{"not_picked":["Underhanded Strike","Dodge and Roll"],"picked":"Backflip"},{"not_picked":["Dagger Throw","Crippling Poison"],"picked":"Quick Slash"},{"not_picked":["Deadly Poison","Dagger Spray"],"picked":"Catalyst"},{"not_picked":["Prepared","Dagger Throw"],"picked":"Dagger Spray"},{"not_picked":["Slice","Catalyst"],"picked":"Quick Slash"},{"not_picked":["Eviscerate","Dagger Throw"],"picked":"Acrobatics"}],"player_experience":227086,"potions_floor_usage":[16,16,24],"damage_taken":[{"damage":3,"enemies":"Cultist","floor":1,"turns":6},{"damage":7,"enemies":"Jaw Worm","floor":2,"turns":4},{"damage":0,"enemies":"2 Louse","floor":3,"turns":2},{"damage":0,"enemies":"Blue Slaver","floor":5,"turns":3},{"damage":20,"enemies":"Lagavulin","floor":10,"turns":7},{"damage":0,"enemies":"Looter","floor":12,"turns":2},{"damage":20,"enemies":"Slime Boss","floor":16,"turns":12},{"damage":15,"enemies":"3 Byrds","floor":18,"turns":6},{"damage":11,"enemies":"Chosen","floor":21,"turns":4},{"damage":21,"enemies":"Snake Plant","floor":24,"turns":5},{"damage":7,"enemies":"Snecko","floor":28,"turns":4},{"damage":9,"enemies":"Chosen and Byrds","floor":29,"turns":6},{"damage":14,"enemies":"Snake Plant","floor":31,"turns":3},{"damage":70,"enemies":"Champ","floor":33,"turns":14}],"event_choices":[{"event_name":"Big Fish","player_choice":"Donut","floor":4,"damage_taken":0},{"event_name":"World of Goop","player_choice":"Gather Gold","floor":13,"damage_taken":0},{"event_name":"The Joust","player_choice":"Bet on Murderer","floor":19,"damage_taken":0},{"event_name":"Forgotten Altar","player_choice":"Smashed Altar","floor":20,"damage_taken":0},{"event_name":"Upgrade Shrine","player_choice":"Upgraded","floor":30,"damage_taken":0}],"boss_relics":[{"not_picked":["Ectoplasm","Philosopher\u0027s Stone"],"picked":"Sozu"}],"potions_floor_spawned":[1,3,16,21,24],"seed_played":"-5771359399122483476","killed_by":"Champ","ascension_level":7,"is_trial":false}