{"gold_per_floor":[118,135,135,235,251,284,136,136,136,136,148,163,40,52,52,148,148,166,166,184,184,204,204,218,143,170,170],"floor_reached":27,"playtime":1443,"items_purged":["Strike_B","Strike_B"],"score":331,"play_id":"e88d73e5-90ea-42ba-af22-feca8e6c3cfa","local_time":"20190307180742","is_ascension_mode":true,"campfire_choices":[{"data":"Defragment","floor":8,"key":"SMITH"},{"data":"Zap","floor":10,"key":"SMITH"},{"floor":15,"key":"REST"},{"floor":23,"key":"REST"}],"neow_cost":"NONE","seed_source_timestamp":20707896895460,"circlet_count":0,"master_deck":["Strike_B","Defend_B","Defend_B","Defend_B","Defend_B","Zap+1","Dualcast","Forethought","Cold Snap","Go for the Eyes","Compile Driver","Defragment+1","Defragment","Conserve Battery","Buffer","Ball Lightning"],"relics":["Cracked Core","Nunchaku","Bottled Lightning","Nuclear Battery","Omamori"],"potions_floor_usage":[6,16],"damage_taken":[{"damage":3,"enemies":"2 Louse","floor":1,"turns":2},{"damage":4,"enemies":"Small Slimes","floor":2,"turns":3},{"damage":0,"enemies":"Cultist","floor":5,"turns":3},{"damage":25,"enemies":"3 Sentries","floor":6,"turns":8},{"damage":11,"enemies":"Gremlin Gang","floor":11,"turns":4},{"damage":0,"enemies":"Blue Slaver","floor":12,"turns":3},{"damage":9,"enemies":"3 Louse","floor":14,"turns":4},{"damage":0,"enemies":"The Guardian","floor":16,"turns":14},{"damage":0,"enemies":"Shell Parasite","floor":18,"turns":10},{"damage":0,"enemies":"Spheric Guardian","floor":20,"turns":4},{"damage":28,"enemies":"Colosseum Slavers","floor":21,"turns":4},{"damage":39,"enemies":"3 Cultists","floor":22,"turns":6},{"damage":2,"enemies":"Chosen and Byrds","floor":24,"turns":6},{"damage":27,"enemies":"Snake Plant","floor":27,"turns":2}],"seed_played":"6256769004632957828","potions_obtained":[{"floor":2,"key":"EssenceOfSteel"},{"floor":12,"key":"SpeedPotion"}],"is_trial":false,"path_per_floor":["M","M","?","?","M","E","$","R","T","R","M","M","$","M","R","B",null,"M","?","M","?","M","R","M","?","T","M"],"character_chosen":"DEFECT","items_purchased":["Defragment","Conserve Battery"],"campfire_rested":2,"item_purchase_floors":[7,13],"current_hp_per_floor":[72,68,68,68,68,43,43,43,43,43,32,32,32,23,45,45,68,68,68,68,40,1,23,21,21,21,0],"gold":170,"neow_bonus":"RANDOM_COLORLESS","is_prod":false,"is_daily":false,"chose_seed":false,"campfire_upgraded":2,"win_rate":0,"timestamp":1552010862,"path_taken":["M","M","?","?","?","E","$","R","T","R","M","?","$","M","R","BOSS","M","?","M","?","M","R","M","?","T","?"],"build_version":"2019-01-23","purchased_purges":2,"victory":false,"max_hp_per_floor":[75,75,75,75,75,75,75,75,75,75,75,75,75,75,75,75,75,75,75,75,75,75,75,75,75,75,75],"card_choices":[{"not_picked":["Gash","Redo"],"picked":"Cold Snap","floor":1},{"not_picked":["Skim","Streamline"],"picked":"Go for the Eyes","floor":2},{"not_picked":["Storm","Streamline"],"picked":"Compile Driver","floor":5},{"not_picked":["Turbo","Coolheaded","Aggregate"],"picked":"SKIP","floor":6},{"not_picked":["Chill","Rebound"],"picked":"Defragment","floor":11},{"not_picked":["Force Field","Compile Driver","Beam Cell"],"picked":"SKIP","floor":12},{"not_picked":["Coolheaded","Reinforced Body","Rebound"],"picked":"SKIP","floor":14},{"not_picked":["Fission","Amplify"],"picked":"Buffer","floor":16},{"not_picked":["Rebound","Fusion+1","Steam Power"],"picked":"SKIP","floor":18},{"not_picked":["Force Field","Barrage"],"picked":"Ball Lightning","floor":20},{"not_picked":["Go for the Eyes","Beam Cell","Lockon"],"picked":"SKIP","floor":22},{"not_picked":["Conserve Battery","Reprogram","Go for the Eyes"],"picked":"SKIP","floor":24}],"player_experience":355461,"relics_obtained":[{"floor":6,"key":"Nunchaku"},{"floor":9,"key":"Bottled Lightning"},{"floor":26,"key":"Omamori"}],"event_choices":[{"damage_healed":0,"gold_gain":0,"player_choice":"Fled","damage_taken":0,"max_hp_gain":0,"max_hp_loss":0,"event_name":"Scrap Ooze","floor":3,"gold_loss":0},{"damage_healed":0,"gold_gain":100,"player_choice":"Pray","damage_taken":0,"max_hp_gain":0,"max_hp_loss":0,"event_name":"Golden Shrine","floor":4,"gold_loss":0},{"damage_healed":0,"gold_gain":0,"player_choice":"Ignored","damage_taken":0,"max_hp_gain":0,"max_hp_loss":0,"event_name":"Ghosts","floor":19,"gold_loss":0},{"damage_healed":0,"gold_gain":0,"player_choice":"Fight","damage_taken":0,"max_hp_gain":0,"max_hp_loss":0,"event_name":"Colosseum","floor":21,"gold_loss":0},{"damage_healed":0,"gold_gain":0,"player_choice":"Fled From Nobs","damage_taken":0,"max_hp_gain":0,"max_hp_loss":0,"event_name":"Colosseum","floor":21,"gold_loss":0},{"cards_removed":["Strike_B"],"damage_healed":0,"gold_gain":0,"player_choice":"Gave Gold","damage_taken":0,"max_hp_gain":0,"max_hp_loss":0,"event_name":"Beggar","floor":25,"gold_loss":75}],"is_beta":false,"boss_relics":[{"not_picked":["Coffee Dripper","Velvet Choker"],"picked":"Nuclear Battery"}],"items_purged_floors":[7,13],"is_endless":false,"potions_floor_spawned":[2,12,21],"killed_by":"Snake Plant","ascension_level":5}