{"gold_per_floor":[113,40,40,40,54,54,74,90,90,120,40,64,64,81,81,158,158,171,191,17,17,17,43,43,58,107,107,38,38],"floor_reached":29,"playtime":991,"items_purged":[],"score":513,"play_id":"e364d492-984f-4406-81d9-adc057d62086","local_time":"20190113211022","is_ascension_mode":true,"campfire_choices":[{"data":"Defragment","floor":6,"key":"SMITH"},{"floor":15,"key":"REST"},{"data":"White Noise","floor":24,"key":"SMITH"}],"neow_cost":"NONE","seed_source_timestamp":276156483440400,"circlet_count":0,"master_deck":["AscendersBane","Strike_B+1","Strike_B+1","Strike_B+1","Strike_B+1","Defend_B+1","Defend_B+1","Defend_B+1","Defend_B+1","Zap+1","Dualcast","Core Surge","Hologram","Storm","Defragment+1","White Noise+1","BootSequence","FTL","Defragment+1","Electrodynamics+1","Capacitor+1","Hologram","Heatsinks+1","Rainbow","Echo Form+1","Storm+1","Self Repair+1"],"relics":["Cracked Core","Frozen Egg 2","Emotion Chip","Odd Mushroom","CultistMask","Black Star","Bottled Flame","Bag of Preparation"],"potions_floor_usage":[10,12,21],"damage_taken":[{"damage":1,"enemies":"2 Louse","floor":1,"turns":3},{"damage":1,"enemies":"Cultist","floor":5,"turns":4},{"damage":4,"enemies":"Jaw Worm","floor":7,"turns":2},{"damage":27,"enemies":"Large Slime","floor":8,"turns":3},{"damage":15,"enemies":"3 Sentries","floor":10,"turns":7},{"damage":17,"enemies":"The Mushroom Lair","floor":12,"turns":3},{"damage":0,"enemies":"Red Slaver","floor":14,"turns":3},{"damage":0,"enemies":"Slime Boss","floor":16,"turns":5},{"damage":12,"enemies":"2 Thieves","floor":18,"turns":2},{"damage":2,"enemies":"Chosen","floor":19,"turns":3},{"damage":0,"enemies":"Centurion and Healer","floor":21,"turns":1},{"damage":29,"enemies":"Book of Stabbing","floor":23,"turns":4},{"damage":3,"enemies":"3 Cultists","floor":25,"turns":3},{"damage":21,"enemies":"Sentry and Sphere","floor":29,"turns":2}],"seed_played":"-3015000719376280503","potions_obtained":[{"floor":7,"key":"SmokeBomb"},{"floor":8,"key":"AttackPotion"},{"floor":10,"key":"Swift Potion"},{"floor":16,"key":"Strength Potion"},{"floor":23,"key":"GamblersBrew"}],"is_trial":false,"path_per_floor":["M","$","?","?","M","R","M","M","T","E","$","?","?","M","R","B",null,"M","M","$","M","?","E","R","M","T","?","$","M"],"character_chosen":"DEFECT","items_purchased":["Storm","Defragment+1","Heatsinks+1","Rainbow","Self Repair+1"],"campfire_rested":1,"item_purchase_floors":[2,11,20,20,28],"current_hp_per_floor":[63,63,68,68,67,67,63,36,36,21,21,4,4,4,26,26,64,52,50,50,50,50,21,21,18,18,18,18,0],"gold":38,"neow_bonus":"ONE_RANDOM_RARE_CARD","is_prod":false,"is_daily":false,"chose_seed":false,"campfire_upgraded":2,"win_rate":0,"timestamp":1547442622,"path_taken":["M","$","?","?","?","R","M","M","T","E","?","?","?","M","R","BOSS","M","M","$","M","?","E","R","M","T","?","$","M"],"build_version":"2019-01-10","purchased_purges":0,"victory":false,"max_hp_per_floor":[71,71,76,76,76,76,76,76,76,76,76,76,76,76,76,76,76,76,76,76,76,76,76,76,76,76,76,76,76],"card_choices":[{"not_picked":["Cold Snap","Steam"],"picked":"Hologram","floor":1},{"not_picked":["Steam","Double Energy"],"picked":"Defragment","floor":5},{"not_picked":["Sweeping Beam","Darkness"],"picked":"White Noise","floor":7},{"not_picked":["Compile Driver","Scrape"],"picked":"BootSequence","floor":8},{"not_picked":["Cold Snap","Amplify"],"picked":"FTL","floor":10},{"not_picked":["Streamline","Cold Snap","Redo"],"picked":"SKIP","floor":14},{"not_picked":["Meteor Strike","Fission"],"picked":"Electrodynamics+1","floor":16},{"not_picked":["Hologram","Aggregate"],"picked":"Capacitor+1","floor":18},{"not_picked":["Streamline","Sweeping Beam"],"picked":"Hologram","floor":19},{"not_picked":["Stack","Go for the Eyes"],"picked":"Echo Form+1","floor":23},{"not_picked":["Chill+1","Compile Driver"],"picked":"Storm+1","floor":25}],"player_experience":467413,"relics_obtained":[{"floor":9,"key":"Frozen Egg 2"},{"floor":10,"key":"Emotion Chip"},{"floor":12,"key":"Odd Mushroom"},{"floor":23,"key":"Bottled Flame"},{"floor":23,"key":"Bag of Preparation"}],"event_choices":[{"damage_healed":0,"gold_gain":0,"player_choice":"Donut","damage_taken":0,"max_hp_gain":5,"max_hp_loss":0,"event_name":"Big Fish","floor":3,"gold_loss":0},{"damage_healed":0,"gold_gain":0,"player_choice":"Forge","damage_taken":0,"max_hp_gain":0,"max_hp_loss":0,"event_name":"Accursed Blacksmith","floor":4,"gold_loss":0,"cards_upgraded":["Zap"]},{"damage_healed":0,"gold_gain":0,"player_choice":"Fought Mushrooms","damage_taken":0,"max_hp_gain":0,"max_hp_loss":0,"event_name":"Mushrooms","floor":12,"gold_loss":0},{"damage_healed":0,"gold_gain":0,"player_choice":"Trade","damage_taken":0,"relics_obtained":["CultistMask"],"max_hp_gain":0,"max_hp_loss":0,"event_name":"FaceTrader","floor":13,"gold_loss":0},{"damage_healed":0,"gold_gain":0,"player_choice":"Simplicity","damage_taken":0,"max_hp_gain":0,"max_hp_loss":0,"event_name":"Back to Basics","floor":22,"gold_loss":0,"cards_upgraded":["Strike_B","Strike_B","Strike_B","Strike_B","Defend_B","Defend_B","Defend_B","Defend_B"]},{"damage_healed":0,"gold_gain":0,"player_choice":"Ignored","damage_taken":0,"max_hp_gain":0,"max_hp_loss":0,"event_name":"Ghosts","floor":27,"gold_loss":0}],"is_beta":false,"boss_relics":[{"not_picked":["Empty Cage","Runic Dome"],"picked":"Black Star"}],"items_purged_floors":[],"is_endless":false,"potions_floor_spawned":[7,8,10,16,21,23],"killed_by":"Sentry and Sphere","ascension_level":15}