{"gold_per_floor":[112,112,122,122,147,178,178,204,204,13,53,1,34,55,55,185,185,203,128,142,156,176,176],"floor_reached":23,"playtime":1265,"items_purged":["Strike_B"],"score":377,"play_id":"ee39859e-9f29-4ce0-8a52-50e84a372ef0","local_time":"20180701185108","is_ascension_mode":true,"campfire_choices":[{"data":"Consume","floor":7,"key":"SMITH"},{"floor":15,"key":"REST"}],"neow_cost":"NONE","seed_source_timestamp":886710664489908,"circlet_count":0,"master_deck":["Strike_B","Strike_B","Defend_B","Defend_B","Defend_B","Defend_B","Zap","Dualcast","AscendersBane","Lockon","Consume+1","Cold Snap","Compile Driver","Conserve Battery","Glacier","Doom and Gloom","Skim","Hologram","Capacitor","Coolheaded","Redo+1","Coolheaded+1","Go for the Eyes"],"relics":["Cracked Core","NeowsBlessing","Golden Idol","Mango","Odd Mushroom","Pear","Strawberry","Dream Catcher","Runic Dome"],"potions_floor_usage":[11,23,23],"damage_taken":[{"damage":0,"enemies":"Jaw Worm","floor":1,"turns":1},{"damage":0,"enemies":"Cultist","floor":3,"turns":1},{"damage":0,"enemies":"Small Slimes","floor":5,"turns":1},{"damage":19,"enemies":"Lagavulin","floor":6,"turns":8},{"damage":29,"floor":8,"turns":5},{"damage":5,"enemies":"Gremlin Nob","floor":11,"turns":4},{"damage":5,"enemies":"Lagavulin","floor":13,"turns":8},{"damage":0,"enemies":"Red Slaver","floor":14,"turns":4},{"damage":24,"enemies":"The Guardian","floor":16,"turns":12},{"damage":12,"enemies":"Chosen","floor":18,"turns":7},{"damage":11,"enemies":"Shell Parasite","floor":20,"turns":7},{"damage":32,"enemies":"3 Cultists","floor":21,"turns":7},{"damage":10,"enemies":"Snecko","floor":22,"turns":8},{"damage":23,"enemies":"Slavers","floor":23,"turns":7}],"seed_played":"4016042005287048754","potions_obtained":[{"floor":1,"key":"SkillPotion"},{"floor":5,"key":"FocusPotion"},{"floor":11,"key":"Poison Potion"}],"is_trial":false,"path_per_floor":["M","?","M","?","M","E","R","?","T","$","E","$","E","M","R","B",null,"M","?","M","M","M"],"character_chosen":"DEFECT","items_purchased":["Glacier","Doom and Gloom","Hologram"],"campfire_rested":1,"item_purchase_floors":[10,10,12],"current_hp_per_floor":[68,61,61,43,43,38,38,9,19,19,21,21,16,16,47,23,85,73,73,62,30,20,0],"gold":176,"neow_bonus":"THREE_ENEMY_KILL","is_prod":false,"is_daily":false,"chose_seed":false,"campfire_upgraded":1,"win_rate":0,"timestamp":1530438668,"path_taken":["M","?","?","?","M","E","R","?","T","$","E","?","E","M","R","BOSS","M","?","?","M","M","E"],"build_version":"2018-06-28","purchased_purges":1,"victory":false,"max_hp_per_floor":[75,75,75,75,75,89,89,89,99,99,106,106,106,106,106,106,106,106,106,106,106,106,106],"card_choices":[{"not_picked":["Barrage","White Noise"],"picked":"Lockon","floor":1},{"not_picked":["Hologram","Melter"],"picked":"Consume","floor":3},{"not_picked":["Conserve Battery","Compile Driver"],"picked":"Cold Snap","floor":5},{"not_picked":["Amplify","Turbo"],"picked":"Compile Driver","floor":6},{"not_picked":["Redo","Steam Power"],"picked":"Conserve Battery","floor":8},{"not_picked":["Heatsinks","Stack"],"picked":"Skim","floor":11},{"not_picked":["Tempest","Beam Cell","Barrage"],"picked":"SKIP","floor":13},{"not_picked":["BootSequence","Beam Cell"],"picked":"Capacitor","floor":14},{"not_picked":["Stack","Rebound"],"picked":"Coolheaded","floor":15},{"not_picked":["Creative AI","Thunder Strike"],"picked":"Electrodynamics","floor":16},{"not_picked":["Gash","Go for the Eyes+1"],"picked":"Redo+1","floor":18},{"not_picked":["Leap","Turbo"],"picked":"Coolheaded+1","floor":20},{"not_picked":["Steam","Hologram"],"picked":"Go for the Eyes","floor":21},{"not_picked":["Reinforced Body+1","Fusion","Leap"],"picked":"SKIP","floor":22}],"player_experience":533429,"relics_obtained":[{"floor":6,"key":"Mango"},{"floor":8,"key":"Odd Mushroom"},{"floor":9,"key":"Pear"},{"floor":11,"key":"Strawberry"},{"floor":13,"key":"Dream Catcher"}],"event_choices":[{"event_name":"Golden Wing","player_choice":"Card Removal","floor":2,"damage_taken":0},{"event_name":"Golden Idol","player_choice":"Take Damage","floor":4,"damage_taken":0},{"event_name":"Mushrooms","player_choice":"Fought Mushrooms","floor":8,"damage_taken":0},{"event_name":"Beggar","player_choice":"Gave Gold","floor":19,"damage_taken":0}],"boss_relics":[{"not_picked":["Snecko Eye","Pandora\u0027s Box"],"picked":"Runic Dome"}],"items_purged_floors":[10],"is_endless":false,"potions_floor_spawned":[1,5,6,11,16,18,20,21],"killed_by":"Slavers","ascension_level":11}