{"gold_per_floor":[17,17,17,33,33,33,61,61,361,307,337,337,356,369,369,442,442,455,370,370,385,62,90,90,70,96,110,142,142,174,10,10,84,84,96,96,111,30,30,30,59,59,59,76,76,107,15,44,44,44,44,44,4,36,36],"floor_reached":55,"playtime":2249,"items_purged":["Writhe","Strike_B"],"score":1718,"play_id":"1b20f02f-0039-422b-865d-10c60d7b1cdb","local_time":"20190116175040","is_ascension_mode":true,"campfire_choices":[{"data":"Zap","floor":6,"key":"SMITH"},{"data":"Storm","floor":12,"key":"SMITH"},{"data":"Storm","floor":15,"key":"SMITH"},{"data":"Capacitor","floor":24,"key":"SMITH"},{"data":"Heatsinks","floor":29,"key":"SMITH"},{"floor":32,"key":"REST"},{"data":"Biased Cognition","floor":40,"key":"SMITH"},{"floor":42,"key":"RECALL"},{"data":"Buffer","floor":49,"key":"SMITH"},{"floor":52,"key":"REST"}],"neow_cost":"NO_GOLD","seed_source_timestamp":522114978662200,"circlet_count":0,"master_deck":["AscendersBane","Strike_B","Strike_B","Strike_B","Defend_B","Defend_B","Defend_B","Zap+1","Dualcast","Go for the Eyes+1","Doom and Gloom","Ball Lightning","Storm+1","Storm+1","Capacitor+1","Biased Cognition+1","Double Energy+1","Coolheaded","Self Repair","Ball Lightning+1","Heatsinks+1","Buffer+1","Chill","BootSequence","Capacitor+1","Storm","Coolheaded","Hello World","Buffer","White Noise+1","Steam Power","Biased Cognition","Barrage+1","Coolheaded","Capacitor","Skim+1","Consume","Static Discharge","Steam+1"],"relics":["Cracked Core","FossilizedHelix","Peace Pipe","Cables","Old Coin","Blue Candle","Sozu","Lantern","Molten Egg 2","Membership Card","Dream Catcher","Orichalcum","Juzu Bracelet","PreservedInsect","DollysMirror","Nuclear Battery","Blood Vial","Omamori","Bag of Marbles","Vajra","Gambling Chip"],"potions_floor_usage":[7,23],"damage_taken":[{"damage":7,"enemies":"Jaw Worm","floor":1,"turns":3},{"damage":7,"enemies":"2 Louse","floor":4,"turns":3},{"damage":20,"enemies":"3 Sentries","floor":7,"turns":8},{"damage":0,"enemies":"Lagavulin","floor":11,"turns":4},{"damage":0,"enemies":"Small Slimes","floor":13,"turns":2},{"damage":0,"enemies":"Blue Slaver","floor":14,"turns":3},{"damage":0,"enemies":"Slime Boss","floor":16,"turns":8},{"damage":5,"enemies":"3 Byrds","floor":18,"turns":2},{"damage":0,"enemies":"Chosen","floor":21,"turns":3},{"damage":17,"enemies":"Slavers","floor":23,"turns":3},{"damage":0,"enemies":"Snake Plant","floor":27,"turns":3},{"damage":20,"enemies":"Gremlin Leader","floor":28,"turns":4},{"damage":14,"enemies":"Book of Stabbing","floor":30,"turns":3},{"damage":0,"enemies":"Champ","floor":33,"turns":6},{"damage":0,"enemies":"Orb Walker","floor":35,"turns":4},{"damage":0,"enemies":"3 Shapes","floor":37,"turns":3},{"damage":7,"enemies":"Nemesis","floor":41,"turns":5},{"damage":17,"enemies":"Jaw Worm Horde","floor":44,"turns":3},{"damage":0,"enemies":"Reptomancer","floor":46,"turns":4},{"damage":7,"enemies":"Nemesis","floor":48,"turns":4},{"damage":65,"enemies":"Awakened One","floor":50,"turns":9},{"damage":46,"enemies":"Shield and Spear","floor":54,"turns":4},{"damage":89,"enemies":"The Heart","floor":55,"turns":3}],"seed_played":"-3713523757012033713","potions_obtained":[{"floor":4,"key":"Swift Potion"},{"floor":16,"key":"GamblersBrew"}],"is_trial":false,"path_per_floor":["M","?","?","M","?","R","E","T","T","?","E","R","M","M","R","B",null,"M","?","?","M","$","E","R","?","T","M","E","R","E","$","R","B",null,"M","?","M","$","?","R","E","R","T","M","?","E","$","E","R","B",null,"R","$","E","B"],"character_chosen":"DEFECT","items_purchased":["Membership Card","Self Repair","Ball Lightning+1","DollysMirror","Storm","Coolheaded","Blood Vial","Capacitor","Static Discharge"],"campfire_rested":2,"item_purchase_floors":[22,22,22,31,31,31,38,47,53],"current_hp_per_floor":[71,71,71,64,53,53,33,33,33,33,33,33,33,33,33,33,72,67,67,67,67,67,50,50,50,50,57,37,37,30,30,55,62,79,79,79,85,85,85,85,78,78,78,70,70,79,79,81,81,25,70,85,85,46,0],"gold":36,"neow_bonus":"TWENTY_PERCENT_HP_BONUS","is_prod":false,"is_daily":false,"chose_seed":false,"campfire_upgraded":7,"win_rate":0,"timestamp":1547689840,"path_taken":["M","?","?","M","?","R","E","?","T","?","E","R","M","?","R","BOSS","M","?","?","M","$","E","R","?","T","M","E","R","E","$","R","BOSS","M","?","M","$","?","R","E","R","T","M","?","E","$","E","R","BOSS","R","$","E","BOSS"],"build_version":"2019-01-10","purchased_purges":2,"victory":false,"max_hp_per_floor":[85,85,85,85,85,85,85,85,85,85,85,85,85,85,85,85,85,85,85,85,85,85,85,85,85,85,85,85,85,85,85,85,85,85,85,85,85,85,85,85,85,85,85,85,85,85,85,85,85,85,85,85,85,85,85],"card_choices":[{"not_picked":["Beam Cell","Heatsinks"],"picked":"Go for the Eyes","floor":1},{"not_picked":["Leap","Aggregate"],"picked":"Doom and Gloom","floor":4},{"not_picked":["Reinforced Body","Turbo"],"picked":"Ball Lightning","floor":7},{"not_picked":["Hologram","BootSequence"],"picked":"Storm","floor":11},{"not_picked":["Sweeping Beam","Beam Cell"],"picked":"Storm","floor":13},{"not_picked":["Melter","Gash"],"picked":"Capacitor","floor":14},{"not_picked":["Meteor Strike","Reboot"],"picked":"Biased Cognition","floor":16},{"not_picked":["Rip and Tear","Go for the Eyes"],"picked":"Double Energy+1","floor":18},{"not_picked":["Gash+1","Scrape+1"],"picked":"Coolheaded","floor":21},{"not_picked":["Steam Power","Compile Driver+1"],"picked":"Heatsinks","floor":23},{"not_picked":["Force Field","Sweeping Beam+1"],"picked":"Buffer","floor":27},{"not_picked":["Gash+1","Barrage+1"],"picked":"Chill","floor":28},{"not_picked":["Steam","Reinforced Body"],"picked":"BootSequence","floor":30},{"not_picked":["Hologram","Skim"],"picked":"Hello World","floor":32},{"not_picked":["All For One+1","Multi-Cast"],"picked":"Buffer","floor":33},{"not_picked":["Double Energy","Leap"],"picked":"White Noise+1","floor":35},{"not_picked":["Cold Snap+1","Hologram"],"picked":"Steam Power","floor":37},{"not_picked":["Turbo+1","Rebound+1","Chaos"],"picked":"SKIP","floor":41},{"not_picked":["Compile Driver+1","Go for the Eyes+1"],"picked":"Barrage+1","floor":44},{"not_picked":["Hyperbeam+1","Gash+1"],"picked":"Coolheaded","floor":46},{"not_picked":["Double Energy","Conserve Battery"],"picked":"Skim+1","floor":48},{"not_picked":["Steam","Conserve Battery"],"picked":"Consume","floor":52},{"not_picked":["Undo","Rainbow"],"picked":"Steam+1","floor":54}],"player_experience":512926,"relics_obtained":[{"floor":7,"key":"Peace Pipe"},{"floor":8,"key":"Cables"},{"floor":9,"key":"Old Coin"},{"floor":11,"key":"Blue Candle"},{"floor":23,"key":"Dream Catcher"},{"floor":26,"key":"Orichalcum"},{"floor":28,"key":"Juzu Bracelet"},{"floor":30,"key":"PreservedInsect"},{"floor":41,"key":"Omamori"},{"floor":46,"key":"Bag of Marbles"},{"floor":48,"key":"Vajra"},{"floor":54,"key":"Gambling Chip"}],"event_choices":[{"damage_healed":0,"gold_gain":0,"player_choice":"Grow","damage_taken":0,"max_hp_gain":0,"max_hp_loss":0,"event_name":"Living Wall","floor":2,"gold_loss":0,"cards_upgraded":["Go for the Eyes"]},{"damage_healed":0,"gold_gain":0,"player_choice":"Leave","damage_taken":0,"max_hp_gain":0,"max_hp_loss":0,"event_name":"The Cleric","floor":3,"gold_loss":0},{"damage_healed":0,"gold_gain":0,"player_choice":"Success","damage_taken":11,"relics_obtained":["FossilizedHelix"],"max_hp_gain":0,"max_hp_loss":0,"event_name":"Scrap Ooze","floor":5,"gold_loss":0},{"damage_healed":0,"gold_gain":0,"player_choice":"Left Gold","damage_taken":0,"max_hp_gain":0,"max_hp_loss":0,"event_name":"World of Goop","floor":10,"gold_loss":54},{"damage_healed":0,"gold_gain":0,"player_choice":"Obtained Relic","damage_taken":0,"relics_obtained":["Lantern"],"max_hp_gain":0,"max_hp_loss":0,"event_name":"Addict","floor":19,"gold_loss":85},{"damage_healed":0,"gold_gain":0,"player_choice":"Opened","damage_taken":0,"relics_obtained":["Molten Egg 2"],"max_hp_gain":0,"max_hp_loss":0,"event_name":"The Mausoleum","floor":20,"gold_loss":0,"cards_obtained":["Writhe"]},{"damage_healed":0,"gold_gain":0,"player_choice":"Bought 1 Potion","damage_taken":0,"max_hp_gain":0,"max_hp_loss":0,"event_name":"The Woman in Blue","floor":25,"gold_loss":0},{"damage_healed":0,"gold_gain":0,"player_choice":"Got Potions","damage_taken":0,"max_hp_gain":0,"max_hp_loss":0,"event_name":"Lab","floor":36,"gold_loss":0},{"damage_healed":0,"gold_gain":0,"player_choice":"Copied","damage_taken":0,"max_hp_gain":0,"max_hp_loss":0,"event_name":"Duplicator","floor":39,"gold_loss":0,"cards_obtained":["Biased Cognition"]},{"cards_removed":["Defend_B"],"damage_healed":0,"gold_gain":0,"player_choice":"Removed Skill","damage_taken":0,"max_hp_gain":0,"max_hp_loss":0,"event_name":"Falling","floor":45,"gold_loss":0}],"is_beta":false,"boss_relics":[{"not_picked":["Tiny House","Philosopher\u0027s Stone"],"picked":"Sozu"},{"not_picked":["Black Star","Velvet Choker"],"picked":"Nuclear Battery"}],"items_purged_floors":[22,47],"is_endless":false,"potions_floor_spawned":[4,16,18,23,35,37],"killed_by":"The Heart","ascension_level":17}