{"gold_per_floor":[14,114,67,13,27,27,47,58,84,84,84,116,129,129,129,233,233,233,203,6,6,6,6,6,6,6,6,6,6,6,6,6,6],"floor_reached":33,"playtime":1857,"items_purged":["Strike_G"],"score":245,"play_id":"445b9c98-bce9-47e8-a54d-f9f479fa6629","local_time":"20181207023538","is_ascension_mode":false,"campfire_choices":[{"data":"Outmaneuver","floor":6,"key":"SMITH"},{"data":"Skewer","floor":10,"key":"SMITH"},{"data":"Skewer","floor":15,"key":"SMITH"},{"data":"Outmaneuver","floor":23,"key":"SMITH"},{"floor":25,"key":"REST"},{"floor":32,"key":"REST"}],"neow_cost":"NO_GOLD","seed_source_timestamp":618686779166160,"circlet_count":0,"master_deck":["Defend_G","Defend_G","Defend_G","Defend_G","Defend_G","Strike_G+1","Strike_G","Survivor","Neutralize","Unload+1","PiercingWail","Skewer+1","Outmaneuver+1","Dagger Throw","All Out Attack","Skewer+1","Die Die Die","Corpse Explosion","Flying Knee","Outmaneuver+1","Catalyst","Poisoned Stab","Adrenaline"],"relics":["Ring of the Snake","Ancient Tea Set","Bag of Preparation","Ectoplasm","Prayer Wheel","Snake Skull"],"potions_floor_usage":[12,16,22,22,33],"damage_taken":[{"damage":0,"enemies":"Cultist","floor":1,"turns":4},{"damage":1,"enemies":"Jaw Worm","floor":5,"turns":3},{"damage":0,"enemies":"Small Slimes","floor":7,"turns":3},{"damage":0,"enemies":"3 Louse","floor":8,"turns":3},{"damage":12,"enemies":"3 Sentries","floor":12,"turns":6},{"damage":0,"enemies":"Looter","floor":13,"turns":3},{"damage":16,"enemies":"Slime Boss","floor":16,"turns":9},{"damage":2,"enemies":"Chosen","floor":18,"turns":4},{"damage":12,"enemies":"2 Thieves","floor":19,"turns":2},{"damage":12,"enemies":"Centurion and Healer","floor":22,"turns":5},{"damage":21,"enemies":"Snake Plant","floor":24,"turns":2},{"damage":29,"enemies":"Sentry and Sphere","floor":30,"turns":6},{"damage":45,"enemies":"Collector","floor":33,"turns":4}],"seed_played":"9223098435965131098","potions_obtained":[{"floor":7,"key":"Poison Potion"},{"floor":12,"key":"Poison Potion"},{"floor":18,"key":"Poison Potion"},{"floor":19,"key":"Explosive Potion"},{"floor":30,"key":"SteroidPotion"}],"is_trial":false,"path_per_floor":["M","?","$","$","M","R","M","M","T","R","?","E","M","?","R","B",null,"M","M","$","?","M","R","M","R","T","?","?","T","M","$","R","B"],"character_chosen":"THE_SILENT","items_purchased":["Outmaneuver","Dagger Throw","Outmaneuver","Catalyst"],"campfire_rested":2,"item_purchase_floors":[3,4,20,20],"current_hp_per_floor":[70,70,70,70,69,69,69,69,69,69,74,62,62,47,47,31,75,73,61,61,61,49,49,28,50,50,50,50,50,21,21,43,0],"gold":6,"neow_bonus":"TRANSFORM_TWO_CARDS","is_prod":false,"is_daily":false,"chose_seed":false,"campfire_upgraded":4,"win_rate":0.0,"timestamp":1544168138,"path_taken":["M","?","?","$","M","R","M","?","T","R","?","E","M","?","R","BOSS","M","M","$","?","M","R","M","R","T","?","?","?","M","$","R","BOSS"],"build_version":"2018-12-06","purchased_purges":1,"victory":false,"max_hp_per_floor":[70,70,70,70,70,70,70,70,70,70,75,75,75,75,75,75,75,75,75,75,75,75,75,75,75,75,75,75,75,75,75,75,75],"card_choices":[{"not_picked":["Acrobatics","Crippling Poison"],"picked":"Skewer","floor":1},{"not_picked":["Flechettes","Prepared"],"picked":"All Out Attack","floor":5},{"not_picked":["Sucker Punch","Distraction"],"picked":"Skewer","floor":7},{"not_picked":["Prepared","Bane"],"picked":"Die Die Die","floor":8},{"not_picked":["Dodge and Roll","Deflect","Underhanded Strike"],"picked":"SKIP","floor":12},{"not_picked":["Dagger Spray","Blade Dance","Bouncing Flask"],"picked":"SKIP","floor":13},{"not_picked":["After Image","Wraith Form v2"],"picked":"Corpse Explosion","floor":16},{"not_picked":["Acrobatics+1","Dash"],"picked":"Flying Knee","floor":18},{"not_picked":["Prepared","Finisher","Dodge and Roll"],"picked":"SKIP","floor":19},{"not_picked":["Quick Slash","Masterful Stab","Slice"],"picked":"SKIP","floor":22},{"not_picked":["Dagger Spray","Escape Plan","Acrobatics"],"picked":"SKIP","floor":24},{"not_picked":["Skewer","Slice"],"picked":"Poisoned Stab","floor":30},{"not_picked":["Footwork","Dodge and Roll+1"],"picked":"Adrenaline","floor":30}],"player_experience":175316,"relics_obtained":[{"floor":9,"key":"Ancient Tea Set"},{"floor":12,"key":"Bag of Preparation"},{"floor":26,"key":"Prayer Wheel"},{"floor":29,"key":"Snake Skull"}],"event_choices":[{"damage_healed":0,"gold_gain":100,"player_choice":"Pray","damage_taken":0,"max_hp_gain":0,"max_hp_loss":0,"event_name":"Golden Shrine","floor":2,"gold_loss":0},{"damage_healed":0,"gold_gain":0,"player_choice":"Donut","damage_taken":0,"max_hp_gain":5,"max_hp_loss":0,"event_name":"Big Fish","floor":11,"gold_loss":0},{"damage_healed":0,"gold_gain":0,"player_choice":"Entered Light","damage_taken":15,"max_hp_gain":0,"max_hp_loss":0,"event_name":"Shining Light","floor":14,"gold_loss":0,"cards_upgraded":["Strike_G","Unload"]},{"damage_healed":0,"gold_gain":0,"player_choice":"Ignored","damage_taken":0,"max_hp_gain":0,"max_hp_loss":0,"event_name":"The Mausoleum","floor":27,"gold_loss":0},{"damage_healed":0,"gold_gain":0,"player_choice":"Ignored","damage_taken":0,"max_hp_gain":0,"max_hp_loss":0,"event_name":"Vampires","floor":28,"gold_loss":0}],"is_beta":false,"boss_relics":[{"not_picked":["Velvet Choker","Busted Crown"],"picked":"Ectoplasm"}],"items_purged_floors":[20],"is_endless":false,"potions_floor_spawned":[7,12,18,19,30],"killed_by":"Collector","ascension_level":0}