{"gold_per_floor":[15,15,32,49,49,49,84,96,96,111,141,58,58,58,58,135,135,147,197,122,134,134,134],"floor_reached":23,"playtime":804,"items_purged":[],"score":437,"play_id":"2fc4fd19-bcb3-420a-be5d-798a881f0f28","local_time":"20181004203902","is_ascension_mode":true,"campfire_choices":[{"data":"Cloak And Dagger","floor":6.0,"key":"SMITH"},{"floor":15,"key":"REST"}],"neow_cost":"NO_GOLD","seed_source_timestamp":175866805223030,"circlet_count":0,"master_deck":["Defend_G","Defend_G","Defend_G","Defend_G","Strike_G","Strike_G","Survivor","Neutralize","AscendersBane","Dagger Throw","Cloak And Dagger+1","Slice","All Out Attack+1","Well Laid Plans","Footwork","Finisher","Phantasmal Killer","Reflex+1","Deflect","Prepared"],"special_seed":0,"relics":["Ring of the Snake","Blood Vial","Potion Belt","Mercury Hourglass","Eternal Feather"],"potions_floor_usage":[16,16],"damage_taken":[{"damage":2.0,"enemies":"Jaw Worm","floor":1.0,"turns":7.0},{"damage":1.0,"enemies":"Cultist","floor":3.0,"turns":5.0},{"damage":0.0,"enemies":"2 Louse","floor":4.0,"turns":3.0},{"damage":39.0,"enemies":"Gremlin Nob","floor":7.0,"turns":5.0},{"damage":15.0,"enemies":"Exordium Wildlife","floor":8.0,"turns":4.0},{"damage":0.0,"enemies":"Lots of Slimes","floor":10.0,"turns":1.0},{"damage":0.0,"enemies":"Lagavulin","floor":11.0,"turns":6.0},{"damage":11,"enemies":"Slime Boss","floor":16,"turns":8},{"damage":15,"enemies":"2 Thieves","floor":18,"turns":4},{"damage":17,"enemies":"Spheric Guardian","floor":21,"turns":4},{"damage":27,"enemies":"Slavers","floor":23,"turns":3}],"seed_played":"6253960336044279075","potions_obtained":[{"floor":1.0,"key":"Block Potion"},{"floor":3.0,"key":"Dexterity Potion"},{"floor":8.0,"key":"Fire Potion"},{"floor":10.0,"key":"GhostInAJar"},{"floor":11.0,"key":"Poison Potion"}],"is_trial":false,"path_per_floor":["M","?","M","M","?","R","E","M","T","M","E","$","?","?","R","B",null,"M","?","?","M","?"],"character_chosen":"THE_SILENT","items_purchased":["Footwork"],"campfire_rested":1,"item_purchase_floors":[12],"current_hp_per_floor":[57,57,56,56,61,61,22,9,9,11,13,13,13,13,34,25,60,47,47,47,32,32,7],"gold":134,"neow_bonus":"REMOVE_TWO","is_prod":false,"is_daily":false,"chose_seed":false,"campfire_upgraded":1,"win_rate":0,"timestamp":1538653142,"path_taken":["M","?","M","M","?","R","E","M","T","?","E","$","?","?","R","BOSS","M","?","?","?","?","E"],"build_version":"2018-09-27","purchased_purges":0,"victory":false,"max_hp_per_floor":[66,66,66,66,71,71,71,71,71,71,71,71,71,71,71,71,71,71,71,71,71,71,71],"card_choices":[{"not_picked":["Blur","Crippling Poison"],"picked":"Dagger Throw","floor":1.0},{"not_picked":["Escape Plan","Outmaneuver"],"picked":"Cloak And Dagger","floor":3.0},{"not_picked":["Accuracy","Quick Slash"],"picked":"Slice","floor":4.0},{"not_picked":["Poisoned Stab","Distraction"],"picked":"All Out Attack","floor":7.0},{"not_picked":["Reflex","PiercingWail"],"picked":"Well Laid Plans","floor":8.0},{"not_picked":["Sucker Punch","Deflect"],"picked":"Masterful Stab","floor":10.0},{"not_picked":["Deadly Poison","Deflect","Setup"],"picked":"SKIP","floor":11.0},{"not_picked":["Predator","Deadly Poison+1"],"picked":"Reflex+1","floor":18},{"not_picked":["Catalyst","Acrobatics"],"picked":"Deflect","floor":21}],"player_experience":690725,"relics_obtained":[{"floor":7.0,"key":"Blood Vial"},{"floor":9.0,"key":"Potion Belt"},{"floor":11.0,"key":"Mercury Hourglass"}],"event_choices":[{"event_name":"Bonfire Elementals","player_choice":"BASIC","floor":2.0,"damage_taken":0.0},{"event_name":"Big Fish","player_choice":"Donut","floor":5.0,"damage_taken":0.0},{"event_name":"Living Wall","player_choice":"Grow","floor":13.0,"damage_taken":0.0},{"event_name":"Match and Keep!","player_choice":"2 cards matched","floor":14,"damage_taken":0},{"event_name":"Nest","player_choice":"Stole From Cult","floor":19,"damage_taken":0},{"event_name":"Beggar","player_choice":"Gave Gold","floor":20,"damage_taken":0},{"event_name":"Transmorgrifier","player_choice":"Transform","floor":22,"damage_taken":0}],"is_beta":false,"boss_relics":[{"not_picked":["White Beast Statue","Orrery"],"picked":"Eternal Feather"}],"items_purged_floors":[],"is_endless":false,"potions_floor_spawned":[1,3,8,10,11],"killed_by":"Slavers","ascension_level":19}