{"gold_per_floor":[112,112,112,13,32,32,65,86,86,86,86,25,41,64,64,64],"floor_reached":16,"playtime":431,"items_purged":["Strike_G"],"score":175,"play_id":"5d927ffd-ca18-42c3-afff-beab3f4a535d","local_time":"20180911120517","is_ascension_mode":true,"campfire_choices":[{"data":"Dagger Spray","floor":6,"key":"SMITH"},{"data":"Neutralize","floor":10,"key":"SMITH"},{"data":"Choke","floor":15,"key":"SMITH"}],"neow_cost":"TEN_PERCENT_HP_LOSS","seed_source_timestamp":546292402999044,"circlet_count":0,"master_deck":["Defend_G","Defend_G","Defend_G","Defend_G","Defend_G","Strike_G","Strike_G","Strike_G","Strike_G","Survivor","Neutralize+1","AscendersBane","Flying Knee","Dagger Spray+1","Escape Plan","Slice","Die Die Die","Choke+1"],"relics":["Ring of the Snake","Torii","Golden Idol","Gremlin Horn","The Courier"],"potions_floor_usage":[16],"damage_taken":[{"damage":6,"enemies":"Jaw Worm","floor":1,"turns":4},{"damage":1,"enemies":"Small Slimes","floor":5,"turns":4},{"damage":28,"enemies":"Gremlin Nob","floor":7,"turns":6},{"damage":0,"enemies":"2 Louse","floor":8,"turns":3},{"damage":0,"enemies":"2 Fungi Beasts","floor":13,"turns":2},{"damage":0,"enemies":"Large Slime","floor":14,"turns":4},{"damage":20,"enemies":"Slime Boss","floor":16,"turns":8}],"seed_played":"-3532491754151184917","potions_obtained":[{"floor":8,"key":"Explosive Potion"},{"floor":13,"key":"Ancient Potion"}],"is_trial":false,"path_per_floor":["M","?","?","$","M","R","E","M","T","R","?","$","M","M","R"],"character_chosen":"THE_SILENT","items_purchased":["Dagger Spray","Die Die Die"],"campfire_rested":0,"item_purchase_floors":[4,12],"current_hp_per_floor":[53,32,52,52,51,51,23,23,23,23,23,23,23,23,23,3],"gold":64,"neow_bonus":"ONE_RARE_RELIC","is_prod":false,"is_daily":false,"chose_seed":false,"campfire_upgraded":3,"win_rate":0,"timestamp":1536635117,"path_taken":["M","?","?","$","M","R","E","M","T","R","?","$","M","M","R","BOSS"],"build_version":"2018-09-06","purchased_purges":1,"victory":false,"max_hp_per_floor":[60,60,60,60,60,60,60,60,60,60,60,60,60,60,60,60],"card_choices":[{"not_picked":["Prepared","Bouncing Flask"],"picked":"Flying Knee","floor":1},{"not_picked":["Accuracy","Flying Knee"],"picked":"Escape Plan","floor":5},{"not_picked":["Deadly Poison","Heel Hook"],"picked":"Slice","floor":7},{"not_picked":["Setup","Blade Dance","Infinite Blades"],"picked":"SKIP","floor":8},{"not_picked":["Corpse Explosion","Bane","Slice"],"picked":"SKIP","floor":13},{"not_picked":["Dash","Deadly Poison"],"picked":"Choke","floor":14}],"player_experience":643147,"relics_obtained":[{"floor":7,"key":"Gremlin Horn"},{"floor":9,"key":"The Courier"}],"event_choices":[{"event_name":"Golden Idol","player_choice":"Take Damage","floor":2,"damage_taken":0},{"event_name":"Big Fish","player_choice":"Banana","floor":3,"damage_taken":0},{"event_name":"Liars Game","player_choice":"disagreed","floor":11,"damage_taken":0}],"is_beta":false,"boss_relics":[],"items_purged_floors":[4],"is_endless":false,"potions_floor_spawned":[8,13,14],"killed_by":"Slime Boss","ascension_level":15}