{"gold_per_floor":[366,13,29,29,179,179,79,79,79,129,129,143,161,176,176,249,249,266,266,266,181,199,199,30,30,55,68,9,9,34,48,48,48],"floor_reached":33,"playtime":1128,"items_purged":["Shame","Regret"],"score":556,"play_id":"9aa0a12c-cae5-4014-89e6-a41862e36530","local_time":"20181103234142","is_ascension_mode":true,"campfire_choices":[{"data":"Zap","floor":6.0,"key":"SMITH"},{"floor":11.0,"key":"REST"},{"floor":15.0,"key":"REST"},{"data":"Chill","floor":23.0,"key":"SMITH"},{"data":"Dualcast","floor":25.0,"key":"SMITH"},{"floor":32.0,"key":"REST"}],"neow_cost":"CURSE","seed_source_timestamp":184231365642453,"circlet_count":0,"master_deck":["AscendersBane","Strike_B+1","Strike_B+1","Defend_B+1","Defend_B+1","Defend_B+1","Defend_B+1","Zap+1","Dualcast+1","Undo","Doubt","Coolheaded","Chill+1","Seek","Biased Cognition+1","Ball Lightning+1","Defragment+1","Hyperbeam+1","Cold Snap+1"],"special_seed":0,"relics":["Cracked Core","Frozen Egg 2","Molten Egg 2","Letter Opener","Matryoshka","Sozu","Regal Pillow","Oddly Smooth Stone","Singing Bowl","Whetstone","Pen Nib"],"potions_floor_usage":[],"damage_taken":[{"damage":1.0,"enemies":"Cultist","floor":1.0,"turns":4.0},{"damage":4.0,"enemies":"Small Slimes","floor":3.0,"turns":4.0},{"damage":2.0,"enemies":"2 Louse","floor":12.0,"turns":3.0},{"damage":0.0,"enemies":"Blue Slaver","floor":13.0,"turns":4.0},{"damage":0.0,"enemies":"2 Fungi Beasts","floor":14.0,"turns":3.0},{"damage":47.0,"enemies":"The Guardian","floor":16.0,"turns":18.0},{"damage":30.0,"enemies":"Chosen","floor":18.0,"turns":6.0},{"damage":0.0,"enemies":"3 Byrds","floor":22.0,"turns":3.0},{"damage":7.0,"enemies":"Centurion and Healer","floor":27.0,"turns":6.0},{"damage":0.0,"enemies":"Gremlin Leader","floor":30.0,"turns":6.0},{"damage":0.0,"enemies":"Chosen and Byrds","floor":31.0,"turns":6.0},{"damage":112,"enemies":"Champ","floor":33,"turns":24}],"seed_played":"7976069775602296909","potions_obtained":[{"floor":3.0,"key":"GamblersBrew"},{"floor":12.0,"key":"Explosive Potion"}],"is_trial":false,"path_per_floor":["M","$","M","?","?","R","$","?","T","?","R","M","M","M","R","B",null,"M","?","?","?","M","R","$","R","T","M","$","?","E","M","R","B"],"character_chosen":"DEFECT","items_purchased":["Frozen Egg 2","Oddly Smooth Stone","Cold Snap+1"],"campfire_rested":3,"item_purchase_floors":[2,24,28],"current_hp_per_floor":[63,63,59,59,59,59,59,33,33,26,47,45,45,45,66,19,58,28,28,42,42,42,42,42,42,42,37,37,37,39,41,77,0],"gold":48,"neow_bonus":"TWO_FIFTY_GOLD","is_prod":false,"is_daily":false,"chose_seed":false,"campfire_upgraded":3,"win_rate":0,"timestamp":1541313702,"path_taken":["M","?","M","?","?","R","$","?","T","?","R","M","M","?","R","BOSS","M","?","?","?","M","R","$","R","T","M","$","?","E","?","R","BOSS"],"build_version":"2018-11-01","purchased_purges":2,"victory":false,"max_hp_per_floor":[71,71,71,71,71,71,71,71,71,71,71,71,71,71,71,71,71,71,71,71,71,71,71,71,71,71,73,73,73,75,77,77,77],"card_choices":[{"not_picked":["Compile Driver","Gash","Turbo"],"picked":"SKIP","floor":1.0},{"not_picked":["Turbo","Stack"],"picked":"Undo","floor":3.0},{"not_picked":["Streamline+1","Sweeping Beam+1"],"picked":"Coolheaded","floor":12.0},{"not_picked":["Barrage+1","Conserve Battery"],"picked":"Chill","floor":13.0},{"not_picked":["White Noise","Ball Lightning+1"],"picked":"Seek","floor":14.0},{"not_picked":["Reboot","Amplify"],"picked":"Biased Cognition+1","floor":16.0},{"not_picked":["Rip and Tear+1","Go for the Eyes+1"],"picked":"Ball Lightning+1","floor":18.0},{"not_picked":["Sunder+1","Coolheaded","Gash+1"],"picked":"SKIP","floor":22.0},{"not_picked":["Doom and Gloom+1","Go for the Eyes+1","Sweeping Beam+1"],"picked":"Singing Bowl","floor":27.0},{"not_picked":["Chaos","Amplify","Barrage+1"],"picked":"Singing Bowl","floor":30.0},{"not_picked":["Rebound+1","Cold Snap+1","Recycle"],"picked":"Singing Bowl","floor":31.0}],"player_experience":608517,"relics_obtained":[{"floor":9.0,"key":"Matryoshka"},{"floor":26.0,"key":"Singing Bowl"},{"floor":26.0,"key":"Whetstone"},{"floor":30.0,"key":"Pen Nib"}],"event_choices":[{"damage_healed":0.0,"max_hp_gain":0.0,"max_hp_loss":0.0,"gold_gain":0.0,"event_name":"Big Fish","player_choice":"Box","floor":4.0,"gold_loss":0.0,"damage_taken":0.0,"relics_obtained":["Molten Egg 2"],"cards_obtained":["Regret"]},{"damage_healed":0.0,"max_hp_gain":0.0,"max_hp_loss":0.0,"gold_gain":150.0,"event_name":"Liars Game","player_choice":"AGREE","floor":5.0,"gold_loss":0.0,"damage_taken":0.0,"cards_obtained":["Doubt"]},{"damage_healed":0.0,"max_hp_gain":0.0,"max_hp_loss":0.0,"gold_gain":0.0,"event_name":"Scrap Ooze","player_choice":"Success","floor":8.0,"gold_loss":0.0,"damage_taken":26.0,"relics_obtained":["Letter Opener"]},{"damage_healed":0.0,"max_hp_gain":0.0,"max_hp_loss":0.0,"gold_gain":50.0,"event_name":"FaceTrader","player_choice":"Touch","floor":10.0,"gold_loss":0.0,"damage_taken":7.0},{"damage_healed":0.0,"max_hp_gain":0.0,"max_hp_loss":0.0,"gold_gain":0.0,"cards_transformed":["Strike_B","Strike_B"],"event_name":"Drug Dealer","player_choice":"Became Test Subject","floor":19.0,"gold_loss":0.0,"damage_taken":0.0,"cards_obtained":["Defragment","Hyperbeam"]},{"damage_healed":14.0,"max_hp_gain":0.0,"max_hp_loss":0.0,"gold_gain":0.0,"event_name":"The Library","player_choice":"Heal","floor":20.0,"gold_loss":0.0,"damage_taken":0.0},{"damage_healed":0.0,"max_hp_gain":0.0,"max_hp_loss":0.0,"gold_gain":0.0,"event_name":"Addict","player_choice":"Obtained Relic","floor":21.0,"gold_loss":85.0,"damage_taken":0.0,"relics_obtained":["Regal Pillow"]},{"damage_healed":0.0,"max_hp_gain":0.0,"max_hp_loss":0.0,"gold_gain":0.0,"event_name":"Back to Basics","player_choice":"Simplicity","floor":29.0,"gold_loss":0.0,"damage_taken":0.0,"cards_upgraded":["Defend_B","Defend_B","Defend_B","Defend_B"]}],"is_beta":false,"boss_relics":[{"not_picked":["Coffee Dripper","Ectoplasm"],"picked":"Sozu"}],"items_purged_floors":[2,7],"is_endless":false,"potions_floor_spawned":[3,12,13,18,30],"killed_by":"Champ","ascension_level":20}