{"path_per_floor":["M","M","?","?","M","E","R","M","T","M","M","R","E","$","R","B",null,"M","T","?","?","M","E","M"],"character_chosen":"THE_SILENT","items_purchased":["Singing Bowl"],"gold_per_floor":[119,132,132,206,225,251,251,271,325,339,349,349,381,160,160,261,261,278,278,193,193,205,237,251,251],"floor_reached":25,"campfire_rested":0,"playtime":1135,"current_hp_per_floor":[70,70,70,70,70,56,56,56,56,52,39,39,31,31,31,43,67,63,63,63,47,43,13,2,0],"items_purged":["Parasite"],"gold":251,"score":233,"play_id":"a113dbb6-2d59-480e-9e50-adff2c5c3b5a","local_time":"20180428220936","is_prod":false,"is_daily":false,"chose_seed":false,"is_ascension_mode":false,"campfire_upgraded":3,"timestamp":1524946176,"path_taken":["M","M","?","?","M","E","R","M","T","?","M","R","E","?","R","BOSS","M","?","?","?","M","E","M","E"],"build_version":"2018-04-28","seed_source_timestamp":7487330846271,"purchased_purges":1,"victory":false,"master_deck":["Defend_G","Defend_G","Defend_G","Defend_G","Defend_G","Strike_G","Strike_G","Survivor","Neutralize+1","Predator","Noxious Fumes+1","Sucker Punch+1","Tactician","Slice","Backflip","Blur","Noxious Fumes","Night Terror","PiercingWail+1","Endless Agony+1","Unload+1","Malaise","Dagger Throw+1"],"max_hp_per_floor":[70,70,70,70,70,70,70,70,70,70,70,70,70,67,67,67,67,67,67,67,67,69,71,71,71],"relics":["Cursed Key","Ancient Tea Set","Tiny Chest","Snake Skull","Singing Bowl","Astrolabe","Bag of Marbles","Enchiridion","Blue Candle"],"card_choices":[{"not_picked":["Outmaneuver","Dagger Spray"],"picked":"Predator","floor":1},{"not_picked":["Dagger Throw","Backflip"],"picked":"Noxious Fumes","floor":2},{"not_picked":["Cloak And Dagger","Dagger Throw"],"picked":"Sucker Punch","floor":5},{"not_picked":["Heel Hook","Setup"],"picked":"Tactician","floor":6},{"not_picked":["Terror","Bane"],"picked":"Slice","floor":8},{"not_picked":["Terror","Deflect"],"picked":"Backflip","floor":10},{"not_picked":["Dagger Spray","Setup"],"picked":"Blur","floor":11},{"not_picked":["Underhanded Strike","Bouncing Flask"],"picked":"Noxious Fumes","floor":13},{"not_picked":["Grand Finale","Doppelganger"],"picked":"Night Terror","floor":16},{"not_picked":["All Out Attack","PiercingWail"],"picked":"Malaise","floor":18},{"not_picked":["Acrobatics","Underhanded Strike"],"picked":"Dagger Throw","floor":24}],"player_experience":467418,"potions_floor_usage":[16,22,23,25],"damage_taken":[{"damage":0,"enemies":"Small Slimes","floor":1,"turns":4},{"damage":0,"enemies":"Jaw Worm","floor":2,"turns":3},{"damage":0,"enemies":"Cultist","floor":5,"turns":3},{"damage":14,"enemies":"Gremlin Nob","floor":6,"turns":5},{"damage":0,"enemies":"Looter","floor":8,"turns":3},{"damage":4,"enemies":"Blue Slaver","floor":10,"turns":3},{"damage":13,"enemies":"Red Slaver","floor":11,"turns":4},{"damage":8,"enemies":"Lagavulin","floor":13,"turns":7},{"damage":3,"enemies":"The Guardian","floor":16,"turns":8},{"damage":4,"enemies":"3 Byrds","floor":18,"turns":4},{"damage":6,"enemies":"2 Thieves","floor":22,"turns":3},{"damage":32,"enemies":"Gremlin Leader","floor":23,"turns":8},{"damage":11,"enemies":"Snecko","floor":24,"turns":5},{"damage":14,"enemies":"Slavers","floor":25,"turns":1}],"event_choices":[{"event_name":"Liars Game","player_choice":"disagreed","floor":3,"damage_taken":0},{"event_name":"Golden Wing","player_choice":"Gained Gold","floor":4,"damage_taken":0},{"event_name":"Addict","player_choice":"Obtained Relic","floor":20,"damage_taken":0},{"event_name":"Cursed Tome","player_choice":"Obtained Book","floor":21,"damage_taken":0}],"boss_relics":[{"not_picked":["Calling Bell","Orrery"],"picked":"Astrolabe"}],"potions_floor_spawned":[1,5,8,13,23],"seed_played":"-745782764726061157","killed_by":"Slavers","ascension_level":0,"is_trial":false}