{"path_per_floor":["M","?","$","M","M","R","E","R","T","M","R","$","M","?","R","B",null,"M","?","M","M","M","R","M","R","T","M","?","M","E","M","R"],"character_chosen":"IRONCLAD","items_purchased":["Master of Strategy","Shrug It Off","Dream Catcher","Carnage"],"gold_per_floor":[416,416,24,44,60,60,85,85,110,125,125,50,69,131,131,227,227,239,239,250,265,280,280,295,295,295,315,230,243,274,291,291],"floor_reached":33,"campfire_rested":3,"playtime":3555,"current_hp_per_floor":[72,72,72,72,72,72,66,72,72,70,70,70,72,70,70,42,72,72,72,69,61,48,69,72,72,72,72,72,60,39,36,59],"items_purged":[],"gold":291,"score":271,"play_id":"b706eb18-dcfe-453d-87ed-737fa62e6653","local_time":"20180312183937","is_prod":false,"is_daily":false,"is_ascension_mode":false,"campfire_upgraded":4,"timestamp":1520840377,"path_taken":["M","?","?","M","M","R","E","R","T","M","R","$","M","?","R","BOSS","M","?","M","M","?","R","M","R","T","M","?","M","E","M","R","BOSS"],"build_version":"2018-03-09","purchased_purges":0,"victory":false,"master_deck":["Strike_R+1","Strike_R","Strike_R","Strike_R","Strike_R","Defend_R+1","Defend_R","Defend_R+1","Defend_R","Bash","Body Slam+1","Master of Strategy","Shrug It Off","Uppercut","Warcry","Twin Strike","Cleave","Anger","Carnage","Armaments","Shrug It Off","Bludgeon","Cleave+1","Rampage","Cleave","Feed","Battle Trance+1","Iron Wave+1","Body Slam","Armaments","Seeing Red+1","Clash","Rampage"],"max_hp_per_floor":[72,72,72,72,72,72,72,72,72,72,72,72,72,72,72,72,72,72,72,72,72,72,72,72,72,72,72,72,75,78,78,78],"relics":["Burning Blood","Old Coin","Dream Catcher","Torii","Lantern","Orichalcum","Sozu","Peace Pipe","Pantograph","Toxic Egg 2"],"card_choices":[{"not_picked":["Clash","Heavy Blade"],"picked":"Body Slam"},{"not_picked":["Heavy Blade","Second Wind"],"picked":"Uppercut"},{"not_picked":["Feel No Pain","Power Through"],"picked":"Warcry"},{"not_picked":["Thunderclap","Hemokinesis"],"picked":"Twin Strike"},{"not_picked":["Sword Boomerang","Ghostly Armor"],"picked":"Cleave"},{"not_picked":["Spot Weakness","Power Through"],"picked":"Anger"},{"not_picked":["Clothesline","Rage"],"picked":"Armaments"},{"not_picked":["Limit Break","Bloodletting"],"picked":"Shrug It Off"},{"not_picked":["Dark Embrace","Feed"],"picked":"Bludgeon"},{"not_picked":["Flex","Infernal Blade"],"picked":"Cleave"},{"not_picked":["Feel No Pain","True Grit"],"picked":"Rampage"},{"not_picked":["Perfected Strike","Feel No Pain"],"picked":"Cleave"},{"not_picked":["Hemokinesis","Entrench"],"picked":"Feed"},{"not_picked":["Dual Wield","Feel No Pain"],"picked":"Battle Trance"},{"not_picked":["Flex","Shrug It Off"],"picked":"Iron Wave"},{"not_picked":["Second Wind","Burning Pact"],"picked":"Body Slam"},{"not_picked":["Power Through","Limit Break"],"picked":"Armaments"},{"not_picked":["Rampage","Burning Pact"],"picked":"Seeing Red"},{"not_picked":["Inflame","Perfected Strike"],"picked":"Clash"},{"not_picked":["Shrug It Off","Uppercut"],"picked":"Rampage"}],"player_experience":12075,"potions_floor_usage":[14,22,30],"damage_taken":[{"damage":5,"enemies":"Cultist","floor":1,"turns":4},{"damage":0,"enemies":"Small Slimes","floor":4,"turns":3},{"damage":0,"enemies":"Jaw Worm","floor":5,"turns":3},{"damage":12,"enemies":"3 Sentries","floor":7,"turns":10},{"damage":8,"enemies":"3 Louse","floor":10,"turns":3},{"damage":0,"enemies":"2 Fungi Beasts","floor":13,"turns":2},{"damage":8,"enemies":"Lagavulin Event","floor":14,"turns":6},{"damage":34,"enemies":"Hexaghost","floor":16,"turns":13},{"damage":1,"enemies":"Spheric Guardian","floor":18,"turns":3},{"damage":9,"enemies":"3 Byrds","floor":20,"turns":5},{"damage":14,"enemies":"Centurion and Healer","floor":21,"turns":5},{"damage":22,"enemies":"3 Cultists","floor":22,"turns":6},{"damage":1,"enemies":"Chosen and Byrds","floor":24,"turns":6},{"damage":2,"enemies":"Snecko","floor":27,"turns":4},{"damage":21,"enemies":"Slaver and Parasite","floor":29,"turns":6},{"damage":30,"enemies":"Slavers","floor":30,"turns":5},{"damage":9,"enemies":"3 Cultists","floor":31,"turns":5},{"damage":88,"enemies":"Champ","floor":33,"turns":11}],"event_choices":[{"event_name":"Golden Wing","player_choice":"Ignored","floor":2,"damage_taken":0},{"event_name":"Dead Adventurer","player_choice":"Searched \u00273\u0027 times","floor":14,"damage_taken":0},{"event_name":"Drug Dealer","player_choice":"Ignored","floor":19,"damage_taken":0},{"event_name":"Addict","player_choice":"Obtained Relic","floor":28,"damage_taken":0}],"boss_relics":[{"not_picked":["White Beast Statue","Tiny House"],"picked":"Sozu"}],"potions_floor_spawned":[7,14,16,18,20,24,27],"seed_played":"7594351168922539439","killed_by":"Champ","ascension_level":0,"is_trial":false}