{"gold_per_floor":[110,124,124,49,62,62,77,104,160,160,186,186,197,197,197,293,293,310,310,140,151,151,151,170,190,190,42,57,75,75,75,75,177,177,188,242,117,130,179,179,199,213,213,246,258,270,270,289,289,289,289,289,139,171,171],"floor_reached":56,"playtime":4265,"items_purged":["Pain","Bash","Strike_R","Strike_R+1"],"score":1261,"play_id":"1dd15621-1aa3-4ecf-a739-8cb1380a1985","local_time":"20190102131330","is_ascension_mode":false,"campfire_choices":[{"data":"Corruption","floor":6.0,"key":"SMITH"},{"floor":10.0,"key":"REST"},{"floor":15.0,"key":"REST"},{"data":"Armaments","floor":23.0,"key":"SMITH"},{"floor":30.0,"key":"RECALL"},{"floor":32.0,"key":"REST"},{"data":"Strike_R","floor":40.0,"key":"PURGE"},{"data":"Strike_R","floor":47,"key":"PURGE"},{"data":"Strike_R","floor":49,"key":"PURGE"},{"data":"Feel No Pain","floor":52,"key":"SMITH"}],"neow_cost":"CURSE","seed_source_timestamp":695552754402653,"circlet_count":0,"master_deck":["Defend_R","Defend_R","Defend_R","Defend_R","Pommel Strike+1","Corruption+1","Spot Weakness","Battle Trance","Seeing Red","Dramatic Entrance","Double Tap","Dark Embrace","Armaments+1","Feel No Pain+1","Headbutt","Sentinel","Shrug It Off","Armaments"],"special_seed":0,"relics":["Burning Blood","Calipers","Odd Mushroom","Tiny Chest","Orichalcum","Dead Branch","Sozu","Bird Faced Urn","PreservedInsect","Busted Crown","Peace Pipe","Whetstone","Lantern","Potion Belt","Paper Frog"],"potions_floor_usage":[],"damage_taken":[{"damage":4.0,"enemies":"Cultist","floor":1.0,"turns":3.0},{"damage":6.0,"enemies":"Jaw Worm","floor":2.0,"turns":4.0},{"damage":5.0,"enemies":"2 Louse","floor":5.0,"turns":2.0},{"damage":10.0,"enemies":"Large Slime","floor":7.0,"turns":6.0},{"damage":40.0,"enemies":"The Mushroom Lair","floor":8.0,"turns":5.0},{"damage":30.0,"enemies":"Gremlin Nob","floor":11.0,"turns":4.0},{"damage":9.0,"enemies":"Red Slaver","floor":13.0,"turns":5.0},{"damage":28.0,"enemies":"Hexaghost","floor":16.0,"turns":9.0},{"damage":4.0,"enemies":"3 Byrds","floor":18.0,"turns":3.0},{"damage":0.0,"enemies":"Chosen","floor":21.0,"turns":5.0},{"damage":8.0,"enemies":"Snecko","floor":24.0,"turns":5.0},{"damage":0.0,"enemies":"Sentry and Sphere","floor":25.0,"turns":3.0},{"damage":0.0,"enemies":"Cultist and Chosen","floor":28.0,"turns":2.0},{"damage":30.0,"enemies":"Snake Plant","floor":29.0,"turns":6.0},{"damage":0.0,"enemies":"Champ","floor":33.0,"turns":5.0},{"damage":19.0,"enemies":"3 Darklings","floor":35.0,"turns":4.0},{"damage":25.0,"enemies":"2 Orb Walkers","floor":36.0,"turns":4.0},{"damage":0.0,"enemies":"Orb Walker","floor":38.0,"turns":2.0},{"damage":0,"enemies":"Writhing Mass","floor":41,"turns":4},{"damage":0,"enemies":"Jaw Worm Horde","floor":42,"turns":3},{"damage":20,"enemies":"Reptomancer","floor":44,"turns":3},{"damage":0,"enemies":"Spire Growth","floor":45,"turns":2},{"damage":0,"enemies":"Transient","floor":46,"turns":5},{"damage":1,"enemies":"4 Shapes","floor":48,"turns":3},{"damage":9,"enemies":"Donu and Deca","floor":50,"turns":4},{"damage":6,"enemies":"Shield and Spear","floor":54,"turns":1},{"damage":68,"enemies":"The Heart","floor":55,"turns":6}],"seed_played":"-571890251752791597","potions_obtained":[{"floor":2.0,"key":"BloodPotion"},{"floor":8.0,"key":"Fire Potion"},{"floor":13.0,"key":"Dexterity Potion"},{"floor":16.0,"key":"SteroidPotion"}],"is_trial":false,"path_per_floor":["M","M","?","$","M","R","M","?","T","R","E","?","M","?","R","B",null,"M","T","$","M","?","R","M","M","T","$","M","M","R","?","R","B",null,"M","?","$","M","T","R","M","M","T","E","M","M","R","M","R","B",null,"R","$","E","B",null],"character_chosen":"IRONCLAD","items_purchased":["Feel No Pain","PreservedInsect"],"campfire_rested":3,"item_purchase_floors":[20,27],"current_hp_per_floor":[80,80,80,80,80,80,76,42,42,66,42,24,29,29,53,31,80,80,80,80,80,80,80,78,80,80,80,80,70,70,55,80,85,85,78,63,63,73,73,73,85,85,85,75,85,85,85,85,85,85,85,85,85,85,37],"gold":171,"neow_bonus":"ONE_RARE_RELIC","is_prod":false,"is_daily":false,"chose_seed":false,"campfire_upgraded":3,"win_rate":0,"timestamp":1546452810,"path_taken":["M","M","?","$","?","R","M","?","T","R","E","?","M","?","R","BOSS","M","?","$","M","?","R","M","M","T","$","M","M","R","?","R","BOSS","M","?","$","M","?","R","M","M","T","E","M","M","R","M","R","BOSS","R","$","E","BOSS"],"build_version":"2018-12-20","purchased_purges":4,"victory":true,"max_hp_per_floor":[80,80,80,80,80,80,80,80,80,80,80,80,80,80,80,80,80,80,80,80,80,80,80,80,80,80,80,80,80,80,85,85,85,85,85,85,85,85,85,85,85,85,85,85,85,85,85,85,85,85,85,85,85,85,85],"card_choices":[{"not_picked":["Heavy Blade","Sentinel"],"picked":"Pommel Strike","floor":1.0},{"not_picked":["Blood for Blood","Uppercut"],"picked":"Corruption","floor":2.0},{"not_picked":["Thunderclap","Dual Wield","Anger"],"picked":"SKIP","floor":5.0},{"not_picked":["Havoc","Second Wind","Perfected Strike"],"picked":"SKIP","floor":7.0},{"not_picked":["Pummel","Carnage"],"picked":"Spot Weakness","floor":8.0},{"not_picked":["Anger","Rampage","Offering"],"picked":"SKIP","floor":11.0},{"not_picked":["Reckless Charge","Combust"],"picked":"Battle Trance","floor":13.0},{"not_picked":["Demon Form","Reaper"],"picked":"Dark Embrace","floor":16.0},{"not_picked":["Headbutt","Clothesline+1"],"picked":"Armaments","floor":18.0},{"not_picked":["Iron Wave+1","Brutality"],"picked":"Headbutt","floor":21.0},{"not_picked":["Evolve+1","Dropkick"],"picked":"Sentinel","floor":24.0},{"not_picked":["Headbutt","Pommel Strike"],"picked":"Shrug It Off","floor":25.0},{"not_picked":["Iron Wave","Headbutt+1"],"picked":"Armaments","floor":28.0},{"not_picked":["Combust","Clash","Shockwave"],"picked":"SKIP","floor":29.0},{"not_picked":["Dual Wield"],"picked":"SKIP","floor":35.0},{"not_picked":["Thunderclap"],"picked":"SKIP","floor":38.0},{"not_picked":["Pommel Strike+1"],"picked":"SKIP","floor":41},{"not_picked":["Twin Strike+1"],"picked":"SKIP","floor":42},{"not_picked":["Clothesline"],"picked":"SKIP","floor":44},{"not_picked":["Clothesline"],"picked":"SKIP","floor":45},{"not_picked":["Wild Strike"],"picked":"SKIP","floor":46},{"not_picked":["Havoc"],"picked":"SKIP","floor":48},{"not_picked":["Flex+1"],"picked":"SKIP","floor":54}],"player_experience":404409,"relics_obtained":[{"floor":8.0,"key":"Odd Mushroom"},{"floor":9.0,"key":"Tiny Chest"},{"floor":11.0,"key":"Orichalcum"},{"floor":26.0,"key":"Bird Faced Urn"},{"floor":36.0,"key":"Peace Pipe"},{"floor":39.0,"key":"Whetstone"},{"floor":43,"key":"Lantern"},{"floor":44,"key":"Potion Belt"},{"floor":54,"key":"Paper Frog"}],"event_choices":[{"damage_healed":0.0,"max_hp_gain":0.0,"max_hp_loss":0.0,"gold_gain":0.0,"event_name":"The Woman in Blue","player_choice":"Bought 0 Potions","floor":3.0,"gold_loss":0.0,"damage_taken":0.0},{"damage_healed":0.0,"max_hp_gain":0.0,"max_hp_loss":0.0,"gold_gain":0.0,"event_name":"Mushrooms","player_choice":"Fought Mushrooms","floor":8.0,"gold_loss":0.0,"damage_taken":0.0},{"damage_healed":0.0,"max_hp_gain":0.0,"max_hp_loss":0.0,"gold_gain":0.0,"event_name":"Scrap Ooze","player_choice":"Success","floor":12.0,"gold_loss":0.0,"damage_taken":18.0,"relics_obtained":["Dead Branch"]},{"damage_healed":0.0,"max_hp_gain":0.0,"max_hp_loss":0.0,"gold_gain":0.0,"event_name":"Match and Keep!","player_choice":"3 cards matched","floor":14.0,"gold_loss":0.0,"damage_taken":0.0,"cards_obtained":["Seeing Red","Dramatic Entrance","Double Tap"]},{"damage_healed":0.0,"max_hp_gain":0.0,"max_hp_loss":0.0,"gold_gain":0.0,"event_name":"Cursed Tome","player_choice":"Ignored","floor":22.0,"gold_loss":0.0,"damage_taken":0.0},{"damage_healed":0.0,"max_hp_gain":5.0,"max_hp_loss":0.0,"gold_gain":0.0,"event_name":"Forgotten Altar","player_choice":"Shed Blood","floor":31.0,"gold_loss":0.0,"damage_taken":20.0},{"damage_healed":0.0,"max_hp_gain":0.0,"max_hp_loss":0.0,"gold_gain":0.0,"event_name":"Mysterious Sphere","player_choice":"Fight","floor":36.0,"gold_loss":0.0,"damage_taken":0.0}],"is_beta":false,"boss_relics":[{"not_picked":["Coffee Dripper","Astrolabe"],"picked":"Sozu"},{"not_picked":["Orrery","Black Star"],"picked":"Busted Crown"}],"items_purged_floors":[4,20,37,53],"is_endless":false,"potions_floor_spawned":[2,8,13,16,18,24,29,35,36,41,46],"ascension_level":0}