{"gold_per_floor":[111,130,16,16,32,65,65,95,95,95,124,15,15,25,25,103,103,117,167,186,186,198,233,243,243],"floor_reached":25,"playtime":1414,"items_purged":["Strike_R"],"score":492,"play_id":"50c86ab6-e05e-4d37-bdbc-5f8bfba94caf","local_time":"20190221160426","is_ascension_mode":true,"campfire_choices":[{"data":"Bludgeon","floor":7.0,"key":"SMITH"},{"data":"Corruption","floor":10.0,"key":"SMITH"},{"data":"Uppercut","floor":15.0,"key":"SMITH"}],"neow_cost":"NONE","seed_source_timestamp":148726094457444,"circlet_count":0,"master_deck":["AscendersBane","Strike_R","Strike_R","Strike_R","Defend_R","Defend_R","Defend_R","Defend_R","Bash","Berserk","Headbutt","Shrug It Off","Metallicize","Bludgeon+1","Reckless Charge","Corruption+1","Reckless Charge","Evolve","Headbutt","Uppercut+1","Demon Form","Burning Pact","Dark Embrace","Carnage"],"special_seed":0,"relics":["Burning Blood","Question Card","Meat on the Bone","Ornamental Fan","Juzu Bracelet","Snecko Eye","Matryoshka"],"potions_floor_usage":[],"damage_taken":[{"damage":6.0,"enemies":"Cultist","floor":1.0,"turns":3.0},{"damage":7.0,"enemies":"Small Slimes","floor":2.0,"turns":3.0},{"damage":5.0,"enemies":"2 Louse","floor":5.0,"turns":4.0},{"damage":8.0,"enemies":"Gremlin Nob","floor":6.0,"turns":3.0},{"damage":12.0,"enemies":"3 Sentries","floor":8.0,"turns":6.0},{"damage":0.0,"enemies":"Lagavulin","floor":11.0,"turns":5.0},{"damage":6.0,"enemies":"Red Slaver","floor":14.0,"turns":5.0},{"damage":46.0,"enemies":"Hexaghost","floor":16.0,"turns":10.0},{"damage":0.0,"enemies":"3 Byrds","floor":18.0,"turns":5.0},{"damage":21.0,"enemies":"Shell Parasite","floor":20.0,"turns":3.0},{"damage":15.0,"enemies":"Chosen and Byrds","floor":22.0,"turns":5.0},{"damage":26.0,"enemies":"Gremlin Leader","floor":23.0,"turns":6.0},{"damage":13.0,"enemies":"Shelled Parasite and Fungi","floor":24.0,"turns":3.0},{"damage":42,"enemies":"Book of Stabbing","floor":25,"turns":3}],"seed_played":"3144257619004678739","potions_obtained":[{"floor":6.0,"key":"FearPotion"},{"floor":8.0,"key":"PowerPotion"},{"floor":16.0,"key":"Ancient Potion"},{"floor":22.0,"key":"Ancient Potion"}],"is_trial":false,"path_per_floor":["M","M","$","?","M","E","R","E","T","R","E","$","?","M","R","B",null,"M","?","M","?","M","E","M","E"],"character_chosen":"IRONCLAD","items_purchased":["Metallicize","Evolve","Headbutt"],"campfire_rested":0,"item_purchase_floors":[3,12,12],"current_hp_per_floor":[68,67,67,67,68,66,66,60,60,60,66,66,59,59,59,31,64,70,70,55,34,37,29,34,0],"gold":243,"neow_bonus":"ONE_RANDOM_RARE_CARD","is_prod":false,"is_daily":false,"chose_seed":false,"campfire_upgraded":3,"win_rate":0,"timestamp":1550783066,"path_taken":["M","M","?","?","M","E","R","E","T","R","E","$","?","M","R","BOSS","M","?","M","?","M","E","M","E"],"build_version":"2019-01-23","purchased_purges":1,"victory":false,"max_hp_per_floor":[75,75,75,75,75,75,75,75,75,75,75,75,75,75,75,75,75,75,75,75,80,80,80,80,80],"card_choices":[{"not_picked":["Sword Boomerang","Warcry"],"picked":"Headbutt","floor":1.0},{"not_picked":["Infernal Blade","Blood for Blood"],"picked":"Shrug It Off","floor":2.0},{"not_picked":["Spot Weakness","Corruption"],"picked":"Bludgeon","floor":5.0},{"not_picked":["Perfected Strike","Ghostly Armor"],"picked":"Reckless Charge","floor":6.0},{"not_picked":["Body Slam","Burning Pact","Hemokinesis"],"picked":"Corruption","floor":8.0},{"not_picked":["Twin Strike","Clothesline","Fire Breathing"],"picked":"Reckless Charge","floor":11.0},{"not_picked":["Headbutt","Twin Strike","Perfected Strike"],"picked":"Uppercut","floor":14.0},{"not_picked":["Fiend Fire","Juggernaut","Limit Break"],"picked":"Demon Form","floor":16.0},{"not_picked":["Flex","Fire Breathing","Sword Boomerang"],"picked":"Burning Pact","floor":18.0},{"not_picked":["Clothesline","Body Slam","Flex"],"picked":"Dark Embrace","floor":20.0},{"not_picked":["Thunderclap","Infernal Blade","Whirlwind","Body Slam"],"picked":"SKIP","floor":22.0},{"not_picked":["Anger","Thunderclap","Headbutt"],"picked":"Carnage","floor":23.0},{"not_picked":["Second Wind","Sword Boomerang","Hemokinesis+1","Warcry"],"picked":"SKIP","floor":24.0}],"player_experience":532622,"relics_obtained":[{"floor":6.0,"key":"Question Card"},{"floor":8.0,"key":"Meat on the Bone"},{"floor":9.0,"key":"Ornamental Fan"},{"floor":11.0,"key":"Juzu Bracelet"},{"floor":23.0,"key":"Matryoshka"}],"event_choices":[{"damage_healed":0.0,"max_hp_gain":0.0,"max_hp_loss":0.0,"gold_gain":0.0,"event_name":"The Cleric","player_choice":"Leave","floor":4.0,"gold_loss":0.0,"damage_taken":0.0},{"cards_removed":["Strike_R"],"damage_healed":0.0,"max_hp_gain":0.0,"max_hp_loss":0.0,"gold_gain":0.0,"event_name":"Golden Wing","player_choice":"Card Removal","floor":13.0,"gold_loss":0.0,"damage_taken":7.0},{"damage_healed":0.0,"max_hp_gain":0.0,"max_hp_loss":0.0,"gold_gain":100.0,"event_name":"The Joust","player_choice":"Bet on Murderer","floor":19.0,"gold_loss":50.0,"damage_taken":0.0},{"damage_healed":0.0,"max_hp_gain":5.0,"max_hp_loss":0.0,"gold_gain":0.0,"event_name":"Forgotten Altar","player_choice":"Shed Blood","floor":21.0,"gold_loss":0.0,"damage_taken":26.0}],"is_beta":false,"boss_relics":[{"not_picked":["White Beast Statue","Black Star"],"picked":"Snecko Eye"}],"items_purged_floors":[3],"is_endless":false,"potions_floor_spawned":[6,8,16,22],"killed_by":"Book of Stabbing","ascension_level":17}