{"gold_per_floor":[118,35,54,64,64,74,74,74,74,3,23,23,43,60,60,165,165,176,176,32,51,70,70,84,84,84,84,103,118,118,48,48,150,150,169,169,189,189,202,202],"floor_reached":40,"playtime":1575,"items_purged":[],"score":382,"play_id":"e595f5db-1fe8-4901-9bd7-5f1257e90f78","local_time":"20190302011735","is_ascension_mode":false,"campfire_choices":[{"data":"Genetic Algorithm","floor":8,"key":"SMITH"},{"data":"Loop","floor":12,"key":"SMITH"},{"data":"Zap","floor":15,"key":"SMITH"},{"data":"Static Discharge","floor":23,"key":"SMITH"},{"floor":27,"key":"REST"},{"data":"Storm","floor":30,"key":"SMITH"},{"floor":32,"key":"REST"}],"neow_cost":"NONE","seed_source_timestamp":85095930091061,"circlet_count":0,"master_deck":["Strike_B+1","Strike_B","Defend_B","Defend_B","Defend_B","Defend_B","Zap+1","Dualcast+1","Storm+1","Loop+1","Redo","Genetic Algorithm+1","Conserve Battery","Leap","Doom and Gloom","Ball Lightning","Self Repair","Echo Form","Tempest","Tempest","Static Discharge+1","Glacier","Auto Shields+1","Reinforced Body","Darkness","Compile Driver","Chill","Ball Lightning","Ball Lightning+1","Static Discharge","Biased Cognition","BootSequence","Loop+1","Coolheaded+1"],"relics":["Cracked Core"],"potions_floor_usage":[21,29,33,35,39,40],"damage_taken":[{"damage":1,"enemies":"2 Louse","floor":1,"turns":3},{"damage":0,"enemies":"Small Slimes","floor":3,"turns":4},{"damage":1,"enemies":"Cultist","floor":4,"turns":3},{"damage":4,"enemies":"Blue Slaver","floor":6,"turns":4},{"damage":1,"enemies":"3 Louse","floor":11,"turns":4},{"damage":0,"enemies":"Red Slaver","floor":13,"turns":3},{"damage":10,"enemies":"2 Fungi Beasts","floor":14,"turns":3},{"damage":26,"enemies":"Slime Boss","floor":16,"turns":7},{"damage":3,"enemies":"Spheric Guardian","floor":18,"turns":3},{"damage":12,"enemies":"3 Byrds","floor":21,"turns":4},{"damage":18,"enemies":"Shelled Parasite and Fungi","floor":22,"turns":7},{"damage":18,"enemies":"Snecko","floor":24,"turns":5},{"damage":20,"enemies":"Cultist and Chosen","floor":28,"turns":6},{"damage":3,"enemies":"Centurion and Healer","floor":29,"turns":7},{"damage":68,"enemies":"Collector","floor":33,"turns":8},{"damage":42,"enemies":"3 Darklings","floor":35,"turns":5},{"damage":3,"enemies":"3 Shapes","floor":37,"turns":4},{"damage":27,"enemies":"Sphere and 2 Shapes","floor":39,"turns":5},{"damage":81,"enemies":"Giant Head","floor":40,"turns":8}],"seed_played":"2506804203533908680","potions_obtained":[{"floor":3,"key":"Regen Potion"},{"floor":4,"key":"EssenceOfSteel"},{"floor":13,"key":"Explosive Potion"},{"floor":21,"key":"Explosive Potion"},{"floor":28,"key":"Block Potion"},{"floor":29,"key":"Explosive Potion"},{"floor":35,"key":"Block Potion"},{"floor":37,"key":"Swift Potion"}],"is_trial":false,"path_per_floor":["M","$","M","M","?","M","?","R","T","$","M","R","M","M","R","B",null,"M","?","$","M","M","R","M","?","T","R","M","M","R","$","R","B",null,"M","?","M","?","M","E"],"character_chosen":"DEFECT","items_purchased":["Loop","Redo","Doom and Gloom","Static Discharge","Glacier","Static Discharge"],"campfire_rested":2,"item_purchase_floors":[2,2,10,20,20,31],"current_hp_per_floor":[81,81,81,80,64,60,65,65,65,65,64,64,64,54,54,35,87,84,84,84,79,61,61,43,43,43,69,56,53,53,53,79,18,87,52,52,49,49,22,0],"gold":202,"neow_bonus":"TEN_PERCENT_HP_BONUS","is_prod":false,"is_daily":false,"chose_seed":false,"campfire_upgraded":5,"win_rate":0,"timestamp":1551507455,"path_taken":["M","$","M","M","?","M","?","R","T","$","M","R","M","M","R","BOSS","M","?","?","M","M","R","M","?","T","R","M","M","R","$","R","BOSS","M","?","?","?","?","E"],"build_version":"2019-01-23","purchased_purges":0,"victory":false,"max_hp_per_floor":[82,82,82,82,82,82,87,87,87,87,87,87,87,87,87,87,87,87,87,87,87,87,87,87,87,87,87,87,87,87,87,87,87,87,87,87,87,87,87,87],"card_choices":[{"not_picked":["Rebound","Compile Driver"],"picked":"Storm","floor":1},{"not_picked":["Rebound","Conserve Battery"],"picked":"Genetic Algorithm","floor":3},{"not_picked":["Go for the Eyes","Coolheaded"],"picked":"Conserve Battery","floor":4},{"not_picked":["Redo","Stack"],"picked":"Leap","floor":6},{"not_picked":["Storm","Cold Snap"],"picked":"Ball Lightning","floor":11},{"not_picked":["Chill","Compile Driver"],"picked":"Self Repair","floor":13},{"not_picked":["Beam Cell","Sweeping Beam","Barrage"],"picked":"SKIP","floor":14},{"not_picked":["Fission","Meteor Strike"],"picked":"Echo Form","floor":16},{"not_picked":["Sweeping Beam","Hologram+1"],"picked":"Tempest","floor":18},{"not_picked":["Recycle","Barrage"],"picked":"Auto Shields+1","floor":21},{"not_picked":["Rebound","Sweeping Beam"],"picked":"Reinforced Body","floor":22},{"not_picked":["Sweeping Beam+1","Gash+1"],"picked":"Darkness","floor":24},{"not_picked":["Barrage","Skim+1"],"picked":"Ball Lightning","floor":28},{"not_picked":["Rebound","Barrage+1"],"picked":"Ball Lightning+1","floor":29},{"not_picked":["Fission","Hyperbeam"],"picked":"Biased Cognition","floor":33},{"not_picked":["Stack+1","Lockon"],"picked":"BootSequence","floor":35},{"not_picked":["Steam+1","Gash"],"picked":"Loop+1","floor":37},{"not_picked":["Ball Lightning+1","Cold Snap"],"picked":"Coolheaded+1","floor":39}],"player_experience":254428,"relics_obtained":[],"event_choices":[{"damage_healed":0,"gold_gain":0,"player_choice":"Entered Light","damage_taken":16,"max_hp_gain":0,"max_hp_loss":0,"event_name":"Shining Light","floor":5,"gold_loss":0,"cards_upgraded":["Dualcast","Strike_B"]},{"damage_healed":0,"gold_gain":0,"player_choice":"Donut","damage_taken":0,"max_hp_gain":5,"max_hp_loss":0,"event_name":"Big Fish","floor":7,"gold_loss":0},{"damage_healed":0,"gold_gain":0,"player_choice":"1 cards matched","damage_taken":0,"max_hp_gain":0,"max_hp_loss":0,"event_name":"Match and Keep!","floor":19,"gold_loss":0,"cards_obtained":["Tempest"]},{"damage_healed":0,"gold_gain":0,"cards_transformed":["Strike_B","Strike_B"],"player_choice":"Became Test Subject","damage_taken":0,"max_hp_gain":0,"max_hp_loss":0,"event_name":"Drug Dealer","floor":25,"gold_loss":0,"cards_obtained":["Compile Driver","Chill"]},{"damage_healed":0,"gold_gain":0,"player_choice":"Ignored","damage_taken":0,"max_hp_gain":0,"max_hp_loss":0,"event_name":"SecretPortal","floor":36,"gold_loss":0},{"damage_healed":0,"gold_gain":0,"player_choice":"Relic","damage_taken":0,"max_hp_gain":0,"max_hp_loss":0,"event_name":"Wheel of Change","floor":38,"gold_loss":0}],"is_beta":false,"boss_relics":[{"not_picked":["Runic Dome","Calling Bell","Inserter"]},{"not_picked":["Runic Dome","Calling Bell","Inserter"]}],"items_purged_floors":[],"is_endless":false,"potions_floor_spawned":[3,4,13,21,24,28,29,35,37],"killed_by":"Giant Head","ascension_level":0}