{"path_per_floor":["M","?","M","?","M","R","M","E","T","M","$","E","?","M","R"],"character_chosen":"IRONCLAD","items_purchased":["Offering"],"gold_per_floor":[112,112,122,222,233,233,248,278,278,292,137,162,162,175,175,175],"floor_reached":16,"campfire_rested":1,"playtime":705,"current_hp_per_floor":[83,83,79,79,80,80,86,75,75,69,69,49,49,36,62,0],"items_purged":[],"gold":175,"score":185,"play_id":"a58269d3-5787-4139-aa50-00f31aed5526","local_time":"20180426193818","is_prod":false,"is_daily":false,"chose_seed":false,"is_ascension_mode":true,"campfire_upgraded":1,"timestamp":1524764298,"path_taken":["M","?","M","?","M","R","M","E","T","M","$","E","?","M","R","BOSS"],"build_version":"2018-04-19","seed_source_timestamp":300958817929497,"purchased_purges":0,"victory":false,"master_deck":["Strike_R","Strike_R","Strike_R","Strike_R","Strike_R","Defend_R","Defend_R","Defend_R","Defend_R","Bash+1","AscendersBane","Dual Wield","Iron Wave","Sword Boomerang","Reckless Charge","Barricade+1","Twin Strike","Offering","Shrug It Off"],"max_hp_per_floor":[88,88,88,88,88,88,88,88,88,88,88,88,88,88,88,88],"relics":["Burning Blood","Omamori","Self Forming Clay","Sundial"],"card_choices":[{"not_picked":["Shrug It Off","Ghostly Armor"],"picked":"Dual Wield","floor":1},{"not_picked":["Anger","Wild Strike"],"picked":"Iron Wave","floor":3},{"not_picked":["Wild Strike","Havoc"],"picked":"Sword Boomerang","floor":5},{"not_picked":["Pummel","Wild Strike"],"picked":"Reckless Charge","floor":7},{"not_picked":["Perfected Strike","Headbutt"],"picked":"Barricade","floor":8},{"not_picked":["Cleave","Perfected Strike"],"picked":"Twin Strike","floor":10},{"not_picked":["Pummel","Anger"],"picked":"Shrug It Off","floor":14}],"player_experience":453363,"potions_floor_usage":[8,8],"damage_taken":[{"damage":3,"enemies":"2 Louse","floor":1,"turns":3},{"damage":10,"enemies":"Small Slimes","floor":3,"turns":4},{"damage":5,"enemies":"Cultist","floor":5,"turns":4},{"damage":0,"enemies":"Large Slime","floor":7,"turns":5},{"damage":17,"enemies":"Gremlin Nob","floor":8,"turns":4},{"damage":12,"enemies":"2 Fungi Beasts","floor":10,"turns":4},{"damage":26,"enemies":"Lagavulin","floor":12,"turns":6},{"damage":19,"enemies":"Exordium Thugs","floor":14,"turns":7},{"damage":63,"enemies":"Hexaghost","floor":16,"turns":11}],"event_choices":[{"event_name":"Liars Game","player_choice":"disagreed","floor":2,"damage_taken":0},{"event_name":"Golden Shrine","player_choice":"Pray","floor":4,"damage_taken":0},{"event_name":"Accursed Blacksmith","player_choice":"Forge","floor":13,"damage_taken":0}],"boss_relics":[],"potions_floor_spawned":[3,7,10,12],"seed_played":"4616536662204015499","killed_by":"Hexaghost","ascension_level":13,"is_trial":false}