{"gold_per_floor":[111,111,61,61,77,102,132,161,161,194,205,205,220,231,231,326,326,346,362,63,74,91,119,119,129,129,129,155,481,481,500,500,602,602,613,613,322,341,61,61,94,94,94,120,135,135,169,169,169,169],"floor_reached":51,"playtime":3265,"items_purged":["Defend_R","Shame","Strike_R"],"score":908,"play_id":"064c0033-855f-4798-89e2-72af266fed9d","local_time":"20190308013651","is_ascension_mode":true,"campfire_choices":[{"floor":12,"key":"REST"},{"data":"Rage","floor":15,"key":"SMITH"},{"data":"Demon Form","floor":24,"key":"SMITH"},{"data":"Warcry","floor":32,"key":"SMITH"},{"floor":40,"key":"REST"},{"data":"Clash","floor":42,"key":"SMITH"},{"floor":49,"key":"REST"}],"neow_cost":"NONE","seed_source_timestamp":41321590218700,"circlet_count":0,"master_deck":["Strike_R","Strike_R","Strike_R","Defend_R","Defend_R","Evolve","Clash+1","Headbutt","Pommel Strike","Burning Pact","Thunderclap","Rage+1","Metallicize","Demon Form+1","Infernal Blade+1","Whirlwind","Pummel","Thunderclap","Dual Wield+1","Inflame+1","Flex+1","Anger","Warcry+1","Warcry+1","Reaper","Clash+1","Sword Boomerang+1","Dropkick","Impatience","Inflame+1","Pain","Power Through","Flex+1"],"relics":["Burning Blood","NeowsBlessing","Question Card","Strawberry","Champion Belt","Bottled Flame","Regal Pillow","Cursed Key","Anchor","Gremlin Horn","Paper Frog","Red Mask","Old Coin","White Beast Statue","ClockworkSouvenir","Self Forming Clay","War Paint","Lantern"],"potions_floor_usage":[8,19,23,29,33,33,41,44,44,44,44,45,47,50],"damage_taken":[{"damage":0,"enemies":"Small Slimes","floor":1,"turns":1},{"damage":0,"enemies":"2 Louse","floor":5,"turns":1},{"damage":0,"enemies":"3 Sentries","floor":6,"turns":2},{"damage":30,"enemies":"Gremlin Nob","floor":8,"turns":5},{"damage":20,"enemies":"3 Sentries","floor":10,"turns":9},{"damage":2,"enemies":"Jaw Worm","floor":11,"turns":3},{"damage":6,"enemies":"Gremlin Gang","floor":13,"turns":4},{"damage":1,"enemies":"2 Fungi Beasts","floor":14,"turns":3},{"damage":70,"enemies":"Slime Boss","floor":16,"turns":14},{"damage":16,"enemies":"Chosen","floor":18,"turns":5},{"damage":17,"enemies":"Spheric Guardian","floor":19,"turns":5},{"damage":15,"enemies":"Chosen and Byrds","floor":21,"turns":6},{"damage":8,"enemies":"Centurion and Healer","floor":22,"turns":6},{"damage":2,"enemies":"Slavers","floor":23,"turns":4},{"damage":16,"enemies":"3 Cultists","floor":25,"turns":4},{"damage":7,"enemies":"Masked Bandits","floor":28,"turns":3},{"damage":30,"enemies":"Book of Stabbing","floor":29,"turns":4},{"damage":6,"enemies":"Chosen and Byrds","floor":31,"turns":4},{"damage":33,"enemies":"Automaton","floor":33,"turns":6},{"damage":16,"enemies":"Orb Walker","floor":35,"turns":3},{"damage":40,"enemies":"3 Shapes","floor":38,"turns":3},{"damage":35,"enemies":"Giant Head","floor":41,"turns":6},{"damage":27,"enemies":"Nemesis","floor":44,"turns":7},{"damage":26,"enemies":"Sphere and 2 Shapes","floor":45,"turns":4},{"damage":99,"enemies":"Reptomancer","floor":47,"turns":5},{"damage":79,"enemies":"Time Eater","floor":50,"turns":9}],"seed_played":"-5809839412408508793","potions_obtained":[{"floor":1,"key":"Weak Potion"},{"floor":10,"key":"FairyPotion"},{"floor":16,"key":"Block Potion"},{"floor":21,"key":"BloodPotion"},{"floor":22,"key":"Regen Potion"},{"floor":28,"key":"FearPotion"},{"floor":29,"key":"Poison Potion"},{"floor":33,"key":"Explosive Potion"},{"floor":35,"key":"BloodPotion"},{"floor":38,"key":"Poison Potion"},{"floor":41,"key":"EntropicBrew"},{"floor":44,"key":"Swift Potion"},{"floor":45,"key":"AttackPotion"},{"floor":47,"key":"Dexterity Potion"}],"is_trial":false,"path_per_floor":["M","?","?","?","M","E","?","E","T","E","M","R","M","M","R","B",null,"M","M","$","M","M","E","R","M","T","?","?","E","?","M","R","B",null,"M","?","$","M","$","R","E","R","T","E","M","?","E","?","R","B",null],"character_chosen":"IRONCLAD","items_purchased":["Pummel","Anchor","ClockworkSouvenir","Dropkick","Impatience"],"campfire_rested":3,"item_purchase_floors":[20,20,37,39,39],"current_hp_per_floor":[80,73,73,78,84,85,92,68,68,54,58,92,92,92,92,28,92,82,71,71,62,60,76,76,66,66,92,91,67,67,67,67,49,92,89,89,89,64,64,92,63,63,63,52,32,80,18,18,57,14],"gold":169,"neow_bonus":"THREE_ENEMY_KILL","is_prod":false,"is_daily":false,"chose_seed":false,"campfire_upgraded":4,"win_rate":0,"timestamp":1552030611,"path_taken":["M","?","?","?","M","E","?","E","T","E","?","R","M","M","R","BOSS","M","?","$","M","M","E","R","M","T","?","?","E","?","?","R","BOSS","M","?","$","M","$","R","E","R","T","E","M","?","E","?","R","BOSS"],"build_version":"2019-01-23","purchased_purges":3,"victory":true,"max_hp_per_floor":[80,80,80,85,85,85,92,92,92,92,92,92,92,92,92,92,92,92,92,92,92,92,92,92,92,92,92,92,92,92,92,92,92,92,92,92,92,92,92,92,92,92,92,92,92,80,80,80,80,80],"card_choices":[{"not_picked":["Bloodletting","Clothesline"],"picked":"Evolve","floor":1},{"not_picked":["Warcry","Thunderclap"],"picked":"Clash","floor":5},{"not_picked":["Impervious","Sentinel"],"picked":"Headbutt","floor":6},{"not_picked":["Carnage","Whirlwind","Warcry"],"picked":"Pommel Strike","floor":8},{"not_picked":["Dark Embrace","Perfected Strike","Dropkick"],"picked":"Burning Pact","floor":10},{"not_picked":["Cleave","Combust","Blood for Blood"],"picked":"Thunderclap","floor":11},{"not_picked":["Battle Trance","Warcry","Body Slam"],"picked":"Rage","floor":13},{"not_picked":["Dark Embrace","Blood for Blood","Iron Wave"],"picked":"Metallicize","floor":14},{"not_picked":["Reaper","Berserk","Feed"],"picked":"Demon Form","floor":16},{"not_picked":["Body Slam","Thunderclap","Flame Barrier+1"],"picked":"Infernal Blade","floor":18},{"not_picked":["Warcry","Flex+1","Blood for Blood"],"picked":"Whirlwind","floor":19},{"not_picked":["Infernal Blade","Flame Barrier+1","Pommel Strike"],"picked":"Thunderclap","floor":21},{"not_picked":["Headbutt","Sword Boomerang","Heavy Blade"],"picked":"Dual Wield+1","floor":22},{"not_picked":["Immolate","Dropkick+1","Barricade"],"picked":"Inflame+1","floor":23},{"not_picked":["Warcry","Bloodletting","Headbutt+1"],"picked":"Flex+1","floor":25},{"not_picked":["Metallicize+1","Inflame+1","Perfected Strike"],"picked":"Anger","floor":28},{"not_picked":["Iron Wave","Sever Soul","Fiend Fire"],"picked":"Warcry","floor":29},{"not_picked":["Wild Strike","Carnage","Rage"],"picked":"Warcry","floor":31},{"not_picked":["Feed","Dark Embrace","Barricade"],"picked":"Reaper","floor":33},{"not_picked":["Hemokinesis","Shrug It Off","Clothesline"],"picked":"Clash+1","floor":35},{"not_picked":["Spot Weakness","Twin Strike","Wild Strike+1"],"picked":"Sword Boomerang+1","floor":38},{"not_picked":["Twin Strike+1","Spot Weakness","Wild Strike+1"],"picked":"Inflame+1","floor":41},{"not_picked":["Twin Strike+1","Dark Embrace","Havoc"],"picked":"Power Through","floor":44},{"not_picked":["Thunderclap","Combust+1","Sword Boomerang","Iron Wave"],"picked":"SKIP","floor":45},{"not_picked":["Rage+1","Shockwave+1","Ghostly Armor+1"],"picked":"Flex+1","floor":47}],"player_experience":319321,"relics_obtained":[{"floor":6,"key":"Question Card"},{"floor":8,"key":"Champion Belt"},{"floor":9,"key":"Bottled Flame"},{"floor":10,"key":"Regal Pillow"},{"floor":23,"key":"Gremlin Horn"},{"floor":26,"key":"Paper Frog"},{"floor":28,"key":"Red Mask"},{"floor":29,"key":"Old Coin"},{"floor":41,"key":"Self Forming Clay"},{"floor":44,"key":"War Paint"},{"floor":47,"key":"Lantern"}],"event_choices":[{"cards_removed":["Bash"],"damage_healed":0,"gold_gain":0,"player_choice":"Card Removal","damage_taken":7,"max_hp_gain":0,"max_hp_loss":0,"event_name":"Golden Wing","floor":2,"gold_loss":0},{"cards_removed":["Strike_R"],"damage_healed":0,"gold_gain":0,"player_choice":"Card Removal","damage_taken":0,"max_hp_gain":0,"max_hp_loss":0,"event_name":"The Cleric","floor":3,"gold_loss":50},{"damage_healed":0,"gold_gain":0,"player_choice":"Donut","damage_taken":0,"max_hp_gain":5,"max_hp_loss":0,"event_name":"Big Fish","floor":4,"gold_loss":0},{"damage_healed":0,"gold_gain":30,"player_choice":"Searched \u00272\u0027 times","damage_taken":0,"relics_obtained":["Strawberry"],"max_hp_gain":0,"max_hp_loss":0,"event_name":"Dead Adventurer","floor":7,"gold_loss":0},{"damage_healed":30,"gold_gain":0,"player_choice":"Heal","damage_taken":0,"max_hp_gain":0,"max_hp_loss":0,"event_name":"The Library","floor":27,"gold_loss":0},{"damage_healed":0,"gold_gain":0,"player_choice":"Fought Bandits","damage_taken":0,"max_hp_gain":0,"max_hp_loss":0,"event_name":"Masked Bandits","floor":28,"gold_loss":0},{"damage_healed":0,"gold_gain":0,"player_choice":"Ignored","damage_taken":0,"max_hp_gain":0,"max_hp_loss":0,"event_name":"Vampires","floor":30,"gold_loss":0},{"cards_removed":["Defend_R"],"damage_healed":0,"gold_gain":0,"player_choice":"Removed Skill","damage_taken":0,"max_hp_gain":0,"max_hp_loss":0,"event_name":"Falling","floor":36,"gold_loss":0},{"damage_healed":80,"gold_gain":0,"player_choice":"Heal","damage_taken":0,"max_hp_gain":0,"max_hp_loss":12,"event_name":"The Moai Head","floor":46,"gold_loss":0},{"damage_healed":0,"gold_gain":0,"player_choice":"Ignored","damage_taken":0,"max_hp_gain":0,"max_hp_loss":0,"event_name":"SecretPortal","floor":48,"gold_loss":0}],"is_beta":false,"boss_relics":[{"not_picked":["Lizard Tail","Orrery"],"picked":"Cursed Key"},{"not_picked":["Runic Pyramid","Runic Dome"],"picked":"White Beast Statue"}],"items_purged_floors":[20,37,39],"is_endless":false,"potions_floor_spawned":[1,10,16,21,22,28,29,33,35,38,41,44,45,47],"ascension_level":3}