{"gold_per_floor":[113,127,139,151,24,24,50,69,69,69],"floor_reached":10,"playtime":492,"items_purged":[],"score":133,"play_id":"0f76f53d-2e30-4422-8c19-76499f0217af","local_time":"20190127002758","is_ascension_mode":true,"campfire_choices":[{"data":"Creative AI","floor":6,"key":"SMITH"}],"neow_cost":"TEN_PERCENT_HP_LOSS","seed_source_timestamp":1411712311692500,"circlet_count":0,"master_deck":["AscendersBane","Strike_B","Strike_B","Strike_B","Strike_B","Defend_B","Defend_B","Defend_B","Defend_B","Zap","Dualcast","Creative AI+1","Heatsinks","Steam","Self Repair","Cold Snap","Storm","Undo","Turbo","Leap"],"relics":["Cracked Core","Happy Flower","Question Card"],"potions_floor_usage":[7],"damage_taken":[{"damage":12,"enemies":"Cultist","floor":1,"turns":5},{"damage":8,"enemies":"Small Slimes","floor":2,"turns":4},{"damage":6,"enemies":"Jaw Worm","floor":3,"turns":4},{"damage":11,"enemies":"3 Louse","floor":4,"turns":4},{"damage":26,"enemies":"Lagavulin","floor":7,"turns":8},{"damage":13,"enemies":"Gremlin Gang","floor":8,"turns":5},{"damage":15,"enemies":"Exordium Wildlife","floor":10,"turns":4}],"seed_played":"6524734970740734232","potions_obtained":[{"floor":1,"key":"SteroidPotion"},{"floor":2,"key":"Weak Potion"}],"is_trial":false,"path_per_floor":["M","M","M","M","$","R","E","M","T","M"],"character_chosen":"DEFECT","items_purchased":["Storm","Undo"],"campfire_rested":0,"item_purchase_floors":[5,5],"current_hp_per_floor":[52,44,38,34,34,34,15,9,9,0],"gold":69,"neow_bonus":"THREE_RARE_CARDS","is_prod":false,"is_daily":false,"chose_seed":false,"campfire_upgraded":1,"win_rate":0,"timestamp":1548577678,"path_taken":["M","M","?","M","$","R","E","M","T","?"],"build_version":"2019-01-23","purchased_purges":0,"victory":false,"max_hp_per_floor":[64,64,64,64,64,64,64,64,64,64],"card_choices":[{"not_picked":["Multi-Cast","Meteor Strike"],"picked":"Creative AI","floor":0},{"not_picked":["Aggregate","Rebound"],"picked":"Heatsinks","floor":1},{"not_picked":["Steam Power","Go for the Eyes"],"picked":"Steam","floor":2},{"not_picked":["Chaos","Sweeping Beam"],"picked":"Self Repair","floor":3},{"not_picked":["Go for the Eyes","Darkness"],"picked":"Cold Snap","floor":4},{"not_picked":["Aggregate","FTL"],"picked":"Turbo","floor":7},{"not_picked":["Sunder","Sweeping Beam"],"picked":"Leap","floor":8}],"player_experience":587004,"relics_obtained":[{"floor":7,"key":"Happy Flower"},{"floor":9,"key":"Question Card"}],"event_choices":[],"is_beta":false,"boss_relics":[],"items_purged_floors":[],"is_endless":false,"potions_floor_spawned":[1,2,3],"killed_by":"Exordium Wildlife","ascension_level":18}