{"gold_per_floor":[113,127,302,302,319,319,140,154,177,191,226,244,270,285,285,381,381,395,409,409,133,145,174,190,202,250,250,265,265,265,134,134,232,232,252,272,285,301,301,301,319,330,355,370,11,11,27,37,37,37],"floor_reached":51,"playtime":6019,"items_purged":["Doubt"],"score":664,"play_id":"070c6d3c-fa23-40f2-84a2-f58feab5eaa8","local_time":"20190121210946","is_ascension_mode":false,"campfire_choices":[{"data":"Neutralize","floor":6.0,"key":"SMITH"},{"data":"Blade Dance","floor":15.0,"key":"SMITH"},{"floor":27.0,"key":"REST"},{"floor":30.0,"key":"REST"},{"data":"After Image","floor":32.0,"key":"SMITH"},{"data":"Calculated Gamble","floor":40,"key":"SMITH"},{"data":"Infinite Blades","floor":46,"key":"SMITH"},{"data":"Doppelganger","floor":49,"key":"SMITH"}],"neow_cost":"NONE","seed_source_timestamp":0,"circlet_count":0,"master_deck":["Defend_G","Defend_G","Defend_G","Strike_G","Strike_G","Strike_G","Strike_G","Survivor","Neutralize+1","Endless Agony","Blade Dance+1","Leg Sweep","Riddle With Holes","Quick Slash","Poisoned Stab","Deflect","Endless Agony","Quick Slash","Poisoned Stab","After Image+1","Venomology+1","Dagger Spray+1","Bane+1","Slice","Slice","Dagger Throw","Heel Hook","Sucker Punch","Glass Knife","Quick Slash","Tactician","Slice","After Image","Swift Strike","Dagger Throw","Doppelganger+1","Prepared+1","Finisher","Calculated Gamble+1","Dagger Spray+1","Underhanded Strike+1","Leg Sweep+1","Acrobatics+1","Infinite Blades+1","Backstab","Backflip+1","Eviscerate+1"],"special_seed":0,"relics":["Ring of the Snake","Shuriken","Centennial Puzzle","Orichalcum","Blood Vial","Astrolabe","Omamori","Anchor","Pen Nib","Coffee Dripper","Boot","Ornamental Fan"],"potions_floor_usage":[37,41,44,44,47,50,50],"damage_taken":[{"damage":1.0,"enemies":"Cultist","floor":1.0,"turns":4.0},{"damage":4.0,"enemies":"Jaw Worm","floor":2.0,"turns":6.0},{"damage":1.0,"enemies":"2 Louse","floor":5.0,"turns":4.0},{"damage":4.0,"enemies":"Exordium Wildlife","floor":8.0,"turns":2.0},{"damage":5.0,"enemies":"Lots of Slimes","floor":10.0,"turns":3.0},{"damage":3.0,"enemies":"Gremlin Nob","floor":11.0,"turns":4.0},{"damage":4.0,"enemies":"Looter","floor":12.0,"turns":3.0},{"damage":6.0,"enemies":"3 Sentries","floor":13.0,"turns":5.0},{"damage":3.0,"enemies":"3 Louse","floor":14.0,"turns":3.0},{"damage":18.0,"enemies":"The Guardian","floor":16.0,"turns":10.0},{"damage":4.0,"enemies":"Shell Parasite","floor":18.0,"turns":2.0},{"damage":14.0,"enemies":"2 Thieves","floor":19.0,"turns":3.0},{"damage":23.0,"enemies":"Centurion and Healer","floor":22.0,"turns":4.0},{"damage":13.0,"enemies":"Book of Stabbing","floor":23.0,"turns":6.0},{"damage":2.0,"enemies":"Snecko","floor":24.0,"turns":3.0},{"damage":12.0,"enemies":"Shelled Parasite and Fungi","floor":25.0,"turns":3.0},{"damage":5.0,"enemies":"Centurion and Healer","floor":28.0,"turns":4.0},{"damage":12.0,"enemies":"Collector","floor":33.0,"turns":7.0},{"damage":8.0,"enemies":"3 Darklings","floor":35.0,"turns":4.0},{"damage":0,"enemies":"Orb Walker","floor":36,"turns":2},{"damage":0,"enemies":"Writhing Mass","floor":37,"turns":6},{"damage":41,"enemies":"Sphere and 2 Shapes","floor":38,"turns":4},{"damage":7,"enemies":"Spire Growth","floor":41,"turns":4},{"damage":1,"enemies":"3 Darklings","floor":42,"turns":2},{"damage":0,"enemies":"Writhing Mass","floor":44,"turns":5},{"damage":0,"enemies":"Sphere and 2 Shapes","floor":47,"turns":4},{"damage":0,"enemies":"Maw","floor":48,"turns":5},{"damage":16,"enemies":"Donu and Deca","floor":50,"turns":6}],"seed_played":"-1175879861539675382","potions_obtained":[{"floor":1.0,"key":"GamblersBrew"},{"floor":5.0,"key":"AttackPotion"},{"floor":11.0,"key":"SkillPotion"},{"floor":16.0,"key":"GhostInAJar"},{"floor":18.0,"key":"SkillPotion"},{"floor":19.0,"key":"Strength Potion"},{"floor":23.0,"key":"AttackPotion"},{"floor":41,"key":"Dexterity Potion"},{"floor":42,"key":"Regen Potion"},{"floor":44,"key":"Fire Potion"}],"is_trial":false,"path_per_floor":["M","M","?","T","M","R","$","M","T","M","E","M","E","M","R","B",null,"M","M","?","$","M","E","M","M","T","R","M","?","R","$","R","B",null,"M","M","M","M","?","R","M","M","T","M","$","R","M","M","R","B",null],"character_chosen":"THE_SILENT","items_purchased":["Reflex","Riddle With Holes","Omamori","Heel Hook","Sucker Punch","Swift Strike","Dagger Throw","Ornamental Fan","Infinite Blades","Backstab"],"campfire_rested":2,"item_purchase_floors":[7,7,21,21,21,31,31,45,45,45],"current_hp_per_floor":[69,65,65,65,64,64,64,60,60,55,52,48,42,41,41,25,70,66,54,54,54,33,22,22,12,12,33,30,30,51,51,51,41,70,62,64,66,27,27,27,22,23,23,37,37,37,39,41,41,27],"gold":37,"neow_bonus":"REMOVE_CARD","is_prod":false,"is_daily":false,"chose_seed":false,"campfire_upgraded":6,"win_rate":0.0,"timestamp":1548122986,"path_taken":["M","M","?","?","?","R","$","M","T","M","E","M","E","M","R","BOSS","M","M","?","$","M","E","M","M","T","R","M","?","R","$","R","BOSS","M","M","?","M","?","R","M","M","T","M","$","R","M","M","R","BOSS"],"build_version":"2019-01-17v2","purchased_purges":1,"victory":true,"max_hp_per_floor":[70,70,70,70,70,70,70,70,70,70,70,70,70,70,70,70,70,70,70,70,70,70,70,70,70,70,70,70,70,70,70,70,70,70,70,70,70,70,70,70,70,70,70,70,70,70,70,70,70,70],"card_choices":[{"not_picked":["Distraction","Leg Sweep"],"picked":"Endless Agony","floor":1.0},{"not_picked":["Poisoned Stab","Deadly Poison"],"picked":"Blade Dance","floor":2.0},{"not_picked":["Blade Dance","Deflect"],"picked":"Leg Sweep","floor":5.0},{"not_picked":["Deflect","Flechettes"],"picked":"Quick Slash","floor":8.0},{"not_picked":["Crippling Poison","PiercingWail"],"picked":"Poisoned Stab","floor":10.0},{"not_picked":["Outmaneuver","Leg Sweep"],"picked":"Deflect","floor":11.0},{"not_picked":["Sucker Punch","Skewer"],"picked":"Endless Agony","floor":12.0},{"not_picked":["Endless Agony","Leg Sweep"],"picked":"Quick Slash","floor":13.0},{"not_picked":["Flying Knee","Catalyst"],"picked":"Poisoned Stab","floor":14.0},{"not_picked":["Glass Knife","Burst"],"picked":"After Image","floor":16.0},{"not_picked":["Dagger Spray","Backstab"],"picked":"Slice","floor":18.0},{"not_picked":["Leg Sweep+1","Dagger Spray"],"picked":"Slice","floor":19.0},{"not_picked":["Deadly Poison","Blade Dance"],"picked":"Burst","floor":22.0},{"not_picked":["PiercingWail","Reflex"],"picked":"Glass Knife","floor":23.0},{"not_picked":["Blade Dance","Skewer"],"picked":"Quick Slash","floor":24.0},{"not_picked":["Blade Dance","Quick Slash"],"picked":"Tactician","floor":25.0},{"not_picked":["Underhanded Strike","Deflect"],"picked":"Slice","floor":28.0},{"not_picked":["Night Terror","Phantasmal Killer"],"picked":"Doppelganger","floor":33.0},{"not_picked":["Flying Knee+1","Poisoned Stab+1"],"picked":"Prepared+1","floor":35.0},{"not_picked":["Well Laid Plans+1","Sucker Punch+1"],"picked":"Finisher","floor":36},{"not_picked":["Slice+1","Predator+1"],"picked":"Calculated Gamble","floor":37},{"not_picked":["Flying Knee+1","Sucker Punch"],"picked":"Dagger Spray+1","floor":38},{"not_picked":["Caltrops+1","Backflip"],"picked":"Underhanded Strike+1","floor":41},{"not_picked":["Slice","Burst"],"picked":"Leg Sweep+1","floor":42},{"not_picked":["Poisoned Stab","Catalyst"],"picked":"Acrobatics+1","floor":44},{"not_picked":["Crippling Poison+1","Outmaneuver"],"picked":"Backflip+1","floor":47},{"not_picked":["Crippling Poison+1","Slice"],"picked":"Eviscerate+1","floor":48}],"player_experience":13079,"relics_obtained":[{"floor":4.0,"key":"Shuriken"},{"floor":9.0,"key":"Centennial Puzzle"},{"floor":11.0,"key":"Orichalcum"},{"floor":13.0,"key":"Blood Vial"},{"floor":23.0,"key":"Anchor"},{"floor":26.0,"key":"Pen Nib"},{"floor":43,"key":"Boot"}],"event_choices":[{"damage_healed":0.0,"max_hp_gain":0.0,"max_hp_loss":0.0,"gold_gain":175.0,"event_name":"Liars Game","player_choice":"AGREE","floor":3.0,"gold_loss":0.0,"damage_taken":0.0,"cards_obtained":["Doubt"]},{"damage_healed":0.0,"max_hp_gain":0.0,"max_hp_loss":0.0,"gold_gain":0.0,"event_name":"The Library","player_choice":"Read","floor":20.0,"gold_loss":0.0,"damage_taken":0.0,"cards_obtained":["Dagger Throw"]},{"damage_healed":0.0,"max_hp_gain":0.0,"max_hp_loss":0.0,"gold_gain":0.0,"event_name":"Duplicator","player_choice":"Copied","floor":29.0,"gold_loss":0.0,"damage_taken":0.0,"cards_obtained":["After Image"]},{"cards_removed":["Burst"],"damage_healed":0,"gold_gain":0,"player_choice":"Removed Skill","damage_taken":0,"max_hp_gain":0,"max_hp_loss":0,"event_name":"Falling","floor":39,"gold_loss":0}],"is_beta":false,"boss_relics":[{"not_picked":["Velvet Choker","Empty Cage"],"picked":"Astrolabe"},{"not_picked":["HoveringKite","Orrery"],"picked":"Coffee Dripper"}],"items_purged_floors":[7],"is_endless":false,"potions_floor_spawned":[1,5,11,14,16,18,19,23,41,42,44,47],"ascension_level":0}