{"gold_per_floor":[109,109,34,51,51,51,81,81,81,95,95,95,71,7,7,7],"floor_reached":16,"playtime":479,"items_purged":["Shame"],"score":193,"play_id":"320c0783-bb15-4066-84e0-b567b1329e1c","local_time":"20190302180004","is_ascension_mode":true,"campfire_choices":[{"floor":6,"key":"DIG"},{"floor":8,"key":"DIG"},{"floor":11,"key":"DIG"},{"floor":15,"key":"DIG"}],"neow_cost":"CURSE","seed_source_timestamp":8181913558474,"circlet_count":0,"master_deck":["AscendersBane","Strike_B","Strike_B","Strike_B","Strike_B","Defend_B","Defend_B","Defend_B","Defend_B","Zap","Dualcast","Tempest","Compile Driver","Conserve Battery","Coolheaded","Coolheaded"],"relics":["Cracked Core","Shovel","WingedGreaves","Ornamental Fan","Ice Cream","Molten Egg 2","Du-Vu Doll","Mango"],"potions_floor_usage":[16],"damage_taken":[{"damage":11,"enemies":"Cultist","floor":1,"turns":4},{"damage":0,"enemies":"2 Louse","floor":4,"turns":2},{"damage":35,"enemies":"3 Sentries","floor":7,"turns":9},{"damage":2,"enemies":"Jaw Worm","floor":10,"turns":3},{"damage":35,"enemies":"Slime Boss","floor":16,"turns":7}],"seed_played":"1010749099213421061","potions_obtained":[{"floor":10,"key":"Strength Potion"}],"is_trial":false,"path_per_floor":["M","?","$","M","?","R","E","R","T","M","R","?","$","?","R","B"],"character_chosen":"DEFECT","items_purchased":["Coolheaded"],"campfire_rested":0,"item_purchase_floors":[13],"current_hp_per_floor":[53,58,58,58,58,58,23,23,23,21,21,21,21,21,35,0],"gold":7,"neow_bonus":"ONE_RARE_RELIC","is_prod":false,"is_daily":false,"chose_seed":false,"campfire_upgraded":0,"win_rate":0,"timestamp":1551546004,"path_taken":["M","?","$","M","?","R","E","R","T","M","R","?","$","?","R","BOSS"],"build_version":"2019-01-23","purchased_purges":1,"victory":false,"max_hp_per_floor":[71,76,76,76,76,76,76,76,76,76,76,76,76,76,90,90],"card_choices":[{"not_picked":["Rebound","Leap"],"picked":"Tempest","floor":1},{"not_picked":["Reprogram","Leap"],"picked":"Compile Driver","floor":4},{"not_picked":["Sunder","Rebound"],"picked":"Conserve Battery","floor":7},{"not_picked":["Gash+1","Barrage+1"],"picked":"Coolheaded","floor":10}],"player_experience":1043490,"relics_obtained":[{"floor":6,"key":"WingedGreaves"},{"floor":7,"key":"Ornamental Fan"},{"floor":8,"key":"Ice Cream"},{"floor":9,"key":"Molten Egg 2"},{"floor":11,"key":"Du-Vu Doll"},{"floor":15,"key":"Mango"}],"event_choices":[{"damage_healed":0,"gold_gain":0,"player_choice":"Donut","damage_taken":0,"max_hp_gain":5,"max_hp_loss":0,"event_name":"Big Fish","floor":2,"gold_loss":0},{"damage_healed":0,"gold_gain":0,"player_choice":"Ignored","damage_taken":0,"max_hp_gain":0,"max_hp_loss":0,"event_name":"Golden Wing","floor":5,"gold_loss":0},{"damage_healed":0,"gold_gain":0,"player_choice":"Fled","damage_taken":0,"max_hp_gain":0,"max_hp_loss":0,"event_name":"Scrap Ooze","floor":12,"gold_loss":0},{"damage_healed":0,"gold_gain":0,"player_choice":"Left Gold","damage_taken":0,"max_hp_gain":0,"max_hp_loss":0,"event_name":"World of Goop","floor":14,"gold_loss":64}],"is_beta":false,"boss_relics":[],"items_purged_floors":[3],"is_endless":false,"potions_floor_spawned":[10],"killed_by":"Slime Boss","ascension_level":15}