{"gold_per_floor":[115,135,155,171,36,36,65,78,103,103,103,103,51,71,71,146,146,162,87,287,133,133,158,73,83,83,8,8,8,20,54,54,127,127,142,142,160,207,66,66,83,83,83,0,20,20,20,34,34,34],"floor_reached":51,"playtime":1584,"items_purged":["Dualcast","Strike_B"],"score":1379,"play_id":"78d543fd-d9cf-4100-be1b-4ba1e0c0e733","local_time":"20180801233049","is_ascension_mode":true,"campfire_choices":[{"data":"Hyperbeam","floor":6.0,"key":"SMITH"},{"data":"Beam Cell","floor":10.0,"key":"SMITH"},{"data":"Beam Cell","floor":12.0,"key":"SMITH"},{"floor":15.0,"key":"REST"},{"data":"Sunder","floor":29.0,"key":"SMITH"},{"data":"Buffer","floor":32.0,"key":"SMITH"},{"data":"Hyperbeam","floor":40.0,"key":"SMITH"},{"data":"Hyperbeam","floor":46.0,"key":"SMITH"},{"data":"Hologram","floor":49.0,"key":"SMITH"}],"neow_cost":"","seed_source_timestamp":483617590917135,"circlet_count":0,"master_deck":["Defend_B","AscendersBane","Beam Cell+1","Hologram+1","Hyperbeam+1","Beam Cell+1","Steam","Buffer+1","Reboot+1","Reinforced Body+1","Ball Lightning+1","FTL","Gash","Ghostly","Ghostly","Ghostly","Ghostly","Ghostly","Go for the Eyes+1","Sunder+1","Hyperbeam+1","Turbo+1","Madness","Madness","Turbo","Hyperbeam+1","Conserve Battery+1","Echo Form"],"special_seed":0,"relics":["Cracked Core","Orichalcum","Juzu Bracelet","Odd Mushroom","Astrolabe","Art of War","DataDisk","Bronze Scales","Blood Vial","Empty Cage","Ice Cream","Thread and Needle","Bottled Flame","Red Mask"],"potions_floor_usage":[50],"damage_taken":[{"damage":1.0,"enemies":"Cultist","floor":1.0,"turns":3.0},{"damage":0.0,"enemies":"Small Slimes","floor":2.0,"turns":3.0},{"damage":0.0,"enemies":"2 Louse","floor":3.0,"turns":2.0},{"damage":10.0,"enemies":"Blue Slaver","floor":4.0,"turns":4.0},{"damage":25.0,"enemies":"Lagavulin","floor":7.0,"turns":6.0},{"damage":0.0,"enemies":"Red Slaver","floor":8.0,"turns":1.0},{"damage":0.0,"floor":14.0,"turns":2.0},{"damage":41.0,"enemies":"The Guardian","floor":16.0,"turns":9.0},{"damage":1.0,"enemies":"Chosen","floor":18.0,"turns":4.0},{"damage":0.0,"enemies":"Slavers","floor":23.0,"turns":4.0},{"damage":0.0,"enemies":"2 Thieves","floor":25.0,"turns":2.0},{"damage":0.0,"enemies":"Cultist and Chosen","floor":30.0,"turns":4.0},{"damage":0.0,"enemies":"Book of Stabbing","floor":31.0,"turns":4.0},{"damage":15.0,"enemies":"Collector","floor":33.0,"turns":10.0},{"damage":0.0,"enemies":"Flame Bruiser 1 Orb","floor":35.0,"turns":3.0},{"damage":2.0,"enemies":"3 Shapes","floor":37.0,"turns":3.0},{"damage":21.0,"floor":38.0,"turns":2.0},{"damage":0.0,"enemies":"3 Darklings","floor":41.0,"turns":1.0},{"damage":0.0,"floor":42.0,"turns":5.0},{"damage":0.0,"enemies":"Transient","floor":45.0,"turns":5.0},{"damage":0.0,"enemies":"Spire Growth","floor":48.0,"turns":2.0},{"damage":0,"enemies":"Donu and Deca","floor":50,"turns":8}],"seed_played":"-8726749079088177026","potions_obtained":[{"floor":1.0,"key":"Regen Potion"},{"floor":3.0,"key":"Explosive Potion"},{"floor":18.0,"key":"AttackPotion"},{"floor":33.0,"key":"Block Potion"},{"floor":38.0,"key":"Weak Potion"},{"floor":42.0,"key":"SteroidPotion"}],"is_trial":false,"path_per_floor":["M","M","M","M","$","R","E","M","T","R","?","R","$","?","R","B",null,"M","$","?","$","?","E","?","M","T","?","?","R","M","E","R","B",null,"M","?","M","?","$","R","M","?","T","?","M","R","?","M","R","B"],"character_chosen":"DEFECT","items_purchased":["Hyperbeam","Steam","Gash","Hyperbeam"],"campfire_rested":1,"item_purchase_floors":[5,13,21,39],"current_hp_per_floor":[63,63,63,53,53,53,28,28,28,28,21,21,21,21,42,1,54,53,53,53,53,35,35,35,35,35,35,35,35,35,35,35,20,31,33,27,27,8,8,8,10,12,12,12,14,14,14,16,16,18],"gold":34,"neow_bonus":"","is_prod":false,"is_daily":false,"chose_seed":false,"campfire_upgraded":8,"win_rate":0,"timestamp":1533133849,"path_taken":["M","M","M","?","?","R","E","M","T","R","?","R","?","?","R","BOSS","M","$","?","?","?","E","?","M","T","?","?","R","M","E","R","BOSS","M","?","M","?","$","R","M","?","T","?","M","R","?","M","R","BOSS"],"build_version":"2018-07-26","purchased_purges":2,"victory":true,"max_hp_per_floor":[71,71,71,71,71,71,71,71,71,71,71,71,71,71,71,71,71,71,71,71,71,35,35,35,35,35,35,35,35,35,35,35,35,35,35,35,35,35,35,35,35,35,35,35,35,35,35,35,35,35],"card_choices":[{"not_picked":["Force Field","Leap"],"picked":"Cold Snap","floor":1.0},{"not_picked":["Auto Shields","Force Field"],"picked":"Beam Cell","floor":2.0},{"not_picked":["Reinforced Body","Redo"],"picked":"Hologram","floor":3.0},{"not_picked":["Recycle","Beam Cell","Leap"],"picked":"SKIP","floor":4.0},{"not_picked":["Chill","Heatsinks"],"picked":"Beam Cell","floor":7.0},{"not_picked":["Cold Snap","Chill","Hologram"],"picked":"SKIP","floor":8.0},{"not_picked":["Cold Snap","Chill","Hologram"],"picked":"SKIP","floor":8.0},{"not_picked":["Rainbow","Multi-Cast"],"picked":"Buffer","floor":16.0},{"not_picked":["Compile Driver","White Noise"],"picked":"FTL","floor":18.0},{"not_picked":["Hologram","Barrage","Storm"],"picked":"SKIP","floor":23.0},{"not_picked":["Streamline+1","Cold Snap"],"picked":"Go for the Eyes+1","floor":25.0},{"not_picked":["Lockon","Beam Cell","Barrage"],"picked":"SKIP","floor":30.0},{"not_picked":["Go for the Eyes+1","Compile Driver+1","FTL"],"picked":"SKIP","floor":31.0},{"not_picked":["Buffer","Echo Form"],"picked":"Hyperbeam","floor":33.0},{"not_picked":["Chill","Coolheaded"],"picked":"Turbo+1","floor":35.0},{"not_picked":["Self Repair","Reinforced Body","Undo"],"picked":"SKIP","floor":37.0},{"not_picked":["Genetic Algorithm","Heatsinks+1"],"picked":"Turbo","floor":38.0},{"not_picked":["Reprogram","Steam+1"],"picked":"Conserve Battery+1","floor":41.0},{"not_picked":["Conserve Battery","Storm","Scrape+1"],"picked":"SKIP","floor":45.0},{"not_picked":["Go for the Eyes","Glacier"],"picked":"Echo Form","floor":48.0}],"player_experience":572196,"relics_obtained":[{"floor":7.0,"key":"Orichalcum"},{"floor":9.0,"key":"Juzu Bracelet"},{"floor":14.0,"key":"Odd Mushroom"},{"floor":23.0,"key":"Art of War"},{"floor":26.0,"key":"Bronze Scales"},{"floor":31.0,"key":"Blood Vial"},{"floor":38.0,"key":"Ice Cream"},{"floor":42.0,"key":"Thread and Needle"},{"floor":43.0,"key":"Bottled Flame"}],"event_choices":[{"event_name":"Golden Wing","player_choice":"Card Removal","floor":11.0,"damage_taken":0.0},{"event_name":"Mushrooms","player_choice":"Fought Mushrooms","floor":14.0,"damage_taken":0.0},{"event_name":"Wheel of Change","player_choice":"Gold","floor":20.0,"damage_taken":0.0},{"event_name":"Ghosts","player_choice":"Became a Ghost","floor":22.0,"damage_taken":0.0},{"event_name":"Addict","player_choice":"Obtained Relic","floor":24.0,"damage_taken":0.0},{"event_name":"Beggar","player_choice":"Gave Gold","floor":27.0,"damage_taken":0.0},{"event_name":"The Library","player_choice":"Read","floor":28.0,"damage_taken":0.0},{"event_name":"Winding Halls","player_choice":"Embrace Madness","floor":36.0,"damage_taken":0.0},{"event_name":"Mysterious Sphere","player_choice":"Fight","floor":38.0,"damage_taken":0.0},{"event_name":"MindBloom","player_choice":"Fight","floor":42.0,"damage_taken":0.0},{"event_name":"Tomb of Lord Red Mask","player_choice":"Paid","floor":44.0,"damage_taken":0.0},{"event_name":"Falling","player_choice":"Removed Attack","floor":47.0,"damage_taken":0.0}],"is_beta":false,"boss_relics":[{"not_picked":["Black Star","Lizard Tail"],"picked":"Astrolabe"},{"not_picked":["Orrery","Nuclear Battery"],"picked":"Empty Cage"}],"items_purged_floors":[19,21],"is_endless":false,"potions_floor_spawned":[1,3,7,14,18,23,33,35,38,42],"ascension_level":15}