{"gold_per_floor":[115,130,10,29,29,29,73,73,99,142,142,181,181,200,200,200],"floor_reached":16,"playtime":616,"items_purged":[],"score":136,"play_id":"40a0785a-8c17-4739-ba5b-ee1b68e31620","local_time":"20181012025155","is_ascension_mode":true,"campfire_choices":[{"data":"Inflame","floor":6,"key":"SMITH"},{"data":"Inflame","floor":8,"key":"SMITH"},{"data":"Evolve","floor":13,"key":"SMITH"},{"floor":15,"key":"REST"}],"neow_cost":"","seed_source_timestamp":84820878065272,"circlet_count":0,"master_deck":["Strike_R","Strike_R","Strike_R","Strike_R","Strike_R+1","Defend_R","Defend_R","Defend_R","Defend_R","Bash","Inflame+1","Evolve+1","Iron Wave","Wild Strike+1","Armaments","Heavy Blade+1","Inflame+1","Spot Weakness","Headbutt","Anger","Blood for Blood"],"relics":["Burning Blood","Golden Idol","Potion Belt","Whetstone","Dream Catcher","Shuriken"],"potions_floor_usage":[10,12],"damage_taken":[{"damage":1,"enemies":"Cultist","floor":1,"turns":3},{"damage":0,"enemies":"Small Slimes","floor":2,"turns":3},{"damage":0,"enemies":"Jaw Worm","floor":4,"turns":3},{"damage":27,"enemies":"Gremlin Nob","floor":7,"turns":4},{"damage":15,"enemies":"3 Sentries","floor":10,"turns":5},{"damage":15,"enemies":"Lagavulin","floor":12,"turns":6},{"damage":15,"enemies":"2 Fungi Beasts","floor":14,"turns":5},{"damage":36,"enemies":"The Guardian","floor":16,"turns":7}],"seed_played":"6828452654687433284","potions_obtained":[{"floor":1,"key":"Weak Potion"},{"floor":2,"key":"SteroidPotion"},{"floor":10,"key":"SmokeBomb"}],"is_trial":false,"path_per_floor":["M","M","$","M","?","R","E","R","T","E","?","E","R","M","R"],"character_chosen":"IRONCLAD","items_purchased":["Iron Wave","Wild Strike","Armaments"],"campfire_rested":1,"item_purchase_floors":[3,3,3],"current_hp_per_floor":[80,80,80,80,60,60,39,39,39,30,30,21,21,12,36,0],"gold":200,"neow_bonus":"","is_prod":false,"is_daily":false,"chose_seed":false,"campfire_upgraded":3,"win_rate":0,"timestamp":1539337915,"path_taken":["M","M","$","?","?","R","E","R","T","E","?","E","R","M","R","BOSS"],"build_version":"2018-10-11","purchased_purges":0,"victory":false,"max_hp_per_floor":[80,80,80,80,80,80,80,80,80,80,80,80,80,80,80,80],"card_choices":[{"not_picked":["Headbutt","Sentinel"],"picked":"Inflame","floor":1},{"not_picked":["Sword Boomerang","Shrug It Off"],"picked":"Evolve","floor":2},{"not_picked":["Warcry","Sever Soul"],"picked":"Heavy Blade","floor":4},{"not_picked":["Body Slam","Anger"],"picked":"Inflame","floor":7},{"not_picked":["Uppercut","Shrug It Off"],"picked":"Spot Weakness","floor":10},{"not_picked":["Immolate","Searing Blow"],"picked":"Headbutt","floor":12},{"not_picked":["Seeing Red","Hemokinesis"],"picked":"Anger","floor":14},{"not_picked":["Feel No Pain","Pommel Strike"],"picked":"Blood for Blood","floor":15}],"player_experience":237462,"relics_obtained":[{"floor":7,"key":"Potion Belt"},{"floor":9,"key":"Whetstone"},{"floor":10,"key":"Dream Catcher"},{"floor":12,"key":"Shuriken"}],"event_choices":[{"event_name":"Golden Idol","player_choice":"Take Damage","floor":5,"damage_taken":0},{"event_name":"Living Wall","player_choice":"Grow","floor":11,"damage_taken":0}],"is_beta":false,"boss_relics":[],"items_purged_floors":[],"is_endless":false,"potions_floor_spawned":[1,2,10],"killed_by":"The Guardian","ascension_level":3}