{"gold_per_floor":[117,117,129,3,3,36,36,71,98,110,110,123,158,27,27,104,104,123,138,138],"floor_reached":20,"playtime":864,"items_purged":["Strike_G"],"score":424,"play_id":"179f7aa9-6922-4bcf-94f1-912760aaf7f1","local_time":"20180702204245","is_ascension_mode":true,"campfire_choices":[{"data":"Caltrops","floor":7,"key":"SMITH"},{"data":"Noxious Fumes","floor":11,"key":"SMITH"},{"data":"Night Terror","floor":15,"key":"SMITH"}],"neow_cost":"NONE","seed_source_timestamp":1292936946044525,"circlet_count":0,"master_deck":["Defend_G","Defend_G","Defend_G","Defend_G","Defend_G","Strike_G","Strike_G","Strike_G","Strike_G","Survivor","Neutralize+1","AscendersBane","PiercingWail","Dagger Throw","Infinite Blades","Caltrops+1","All Out Attack","Noxious Fumes+1","Cloak And Dagger","Night Terror+1","Caltrops","After Image","Malaise","Backflip"],"relics":["Ring of the Snake","NeowsBlessing","Smiling Mask","Juzu Bracelet","Snake Skull","Strawberry","Art of War","Runic Dome"],"potions_floor_usage":[8,8,13,19],"damage_taken":[{"damage":0,"enemies":"2 Louse","floor":1,"turns":1},{"damage":0,"enemies":"Cultist","floor":3,"turns":1},{"damage":0,"enemies":"Lagavulin","floor":6,"turns":1},{"damage":9,"enemies":"3 Sentries","floor":8,"turns":6},{"damage":0,"enemies":"Small Slimes","floor":10,"turns":4},{"damage":3,"enemies":"Looter","floor":12,"turns":4},{"damage":0,"enemies":"Lagavulin","floor":13,"turns":6},{"damage":23,"enemies":"Hexaghost","floor":16,"turns":8},{"damage":14,"enemies":"3 Byrds","floor":18,"turns":3},{"damage":16,"enemies":"2 Thieves","floor":19,"turns":5},{"damage":45,"enemies":"Cultist and Chosen","floor":20,"turns":4}],"seed_played":"794016667938456917","potions_obtained":[{"floor":1,"key":"Explosive Potion"},{"floor":10,"key":"Energy Potion"},{"floor":12,"key":"SkillPotion"},{"floor":16,"key":"LiquidBronze"},{"floor":19,"key":"Strength Potion"}],"is_trial":false,"path_per_floor":["M","?","M","$","T","E","R","E","T","M","R","M","E","$","R","B",null,"M","M"],"character_chosen":"THE_SILENT","items_purchased":["Infinite Blades","SteroidPotion","Caltrops"],"campfire_rested":0,"item_purchase_floors":[4,4,14],"current_hp_per_floor":[59,59,59,59,59,59,59,50,57,57,57,54,54,54,54,31,63,49,33,0],"gold":138,"neow_bonus":"THREE_ENEMY_KILL","is_prod":false,"is_daily":false,"chose_seed":false,"campfire_upgraded":3,"win_rate":0,"timestamp":1530556965,"path_taken":["M","?","M","$","?","E","R","E","T","M","R","M","E","$","R","BOSS","M","M","M"],"build_version":"2018-06-28","purchased_purges":1,"victory":false,"max_hp_per_floor":[66,66,66,66,66,66,66,66,73,73,73,73,73,73,73,73,73,73,73,73],"card_choices":[{"not_picked":["Terror","Cloak And Dagger"],"picked":"PiercingWail","floor":1},{"not_picked":["Endless Agony","Acrobatics"],"picked":"Dagger Throw","floor":3},{"not_picked":["Riddle With Holes","Deadly Poison"],"picked":"Caltrops","floor":6},{"not_picked":["Quick Slash","Bane"],"picked":"All Out Attack","floor":8},{"not_picked":["Heel Hook","Deflect"],"picked":"Noxious Fumes","floor":10},{"not_picked":["Skewer","Poisoned Stab"],"picked":"Cloak And Dagger","floor":12},{"not_picked":["Caltrops","Flying Knee"],"picked":"Night Terror","floor":13},{"not_picked":["Die Die Die","Storm of Steel"],"picked":"After Image","floor":16},{"not_picked":["Crippling Poison","Quick Slash"],"picked":"Malaise","floor":18},{"not_picked":["Well Laid Plans","Poisoned Stab"],"picked":"Backflip","floor":19}],"player_experience":735946,"relics_obtained":[{"floor":5,"key":"Smiling Mask"},{"floor":6,"key":"Juzu Bracelet"},{"floor":8,"key":"Snake Skull"},{"floor":9,"key":"Strawberry"},{"floor":13,"key":"Art of War"}],"event_choices":[{"event_name":"Upgrade Shrine","player_choice":"Upgraded","floor":2,"damage_taken":0}],"boss_relics":[{"not_picked":["Eternal Feather","Velvet Choker"],"picked":"Runic Dome"}],"items_purged_floors":[14],"is_endless":false,"potions_floor_spawned":[1,10,12,16,19],"killed_by":"Cultist and Chosen","ascension_level":15}