{"gold_per_floor":[111,129,129,139,139,139,157,157,180,180,180,193,207,207,207,308,308,321],"floor_reached":18,"playtime":675,"items_purged":[],"score":154,"play_id":"b3e3824b-2793-43f7-b839-cd3bce12571e","local_time":"20181225035232","is_ascension_mode":false,"campfire_choices":[{"data":"Doom and Gloom","floor":6.0,"key":"SMITH"},{"data":"Darkness","floor":8.0,"key":"SMITH"},{"data":"Dualcast","floor":10.0,"key":"SMITH"},{"data":"Conserve Battery","floor":15.0,"key":"SMITH"}],"neow_cost":"NONE","seed_source_timestamp":237849879689965,"circlet_count":0,"master_deck":["Strike_B","Strike_B","Strike_B","Strike_B","Defend_B","Defend_B","Defend_B","Defend_B","Zap","Dualcast+1","Darkness+1","Coolheaded","Doom and Gloom+1","Darkness+1","Conserve Battery+1"],"special_seed":0,"relics":["FrozenCore","Juzu Bracelet","Bottled Lightning"],"potions_floor_usage":[],"damage_taken":[{"damage":0.0,"enemies":"Small Slimes","floor":1.0,"turns":4.0},{"damage":1.0,"enemies":"Cultist","floor":2.0,"turns":3.0},{"damage":1.0,"enemies":"Jaw Worm","floor":4.0,"turns":5.0},{"damage":7.0,"enemies":"Blue Slaver","floor":7.0,"turns":2.0},{"damage":20.0,"enemies":"Large Slime","floor":12.0,"turns":3.0},{"damage":11.0,"enemies":"Red Slaver","floor":13.0,"turns":3.0},{"damage":29.0,"enemies":"Hexaghost","floor":16.0,"turns":8.0},{"damage":23,"enemies":"2 Thieves","floor":18,"turns":5}],"seed_played":"-3170686924935809958","potions_obtained":[{"floor":4.0,"key":"Swift Potion"},{"floor":12.0,"key":"Ancient Potion"},{"floor":13.0,"key":"SteroidPotion"}],"is_trial":false,"path_per_floor":["M","M","?","M","?","R","M","R","T","R","T","M","M","?","R","B",null,"M"],"character_chosen":"DEFECT","items_purchased":[],"campfire_rested":0,"item_purchase_floors":[],"current_hp_per_floor":[82,81,81,80,80,80,73,73,73,73,73,53,42,42,42,13,82,59],"gold":321,"neow_bonus":"TEN_PERCENT_HP_BONUS","is_prod":false,"is_daily":false,"chose_seed":false,"campfire_upgraded":4,"win_rate":0,"timestamp":1545727952,"path_taken":["M","M","?","?","?","R","M","R","T","R","?","M","M","?","R","BOSS","M"],"build_version":"2018-12-20","purchased_purges":0,"victory":false,"max_hp_per_floor":[82,82,82,82,82,82,82,82,82,82,82,82,82,82,82,82,82,82],"card_choices":[{"not_picked":["Beam Cell","Redo"],"picked":"Darkness","floor":1.0},{"not_picked":["Glacier","Reprogram"],"picked":"Coolheaded","floor":2.0},{"not_picked":["Reinforced Body","Cold Snap"],"picked":"Doom and Gloom","floor":4.0},{"not_picked":["Streamline","Redo"],"picked":"Darkness","floor":7.0},{"not_picked":["Hologram","Hello World","Compile Driver"],"picked":"SKIP","floor":12.0},{"not_picked":["Leap","Genetic Algorithm"],"picked":"Conserve Battery","floor":13.0}],"player_experience":355191,"relics_obtained":[{"floor":9.0,"key":"Juzu Bracelet"},{"floor":11.0,"key":"Bottled Lightning"}],"event_choices":[{"damage_healed":0.0,"max_hp_gain":0.0,"max_hp_loss":0.0,"gold_gain":0.0,"event_name":"Upgrade Shrine","player_choice":"Upgraded","floor":3.0,"gold_loss":0.0,"damage_taken":0.0,"cards_upgraded":["Darkness"]},{"damage_healed":0.0,"max_hp_gain":0.0,"max_hp_loss":0.0,"gold_gain":0.0,"event_name":"Liars Game","player_choice":"Ignored","floor":5.0,"gold_loss":0.0,"damage_taken":0.0},{"damage_healed":0.0,"max_hp_gain":0.0,"max_hp_loss":0.0,"gold_gain":0.0,"event_name":"Scrap Ooze","player_choice":"Fled","floor":14.0,"gold_loss":0.0,"damage_taken":0.0}],"is_beta":false,"boss_relics":[{"not_picked":["Pandora\u0027s Box","White Beast Statue"],"picked":"FrozenCore"}],"items_purged_floors":[],"is_endless":false,"potions_floor_spawned":[4,12,13],"killed_by":"2 Thieves","ascension_level":0}