{"gold_per_floor":[363,382,398,27,81,157,157,172,196,210,230,230,265,284,284,385,385,395,405,177,189,207,207,236,236,291,324,324,324,16,31,31,130,130,144,144,144,161,174,174,191,191,191,201,201,213,213,246,246,246],"floor_reached":51,"playtime":1633,"items_purged":["Clumsy","Bash"],"score":806,"play_id":"5e98f16f-aae6-4fee-aedf-7b0e52335b3c","local_time":"20190304162318","is_ascension_mode":true,"campfire_choices":[{"data":"Shrug It Off","floor":7,"key":"SMITH"},{"data":"Spot Weakness","floor":12,"key":"SMITH"},{"data":"Perfected Strike","floor":15,"key":"SMITH"},{"floor":23,"key":"REST"},{"data":"Cleave","floor":25,"key":"SMITH"},{"floor":28,"key":"REST"},{"data":"Pommel Strike","floor":32,"key":"SMITH"},{"data":"Double Tap","floor":40,"key":"SMITH"},{"data":"Twin Strike","floor":42,"key":"SMITH"},{"data":"Defend_R","floor":47,"key":"SMITH"},{"data":"Defend_R","floor":49,"key":"SMITH"}],"neow_cost":"CURSE","seed_source_timestamp":1711971564613726,"circlet_count":0,"master_deck":["Strike_R","Strike_R","Strike_R","Strike_R","Strike_R","Defend_R","Defend_R","Defend_R+1","Defend_R+1","Cleave+1","Wild Strike","Wild Strike","Twin Strike+1","Shrug It Off+1","Spot Weakness+1","Perfected Strike+1","Pommel Strike+1","Pommel Strike+1","Perfected Strike+1","Double Tap+1","Twin Strike+1","Twin Strike+1"],"relics":["Black Blood","Incense Burner","Ancient Tea Set","Darkstone Periapt","Bag of Preparation","Happy Flower","Lantern","Magic Flower","Smiling Mask","Bag of Marbles","MutagenicStrength","Singing Bowl","Sozu","Molten Egg 2","Toxic Egg 2"],"potions_floor_usage":[13,50,50,50],"damage_taken":[{"damage":5,"enemies":"Cultist","floor":1,"turns":4},{"damage":6,"enemies":"Jaw Worm","floor":2,"turns":4},{"damage":0,"enemies":"Small Slimes","floor":3,"turns":3},{"damage":3,"enemies":"Red Slaver","floor":8,"turns":3},{"damage":9,"enemies":"3 Louse","floor":10,"turns":3},{"damage":5,"enemies":"Looter","floor":11,"turns":3},{"damage":14,"enemies":"Gremlin Nob","floor":13,"turns":3},{"damage":13,"enemies":"Red Slaver","floor":14,"turns":2},{"damage":11,"enemies":"Slime Boss","floor":16,"turns":10},{"damage":23,"enemies":"3 Byrds","floor":18,"turns":5},{"damage":12,"enemies":"2 Thieves","floor":19,"turns":3},{"damage":21,"enemies":"3 Cultists","floor":21,"turns":4},{"damage":16,"enemies":"Snake Plant","floor":22,"turns":3},{"damage":21,"enemies":"Slavers","floor":24,"turns":4},{"damage":39,"enemies":"Book of Stabbing","floor":27,"turns":5},{"damage":0,"enemies":"Snecko","floor":31,"turns":1},{"damage":43,"enemies":"Champ","floor":33,"turns":7},{"damage":9,"enemies":"3 Shapes","floor":35,"turns":2},{"damage":0,"enemies":"3 Darklings","floor":38,"turns":3},{"damage":9,"enemies":"Transient","floor":39,"turns":5},{"damage":0,"enemies":"Spire Growth","floor":41,"turns":1},{"damage":0,"enemies":"Jaw Worm Horde","floor":44,"turns":1},{"damage":0,"enemies":"Writhing Mass","floor":46,"turns":1},{"damage":1,"enemies":"Giant Head","floor":48,"turns":4},{"damage":119,"enemies":"Time Eater","floor":50,"turns":9}],"seed_played":"-3416996925370522248","potions_obtained":[{"floor":3,"key":"Swift Potion"},{"floor":8,"key":"Ancient Potion"},{"floor":10,"key":"Ancient Potion"},{"floor":11,"key":"FearPotion"},{"floor":18,"key":"Regen Potion"},{"floor":19,"key":"Regen Potion"}],"is_trial":false,"path_per_floor":["M","M","M","$","T","T","R","M","T","M","M","R","E","M","R","B",null,"M","M","$","M","M","R","E","R","T","E","R","?","$","M","R","B",null,"M","?","$","M","M","R","M","R","T","M","?","M","R","E","R","B",null],"character_chosen":"IRONCLAD","items_purchased":["Twin Strike","Incense Burner","Shrug It Off","Lantern","Singing Bowl"],"campfire_rested":2,"item_purchase_floors":[4,4,4,20,30],"current_hp_per_floor":[80,80,80,80,80,80,80,80,80,77,78,78,70,63,63,58,80,67,65,65,54,48,72,61,61,61,37,61,61,61,78,78,50,82,84,84,84,84,86,86,88,88,88,90,90,90,90,92,92,47],"gold":246,"neow_bonus":"TWO_FIFTY_GOLD","is_prod":false,"is_daily":false,"chose_seed":false,"campfire_upgraded":9,"win_rate":0,"timestamp":1551734598,"path_taken":["M","M","M","$","?","?","R","M","T","?","M","R","E","M","R","BOSS","M","M","$","?","M","R","E","R","T","E","R","?","$","M","R","BOSS","M","?","$","?","M","R","M","R","T","M","?","M","R","E","R","BOSS"],"build_version":"2019-01-23","purchased_purges":2,"victory":true,"max_hp_per_floor":[80,80,80,80,80,80,80,80,80,80,80,80,80,80,80,80,80,80,80,80,80,80,80,80,80,80,80,80,80,80,82,82,82,82,84,84,84,84,86,86,88,88,88,90,90,90,90,92,92,92],"card_choices":[{"not_picked":["Warcry","Power Through"],"picked":"Cleave","floor":1},{"not_picked":["Shockwave","Evolve"],"picked":"Wild Strike","floor":2},{"not_picked":["Body Slam","Metallicize"],"picked":"Wild Strike","floor":3},{"not_picked":["Flex","Dropkick"],"picked":"Spot Weakness","floor":8},{"not_picked":["Dual Wield","Burning Pact","Rage"],"picked":"SKIP","floor":10},{"not_picked":["Cleave","Havoc"],"picked":"Perfected Strike","floor":11},{"not_picked":["Clash","Pummel","Dual Wield"],"picked":"SKIP","floor":13},{"not_picked":["Fiend Fire","Dropkick","Body Slam"],"picked":"SKIP","floor":14},{"not_picked":["Body Slam","Pummel","Armaments"],"picked":"SKIP","floor":18},{"not_picked":["Infernal Blade+1","Havoc+1"],"picked":"Pommel Strike+1","floor":19},{"not_picked":["Cleave","Intimidate"],"picked":"Pommel Strike","floor":21},{"not_picked":["Entrench","Fire Breathing"],"picked":"Perfected Strike+1","floor":22},{"not_picked":["Spot Weakness","Whirlwind","Sword Boomerang"],"picked":"SKIP","floor":24},{"not_picked":["True Grit+1","Thunderclap","Blood for Blood+1"],"picked":"SKIP","floor":27},{"not_picked":["Sword Boomerang+1","Intimidate","Havoc"],"picked":"Singing Bowl","floor":31},{"not_picked":["Demon Form","Feed"],"picked":"Double Tap","floor":33},{"not_picked":["Armaments+1","Iron Wave","Infernal Blade+1"],"picked":"Singing Bowl","floor":35},{"not_picked":["Ghostly Armor+1","Bloodletting"],"picked":"Twin Strike+1","floor":38},{"not_picked":["Heavy Blade","Clash+1","Body Slam"],"picked":"Singing Bowl","floor":39},{"not_picked":["Sword Boomerang","Cleave","Body Slam"],"picked":"Singing Bowl","floor":41},{"not_picked":["Fire Breathing+1","Iron Wave+1","Corruption+1"],"picked":"Singing Bowl","floor":44},{"not_picked":["Warcry+1","Searing Blow+1"],"picked":"Twin Strike+1","floor":46},{"not_picked":["Reckless Charge+1","Blood for Blood+1","Rupture+1"],"picked":"Singing Bowl","floor":48}],"player_experience":505772,"relics_obtained":[{"floor":5,"key":"Ancient Tea Set"},{"floor":6,"key":"Darkstone Periapt"},{"floor":9,"key":"Bag of Preparation"},{"floor":13,"key":"Happy Flower"},{"floor":24,"key":"Magic Flower"},{"floor":26,"key":"Smiling Mask"},{"floor":27,"key":"Bag of Marbles"},{"floor":43,"key":"Molten Egg 2"},{"floor":48,"key":"Toxic Egg 2"}],"event_choices":[{"damage_healed":0,"gold_gain":0,"player_choice":"Inject Mutagens","damage_taken":0,"relics_obtained":["MutagenicStrength"],"max_hp_gain":0,"max_hp_loss":0,"event_name":"Drug Dealer","floor":29,"gold_loss":0},{"damage_healed":0,"gold_gain":0,"player_choice":"0 cards matched","damage_taken":0,"max_hp_gain":0,"max_hp_loss":0,"event_name":"Match and Keep!","floor":36,"gold_loss":0,"cards_obtained":[]},{"damage_healed":0,"gold_gain":0,"player_choice":"Ignored","damage_taken":0,"max_hp_gain":0,"max_hp_loss":0,"event_name":"Mysterious Sphere","floor":45,"gold_loss":0}],"is_beta":false,"boss_relics":[{"not_picked":["Lizard Tail","Runic Cube"],"picked":"Black Blood"},{"not_picked":["Philosopher\u0027s Stone","Runic Dome"],"picked":"Sozu"}],"items_purged_floors":[20,30],"is_endless":false,"potions_floor_spawned":[3,8,10,11,18,19,24,31,35,39,46,48],"ascension_level":1}