{"gold_per_floor":[11,11,186,209,222,265,289,289,289,259,259],"floor_reached":11,"playtime":927,"items_purged":[],"score":73,"play_id":"4aa1b1f2-f44f-49ac-bb5f-3702b153ec3d","local_time":"20180701234121","is_ascension_mode":false,"campfire_choices":[{"data":"Footwork","floor":8,"key":"SMITH"}],"neow_cost":"NO_GOLD","seed_source_timestamp":75507960741898,"circlet_count":0,"master_deck":["Defend_G","Defend_G","Defend_G","Defend_G","Defend_G","Strike_G","Strike_G","Strike_G","Strike_G","Strike_G","Survivor","Neutralize","Storm of Steel","Flying Knee","Doubt","Footwork+1","Outmaneuver","Leg Sweep","Dagger Spray+1","Choke+1"],"relics":["Ring of the Snake","Golden Idol","Molten Egg 2","Toolbox"],"potions_floor_usage":[7,11],"damage_taken":[{"damage":0,"enemies":"2 Louse","floor":1,"turns":3},{"damage":0,"enemies":"Small Slimes","floor":4,"turns":4},{"damage":0,"enemies":"Cultist","floor":5,"turns":3},{"damage":27,"enemies":"3 Sentries","floor":6,"turns":15},{"damage":7,"enemies":"Large Slime","floor":7,"turns":9},{"damage":0,"enemies":"Looter","floor":10,"turns":4},{"damage":22,"enemies":"Gremlin Nob","floor":11,"turns":3}],"seed_played":"-4367202505363720316","potions_obtained":[{"floor":5,"key":"Weak Potion"},{"floor":6,"key":"Explosive Potion"},{"floor":7,"key":"SteroidPotion"}],"is_trial":false,"path_per_floor":["M","?","?","M","M","E","M","R","T","M"],"character_chosen":"THE_SILENT","items_purchased":[],"campfire_rested":0,"item_purchase_floors":[],"current_hp_per_floor":[70,53,53,53,53,26,19,19,19,19,0],"gold":259,"neow_bonus":"THREE_RARE_CARDS","is_prod":false,"is_daily":false,"chose_seed":false,"campfire_upgraded":1,"win_rate":0,"timestamp":1530513681,"path_taken":["M","?","?","M","M","E","M","R","T","?","E"],"build_version":"2018-06-28","purchased_purges":0,"victory":false,"max_hp_per_floor":[70,70,70,70,70,70,70,70,70,70,70],"card_choices":[{"not_picked":["Unload","Doppelganger"],"picked":"Storm of Steel","floor":0},{"not_picked":["PiercingWail","Dodge and Roll"],"picked":"Flying Knee","floor":1},{"not_picked":["Endless Agony","Distraction"],"picked":"Footwork","floor":4},{"not_picked":["Bane","Prepared"],"picked":"Outmaneuver","floor":5},{"not_picked":["Poisoned Stab","Corpse Explosion"],"picked":"Leg Sweep","floor":6},{"not_picked":["Bouncing Flask","Slice+1"],"picked":"Dagger Spray+1","floor":7},{"not_picked":["Deflect","Acrobatics"],"picked":"Choke+1","floor":10}],"player_experience":100159,"relics_obtained":[{"floor":6,"key":"Molten Egg 2"},{"floor":9,"key":"Toolbox"}],"event_choices":[{"event_name":"Golden Idol","player_choice":"Take Damage","floor":2,"damage_taken":0},{"event_name":"Liars Game","player_choice":"agreed","floor":3,"damage_taken":0}],"boss_relics":[],"items_purged_floors":[],"is_endless":false,"potions_floor_spawned":[5,6,7],"killed_by":"Gremlin Nob","ascension_level":0}