{"path_per_floor":["M","M","M","?","?","R","E","R","T","E","$","M","R","E","R","B",null,"M","M","?","M","?","R","E","R","T","$","M","M","R","M","R","B",null,"M","?","M","M"],"character_chosen":"IRONCLAD","items_purchased":["Whetstone","Shrug It Off"],"gold_per_floor":[13,28,40,115,115,115,140,140,195,223,0,15,15,43,43,148,148,103,103,103,103,103,103,103,103,103,77,77,77,77,77,77,77,77,77,77,77,77,77],"floor_reached":39,"campfire_rested":1,"playtime":2297,"current_hp_per_floor":[69,72,72,61,80,80,50,50,50,35,35,41,41,31,31,14,64,55,50,50,38,38,38,16,16,23,23,13,13,54,44,44,13,69,64,64,47,9,0],"items_purged":["Strike_R"],"gold":77,"score":589,"play_id":"2b9d7d31-3a3e-49f4-8ceb-67f2c4adb071","local_time":"20180417231703","is_prod":false,"is_daily":false,"chose_seed":false,"is_ascension_mode":true,"campfire_upgraded":7,"timestamp":1523999823,"path_taken":["M","M","M","?","?","R","E","R","T","E","?","?","R","E","R","BOSS","M","M","?","M","?","R","E","R","T","?","?","M","R","M","R","BOSS","M","?","M","M","M"],"build_version":"2018-04-12","seed_source_timestamp":16799824722383,"purchased_purges":1,"victory":false,"master_deck":["Strike_R+1","Strike_R+1","Defend_R","Bash","Shockwave","Searing Blow+6","Warcry","Dual Wield","Headbutt","Warcry","Headbutt","Dark Embrace","Armaments+1","Reckless Charge","Seeing Red+1","Shrug It Off","Ghostly Armor","Offering","True Grit+1","Demon Form","Exhume+1","Bludgeon+1","Whirlwind+1","Battle Trance+1"],"max_hp_per_floor":[80,80,80,80,80,80,80,80,80,80,80,80,80,80,80,80,80,80,80,80,80,80,80,80,80,87,87,87,87,87,87,87,87,87,87,87,87,87,87],"relics":["Burning Blood","Red Skull","Oddly Smooth Stone","Happy Flower","Whetstone","Regal Pillow","Ectoplasm","Omamori","Strawberry","Astrolabe"],"card_choices":[{"not_picked":["Iron Wave","Wild Strike"],"picked":"Searing Blow","floor":1},{"not_picked":["Clash","Pommel Strike"],"picked":"Warcry","floor":2},{"not_picked":["Havoc","Twin Strike"],"picked":"Dual Wield","floor":3},{"not_picked":["Wild Strike","Berserk"],"picked":"Headbutt","floor":7},{"not_picked":["Dual Wield","Sentinel"],"picked":"Warcry","floor":10},{"not_picked":["Thunderclap","Carnage"],"picked":"Headbutt","floor":14},{"not_picked":["Juggernaut","Brutality"],"picked":"Dark Embrace","floor":16},{"not_picked":["Heavy Blade","Cleave"],"picked":"Armaments","floor":18},{"not_picked":["Havoc","Pommel Strike"],"picked":"Reckless Charge","floor":19},{"not_picked":["Iron Wave","Disarm"],"picked":"Seeing Red","floor":24},{"not_picked":["Reckless Charge","Searing Blow"],"picked":"Ghostly Armor","floor":28},{"not_picked":["Pummel","Perfected Strike"],"picked":"Offering","floor":29},{"not_picked":["Twin Strike","Corruption"],"picked":"True Grit","floor":31},{"not_picked":["Dark Embrace","Reaper"],"picked":"Demon Form","floor":33},{"not_picked":["Headbutt","Pummel"],"picked":"Battle Trance","floor":38}],"player_experience":344505,"potions_floor_usage":[10,12,16,28,33,33],"damage_taken":[{"damage":9,"enemies":"2 Louse","floor":1,"turns":4},{"damage":3,"enemies":"Small Slimes","floor":2,"turns":2},{"damage":6,"enemies":"Cultist","floor":3,"turns":4},{"damage":36,"enemies":"Gremlin Nob","floor":7,"turns":5},{"damage":21,"enemies":"3 Sentries","floor":10,"turns":5},{"damage":0,"enemies":"Looter","floor":12,"turns":1},{"damage":16,"enemies":"Gremlin Nob","floor":14,"turns":3},{"damage":35,"enemies":"The Guardian","floor":16,"turns":6},{"damage":15,"enemies":"2 Thieves","floor":18,"turns":4},{"damage":11,"enemies":"3 Byrds","floor":19,"turns":5},{"damage":18,"enemies":"Snecko","floor":21,"turns":3},{"damage":28,"enemies":"Book of Stabbing","floor":24,"turns":4},{"damage":16,"enemies":"Cultist and Chosen","floor":28,"turns":5},{"damage":6,"enemies":"Snake Plant","floor":29,"turns":3},{"damage":16,"enemies":"3 Cultists","floor":31,"turns":4},{"damage":37,"enemies":"Collector","floor":33,"turns":8},{"damage":11,"enemies":"Orb Walker","floor":35,"turns":2},{"damage":23,"enemies":"3 Darklings","floor":37,"turns":7},{"damage":44,"enemies":"Sphere and 2 Shapes","floor":38,"turns":6},{"damage":13,"enemies":"4 Shapes","floor":39,"turns":2}],"event_choices":[{"event_name":"World of Goop","player_choice":"Gather Gold","floor":4,"damage_taken":0},{"event_name":"Wheel of Change","player_choice":"Full Heal","floor":5,"damage_taken":0},{"event_name":"Drug Dealer","player_choice":"Ignored","floor":20,"damage_taken":0},{"event_name":"Wheel of Change","player_choice":"Card Removal","floor":22,"damage_taken":0},{"event_name":"Golden Shrine","player_choice":"Pray","floor":36,"damage_taken":0}],"boss_relics":[{"not_picked":["Black Blood","Tiny House"],"picked":"Ectoplasm"},{"not_picked":["Lizard Tail","Philosopher\u0027s Stone"],"picked":"Astrolabe"}],"potions_floor_spawned":[2,7,10,18,21,24,35,38],"seed_played":"7654287513739160946","killed_by":"4 Shapes","ascension_level":8,"is_trial":false}