{"gold_per_floor":[111,122,141,416,434,467,467,467],"floor_reached":8,"playtime":486,"items_purged":[],"score":107,"play_id":"6ec950cb-5c5b-4bc9-9387-25a4008a6390","local_time":"20190220121344","is_ascension_mode":true,"campfire_choices":[{"data":"Body Slam","floor":7.0,"key":"SMITH"}],"neow_cost":"NONE","seed_source_timestamp":49562143686370,"circlet_count":0,"master_deck":["AscendersBane","Strike_R","Strike_R","Strike_R","Strike_R","Strike_R","Defend_R","Defend_R","Defend_R","Defend_R","Bash","Blind","Body Slam+1","Rage","Anger","Regret","Fiend Fire","Iron Wave"],"special_seed":0,"relics":["Burning Blood","WingedGreaves"],"potions_floor_usage":[8],"damage_taken":[{"damage":11.0,"enemies":"Small Slimes","floor":1.0,"turns":7.0},{"damage":13.0,"enemies":"Cultist","floor":2.0,"turns":5.0},{"damage":1.0,"enemies":"Jaw Worm","floor":3.0,"turns":4.0},{"damage":19.0,"enemies":"Looter","floor":5.0,"turns":4.0},{"damage":40.0,"enemies":"3 Sentries","floor":6.0,"turns":9.0},{"damage":29,"enemies":"Exordium Thugs","floor":8,"turns":3}],"seed_played":"-9073710305608899939","potions_obtained":[{"floor":1.0,"key":"GamblersBrew"},{"floor":6.0,"key":"SpeedPotion"}],"is_trial":false,"path_per_floor":["M","M","M","?","M","E","R","M"],"character_chosen":"IRONCLAD","items_purchased":[],"campfire_rested":0,"item_purchase_floors":[],"current_hp_per_floor":[63,56,61,61,48,14,14,0],"gold":467,"neow_bonus":"RANDOM_COLORLESS","is_prod":false,"is_daily":false,"chose_seed":false,"campfire_upgraded":1,"win_rate":0,"timestamp":1550682824,"path_taken":["M","M","M","?","?","E","R","?"],"build_version":"2019-01-23","purchased_purges":0,"victory":false,"max_hp_per_floor":[75,75,75,75,75,75,75,75],"card_choices":[{"not_picked":["Headbutt","Armaments"],"picked":"Body Slam","floor":1.0},{"not_picked":["Flex","Clothesline"],"picked":"Rage","floor":2.0},{"not_picked":["Carnage","Havoc"],"picked":"Anger","floor":3.0},{"not_picked":["Heavy Blade","Cleave"],"picked":"Fiend Fire","floor":5.0},{"not_picked":["Dual Wield","Fire Breathing"],"picked":"Iron Wave","floor":6.0}],"player_experience":521432,"relics_obtained":[{"floor":6.0,"key":"WingedGreaves"}],"event_choices":[{"damage_healed":0.0,"max_hp_gain":0.0,"max_hp_loss":0.0,"gold_gain":275.0,"event_name":"Golden Shrine","player_choice":"Desecrate","floor":4.0,"gold_loss":0.0,"damage_taken":0.0,"cards_obtained":["Regret"]}],"is_beta":false,"boss_relics":[],"items_purged_floors":[],"is_endless":false,"potions_floor_spawned":[1,6],"killed_by":"Exordium Thugs","ascension_level":17}