{"gold_per_floor":[213,230,246,246,5,5,58,58,85,85,98,98,123,142,142,221,221,241,181],"floor_reached":19,"playtime":784,"items_purged":["Strike_R"],"score":284,"play_id":"ba4afce0-0c8e-4152-ae07-640030fc7684","local_time":"20190307101624","is_ascension_mode":true,"campfire_choices":[{"data":"Uppercut","floor":6,"key":"SMITH"},{"data":"Bash","floor":8,"key":"SMITH"},{"floor":12,"key":"REST"},{"data":"Demon Form","floor":15,"key":"SMITH"}],"neow_cost":"NONE","seed_source_timestamp":30713855395346,"circlet_count":0,"master_deck":["AscendersBane","Strike_R","Strike_R","Strike_R","Strike_R","Defend_R","Defend_R","Defend_R","Defend_R","Bash+1","Uppercut+1","Demon Form+1","Perfected Strike+1","Clothesline+1","Double Tap","Iron Wave+1"],"relics":["Burning Blood","Molten Egg 2","Membership Card","Red Skull","Pen Nib","FaceOfCleric","Bag of Preparation","Black Star"],"potions_floor_usage":[16,19],"damage_taken":[{"damage":18,"enemies":"Jaw Worm","floor":1,"turns":6},{"damage":15,"enemies":"Small Slimes","floor":2,"turns":5},{"damage":0,"enemies":"Cultist","floor":3,"turns":4},{"damage":6,"enemies":"Exordium Wildlife","floor":11,"turns":2},{"damage":25,"enemies":"Lagavulin","floor":13,"turns":4},{"damage":8,"enemies":"3 Louse","floor":14,"turns":3},{"damage":29,"enemies":"Hexaghost","floor":16,"turns":8},{"damage":52,"enemies":"3 Byrds","floor":18,"turns":7},{"damage":27,"enemies":"2 Thieves","floor":19,"turns":3}],"seed_played":"-45231736754486777","potions_obtained":[{"floor":14,"key":"Fire Potion"},{"floor":16,"key":"Swift Potion"}],"is_trial":false,"path_per_floor":["M","M","M","?","$","R","T","R","T","?","M","R","E","M","R","B",null,"M","M"],"character_chosen":"IRONCLAD","items_purchased":["Membership Card"],"campfire_rested":1,"item_purchase_floors":[5],"current_hp_per_floor":[56,47,53,28,28,28,28,28,28,28,29,51,33,32,32,10,62,17,0],"gold":181,"neow_bonus":"HUNDRED_GOLD","is_prod":false,"is_daily":false,"chose_seed":false,"campfire_upgraded":3,"win_rate":0,"timestamp":1551975384,"path_taken":["M","M","M","?","$","R","?","R","T","?","M","R","E","M","R","BOSS","M","M"],"build_version":"2019-01-23","purchased_purges":1,"victory":false,"max_hp_per_floor":[75,75,75,75,75,75,75,75,75,75,76,76,77,78,78,79,79,80,80],"card_choices":[{"not_picked":["Havoc","Cleave"],"picked":"Uppercut","floor":1},{"not_picked":["Body Slam","Sever Soul","Bloodletting"],"picked":"SKIP","floor":2},{"not_picked":["Sword Boomerang","Body Slam"],"picked":"Demon Form","floor":3},{"not_picked":["Headbutt+1","Thunderclap+1"],"picked":"Perfected Strike+1","floor":11},{"not_picked":["Heavy Blade+1","Evolve"],"picked":"Clothesline+1","floor":13},{"not_picked":["Sword Boomerang+1","Armaments","Corruption"],"picked":"SKIP","floor":14},{"not_picked":["Fiend Fire+1","Dark Embrace"],"picked":"Double Tap","floor":16},{"not_picked":["Flex","Reckless Charge+1"],"picked":"Iron Wave+1","floor":18}],"player_experience":255209,"relics_obtained":[{"floor":7,"key":"Red Skull"},{"floor":9,"key":"Pen Nib"},{"floor":13,"key":"Bag of Preparation"}],"event_choices":[{"damage_healed":0,"gold_gain":0,"player_choice":"Success","damage_taken":25,"relics_obtained":["Molten Egg 2"],"max_hp_gain":0,"max_hp_loss":0,"event_name":"Scrap Ooze","floor":4,"gold_loss":0},{"damage_healed":0,"gold_gain":0,"player_choice":"Trade","damage_taken":0,"relics_obtained":["FaceOfCleric"],"max_hp_gain":0,"max_hp_loss":0,"event_name":"FaceTrader","floor":10,"gold_loss":0}],"is_beta":false,"boss_relics":[{"not_picked":["Busted Crown","Pandora\u0027s Box"],"picked":"Black Star"}],"items_purged_floors":[5],"is_endless":false,"potions_floor_spawned":[14,16],"killed_by":"2 Thieves","ascension_level":14}