{"gold_per_floor":[117,117,136,159,159,159,178,193,193,206,281,281,300,324,324,324],"floor_reached":16,"playtime":3548,"items_purged":[],"score":96,"play_id":"f9596f7d-5076-4c28-b5c4-45694fddfc23","local_time":"20190101223544","is_ascension_mode":false,"campfire_choices":[{"data":"Whirlwind","floor":6.0,"key":"SMITH"},{"data":"Warcry","floor":12.0,"key":"SMITH"},{"data":"Pommel Strike","floor":15.0,"key":"SMITH"}],"neow_cost":"NONE","seed_source_timestamp":643415929405907,"circlet_count":0,"master_deck":["Strike_R","Strike_R","Strike_R","Strike_R","Strike_R","Defend_R","Defend_R","Defend_R","Defend_R","Whirlwind+1","Warcry+1","Pommel Strike+1"],"special_seed":0,"relics":["Burning Blood","Golden Idol","Self Forming Clay"],"potions_floor_usage":[16,16],"damage_taken":[{"damage":6.0,"enemies":"Jaw Worm","floor":1.0,"turns":5.0},{"damage":0.0,"enemies":"2 Louse","floor":3.0,"turns":2.0},{"damage":6.0,"enemies":"Cultist","floor":4.0,"turns":3.0},{"damage":11.0,"enemies":"Large Slime","floor":7.0,"turns":3.0},{"damage":8.0,"enemies":"Red Slaver","floor":8.0,"turns":5.0},{"damage":5.0,"enemies":"Looter","floor":10.0,"turns":3.0},{"damage":0.0,"enemies":"Lots of Slimes","floor":13.0,"turns":1.0},{"damage":2.0,"enemies":"3 Louse","floor":14.0,"turns":2.0},{"damage":79,"enemies":"Hexaghost","floor":16,"turns":14}],"seed_played":"4427403272428685820","potions_obtained":[{"floor":4.0,"key":"FearPotion"},{"floor":10.0,"key":"Regen Potion"},{"floor":14.0,"key":"Strength Potion"}],"is_trial":false,"path_per_floor":["M","?","M","M","$","R","M","M","T","M","?","R","M","M","R","B"],"character_chosen":"IRONCLAD","items_purchased":[],"campfire_rested":0,"item_purchase_floors":[],"current_hp_per_floor":[80,60,66,66,66,66,61,59,59,60,52,52,58,62,62,0],"gold":324,"neow_bonus":"REMOVE_CARD","is_prod":false,"is_daily":false,"chose_seed":false,"campfire_upgraded":3,"win_rate":0,"timestamp":1546400144,"path_taken":["M","?","M","M","$","R","M","M","T","M","?","R","M","?","R","BOSS"],"build_version":"2018-12-20","purchased_purges":0,"victory":false,"max_hp_per_floor":[80,80,80,80,80,80,80,80,80,80,80,80,80,80,80,80],"card_choices":[{"not_picked":["Anger","Cleave","Clothesline"],"picked":"SKIP","floor":1.0},{"not_picked":["Dropkick","Juggernaut"],"picked":"Whirlwind","floor":3.0},{"not_picked":["Havoc","Clash"],"picked":"Warcry","floor":4.0},{"not_picked":["Anger","Twin Strike","Thunderclap"],"picked":"SKIP","floor":7.0},{"not_picked":["Fire Breathing","Sword Boomerang"],"picked":"Pommel Strike","floor":8.0},{"not_picked":["Impervious","Clash","Flex"],"picked":"SKIP","floor":10.0},{"not_picked":["Warcry","Sever Soul","Havoc"],"picked":"SKIP","floor":13.0},{"not_picked":["Warcry","Pommel Strike","Twin Strike"],"picked":"SKIP","floor":14.0}],"player_experience":389455,"relics_obtained":[{"floor":9.0,"key":"Self Forming Clay"}],"event_choices":[{"damage_healed":0.0,"max_hp_gain":0.0,"max_hp_loss":0.0,"gold_gain":0.0,"event_name":"Golden Idol","player_choice":"Take Damage","floor":2.0,"gold_loss":0.0,"damage_taken":20.0,"relics_obtained":["Golden Idol"]},{"damage_healed":0.0,"max_hp_gain":0.0,"max_hp_loss":0.0,"gold_gain":75.0,"event_name":"FaceTrader","player_choice":"Touch","floor":11.0,"gold_loss":0.0,"damage_taken":8.0}],"is_beta":false,"boss_relics":[],"items_purged_floors":[],"is_endless":false,"potions_floor_spawned":[4,10,14],"killed_by":"Hexaghost","ascension_level":0}