{"path_per_floor":["M","?","$","M","?","E","R","E","T","?","R","$","R","M","R","B",null,"M","M","?","?","M","R","E","M","T","R","M","E","R","$","R"],"character_chosen":"DEFECT","items_purchased":["Capacitor","PowerPotion","Oddly Smooth Stone","Rebound","Chill+1"],"gold_per_floor":[218,218,90,102,102,136,136,171,196,225,225,45,45,59,59,155,155,169,188,188,113,133,133,161,181,181,181,191,217,217,74,74,74],"floor_reached":33,"campfire_rested":1,"playtime":1848,"item_purchase_floors":[3,3,12,12,31],"current_hp_per_floor":[64,64,64,64,49,41,41,31,31,11,33,33,33,33,33,27,63,63,55,55,55,55,55,51,51,51,51,53,43,43,43,43,0],"items_purged":["Strike_B"],"gold":74,"score":407,"play_id":"6a01c797-2599-448b-881f-6d573e9554a6","local_time":"20180531101746","is_prod":false,"is_daily":false,"chose_seed":false,"is_ascension_mode":true,"campfire_upgraded":7,"win_rate":0,"timestamp":1527754666,"campfire_choices":[{"data":"Chaos","floor":7,"key":"SMITH"},{"floor":11,"key":"REST"},{"data":"Biased Cognition","floor":13,"key":"SMITH"},{"data":"Zap","floor":15,"key":"SMITH"},{"data":"Capacitor","floor":23,"key":"SMITH"},{"data":"Biased Cognition","floor":27,"key":"SMITH"},{"data":"Electrodynamics","floor":30,"key":"SMITH"},{"data":"Ball Lightning","floor":32,"key":"SMITH"}],"path_taken":["M","?","$","M","?","E","R","E","T","?","R","$","R","M","R","BOSS","M","?","?","?","M","R","E","M","T","R","M","E","R","$","R","BOSS"],"build_version":"2018-05-30v2","seed_source_timestamp":45298038121397,"purchased_purges":1,"victory":false,"master_deck":["Strike_B","Defend_B+1","Defend_B","Defend_B","Defend_B","Zap+1","Dualcast+1","Ball Lightning+1","Biased Cognition+1","Capacitor+1","Chaos+1","Sweeping Beam","Steam","Glacier","Rebound","Core Surge","Biased Cognition+1","Electrodynamics+1","Leap+1","Chill+1"],"max_hp_per_floor":[75,75,75,75,75,75,75,75,75,75,75,75,75,75,75,75,75,75,75,75,75,75,75,75,75,75,75,77,79,79,79,79,79],"relics":["Cracked Core","Omamori","Bottled Tornado","Pen Nib","Odd Mushroom","Oddly Smooth Stone","Cursed Key","Anchor","Singing Bowl","Toxic Egg 2"],"card_choices":[{"not_picked":["Streamline","Scrape"],"picked":"Ball Lightning","floor":1},{"not_picked":["Reprogram","Fusion"],"picked":"Chaos","floor":4},{"not_picked":["Sunder","Melter"],"picked":"Sweeping Beam","floor":6},{"not_picked":["Reprogram","Barrage"],"picked":"Steam","floor":8},{"not_picked":["Turbo","Undo"],"picked":"Glacier","floor":10},{"not_picked":["Hologram","Sweeping Beam"],"picked":"Core Surge","floor":14},{"not_picked":["Meteor Strike","Echo Form"],"picked":"Biased Cognition","floor":16},{"not_picked":["Steam","Heatsinks","Gash+1"],"picked":"SKIP","floor":18},{"not_picked":["Streamline+1","Ball Lightning","Steam"],"picked":"SKIP","floor":19},{"not_picked":["Genetic Algorithm","Chaos","Turbo"],"picked":"SKIP","floor":22},{"not_picked":["Leap","Skim"],"picked":"Electrodynamics","floor":24},{"not_picked":["Compile Driver","Capacitor+1"],"picked":"Leap+1","floor":25},{"not_picked":["Redo+1","Turbo","Beam Cell"],"picked":"Singing Bowl","floor":28},{"not_picked":["Steam","Redo+1","Defragment"],"picked":"Singing Bowl","floor":29}],"player_experience":580027,"potions_floor_usage":[6,8,24,24,33],"damage_taken":[{"damage":4,"enemies":"Jaw Worm","floor":1,"turns":4},{"damage":0,"enemies":"2 Louse","floor":4,"turns":2},{"damage":8,"enemies":"Lagavulin","floor":6,"turns":6},{"damage":10,"enemies":"3 Sentries","floor":8,"turns":3},{"damage":20,"enemies":"The Mushroom Lair","floor":10,"turns":3},{"damage":0,"enemies":"Small Slimes","floor":14,"turns":3},{"damage":6,"enemies":"The Guardian","floor":16,"turns":10},{"damage":0,"enemies":"Spheric Guardian","floor":18,"turns":3},{"damage":8,"enemies":"Shell Parasite","floor":19,"turns":6},{"damage":0,"enemies":"Snecko","floor":22,"turns":6},{"damage":4,"enemies":"Slavers","floor":24,"turns":5},{"damage":0,"enemies":"Cultist and Chosen","floor":25,"turns":3},{"damage":0,"enemies":"Chosen and Byrds","floor":28,"turns":4},{"damage":12,"enemies":"Gremlin Leader","floor":29,"turns":6},{"damage":70,"enemies":"Champ","floor":33,"turns":12}],"relics_obtained":[{"floor":6,"key":"Omamori"},{"floor":8,"key":"Bottled Tornado"},{"floor":9,"key":"Pen Nib"},{"floor":10,"key":"Odd Mushroom"},{"floor":24,"key":"Singing Bowl"},{"floor":29,"key":"Toxic Egg 2"}],"event_choices":[{"event_name":"Living Wall","player_choice":"Change","floor":2,"damage_taken":0},{"event_name":"Shining Light","player_choice":"Entered Light","floor":5,"damage_taken":0},{"event_name":"Mushrooms","player_choice":"Fought Mushrooms","floor":10,"damage_taken":0},{"event_name":"Wheel of Change","player_choice":"Relic","floor":20,"damage_taken":0},{"event_name":"Beggar","player_choice":"Gave Gold","floor":21,"damage_taken":0}],"boss_relics":[{"not_picked":["Orrery","Inserter"],"picked":"Cursed Key"}],"items_purged_floors":[31],"potions_floor_spawned":[4,6,14,18,25,28],"seed_played":"7905972393836068792","killed_by":"Champ","ascension_level":8,"potions_obtained":[{"floor":4,"key":"Energy Potion"},{"floor":6,"key":"Explosive Potion"},{"floor":14,"key":"Ancient Potion"},{"floor":18,"key":"SkillPotion"},{"floor":25,"key":"Regen Potion"},{"floor":28,"key":"Strength Potion"}],"is_trial":false}