{"path_per_floor":["M","?","M","?","M","R","E","T","T","$","M","M","?","$","R","B",null,"M","M","?","?","M","R","M","M","T"],"character_chosen":"IRONCLAD","items_purchased":["Bandage Up","Flash of Steel"],"gold_per_floor":[113,113,123,298,308,308,343,343,343,173,192,202,152,53,53,157,157,167,187,187,187,203,203,215,227,254],"floor_reached":27,"campfire_rested":1,"playtime":1258,"current_hp_per_floor":[75,80,80,80,82,82,21,21,21,21,24,29,29,29,54,31,72,75,79,79,63,53,61,37,8,8],"items_purged":["Doubt"],"gold":254,"score":269,"play_id":"541c4f45-456c-47a5-a9f1-26122d6f3b30","is_prod":false,"is_daily":false,"is_ascension_mode":true,"campfire_upgraded":2,"path_taken":["M","?","?","?","M","R","E","?","T","$","M","M","?","?","R","BOSS","M","M","?","?","M","R","M","M","T","M"],"build_version":"2018-02-15-PROD1","purchased_purges":1,"victory":false,"master_deck":["Strike_R","Strike_R","Strike_R","Strike_R","Defend_R+1","Defend_R","Defend_R","Defend_R+1","Bash","Offering+1","Perfected Strike","Ghostly Armor","Battle Trance","Demon Form","Bandage Up","Inflame","Intimidate","Flash of Steel","Limit Break+1","Warcry","Headbutt","Metallicize","Whirlwind+1"],"max_hp_per_floor":[80,85,85,85,85,85,85,85,85,85,85,85,85,85,85,85,85,85,85,85,90,90,90,90,90,90],"relics":["Burning Blood","Juzu Bracelet","War Paint","Charon\u0027s Ashes","Eternal Feather","Oddly Smooth Stone"],"card_choices":[{"not_picked":["Sentinel","Bloodletting"],"picked":"Perfected Strike"},{"not_picked":["Hemokinesis","Warcry"],"picked":"Ghostly Armor"},{"not_picked":["Uppercut","Wild Strike"],"picked":"Battle Trance"},{"not_picked":["Whirlwind","Bloodletting"],"picked":"Demon Form"},{"not_picked":["Armaments","Body Slam"],"picked":"Inflame"},{"not_picked":["Armaments","Wild Strike"],"picked":"Intimidate"},{"not_picked":["Exhume","Berserk"],"picked":"Limit Break"},{"not_picked":["Sword Boomerang","Flex"],"picked":"Warcry"},{"not_picked":["Sentinel","Flex"],"picked":"Headbutt"},{"not_picked":["Infernal Blade","Pommel Strike"],"picked":"Metallicize"},{"not_picked":["True Grit","Shrug It Off"],"picked":"Whirlwind"}],"player_experience":194855,"potions_floor_usage":[16,16,19,22,24],"damage_taken":[{"damage":11,"enemies":"2 Louse","floor":1,"turns":2},{"damage":6,"enemies":"Jaw Worm","floor":3,"turns":2},{"damage":4,"enemies":"Cultist","floor":5,"turns":2},{"damage":67,"enemies":"Lagavulin","floor":7,"turns":8},{"damage":7,"enemies":"Exordium Thugs","floor":11,"turns":5},{"damage":5,"enemies":"Blue Slaver","floor":12,"turns":3},{"damage":45,"enemies":"The Guardian","floor":16,"turns":9},{"damage":7,"enemies":"Chosen","floor":18,"turns":5},{"damage":6,"enemies":"3 Byrds","floor":19,"turns":4},{"damage":20,"enemies":"Snake Plant","floor":22,"turns":4},{"damage":34,"enemies":"Cultist and Chosen","floor":24,"turns":6},{"damage":39,"enemies":"Chosen and Byrds","floor":25,"turns":5},{"damage":13,"enemies":"Centurion and Healer","floor":27,"turns":4}],"event_choices":[{"event_name":"Big Fish","player_choice":"Donut","floor":2,"damage_taken":0},{"event_name":"Liars Game","player_choice":"agreed","floor":4,"damage_taken":0},{"event_name":"The Cleric","player_choice":"Card Removal","floor":13,"damage_taken":0},{"event_name":"The Lab","player_choice":"Got Potions","floor":20,"damage_taken":0},{"event_name":"Forgotten Altar","player_choice":"Shed Blood","floor":21,"damage_taken":0}],"boss_relics":[{"not_picked":["Calling Bell","Lizard Tail"],"picked":"Eternal Feather"}],"potions_floor_spawned":[5,7,11,18,19,22],"seed_played":"-4051590162156894228","killed_by":"Centurion and Healer","ascension_level":5,"is_trial":false}