{"gold_per_floor":[113,113,263,21,31,61,76,76,103,118,118,148,148,166,166,166],"floor_reached":16,"playtime":430,"items_purged":["Doubt"],"score":270,"play_id":"a49e99a4-c13c-4037-800b-52b053fea784","local_time":"20190212223032","is_ascension_mode":true,"campfire_choices":[{"data":"Neutralize","floor":8.0,"key":"SMITH"},{"floor":11.0,"key":"REST"},{"data":"Survivor","floor":15.0,"key":"SMITH"}],"neow_cost":"NONE","seed_source_timestamp":901767632362589,"circlet_count":0,"master_deck":["AscendersBane","Defend_G","Defend_G+1","Defend_G+1","Defend_G","Strike_G","Strike_G","Strike_G","Strike_G","Strike_G","Survivor+1","Neutralize+1","Dash","Backflip","Backstab","Backflip","Cloak And Dagger","PiercingWail"],"special_seed":0,"relics":["Ring of the Snake","NeowsBlessing","War Paint","Snake Skull","Tingsha","Anchor","Omamori"],"potions_floor_usage":[16],"damage_taken":[{"damage":0.0,"enemies":"Jaw Worm","floor":1.0,"turns":1.0},{"damage":0.0,"enemies":"Small Slimes","floor":5.0,"turns":1.0},{"damage":0.0,"enemies":"Lagavulin","floor":6.0,"turns":1.0},{"damage":0.0,"enemies":"2 Louse","floor":7.0,"turns":2.0},{"damage":0.0,"enemies":"Red Slaver","floor":10.0,"turns":4.0},{"damage":7.0,"enemies":"3 Sentries","floor":12.0,"turns":10.0},{"damage":2.0,"enemies":"Gremlin Gang","floor":14.0,"turns":4.0},{"damage":52,"enemies":"Slime Boss","floor":16,"turns":8}],"seed_played":"5173701460354808134","potions_obtained":[{"floor":1.0,"key":"LiquidBronze"},{"floor":7.0,"key":"GamblersBrew"},{"floor":14.0,"key":"SkillPotion"}],"is_trial":false,"path_per_floor":["M","?","?","$","M","E","M","R","T","M","R","E","?","M","R","B"],"character_chosen":"THE_SILENT","items_purchased":["Snake Skull"],"campfire_rested":1,"item_purchase_floors":[4],"current_hp_per_floor":[59,41,41,41,41,41,41,41,41,41,60,53,53,51,51,0],"gold":166,"neow_bonus":"THREE_ENEMY_KILL","is_prod":false,"is_daily":false,"chose_seed":false,"campfire_upgraded":2,"win_rate":0,"timestamp":1550039432,"path_taken":["M","?","?","$","M","E","M","R","T","M","R","E","?","M","R","BOSS"],"build_version":"2019-01-23","purchased_purges":1,"victory":false,"max_hp_per_floor":[66,66,66,66,66,66,66,66,66,66,66,66,66,66,66,66],"card_choices":[{"not_picked":["Terror","Dagger Spray"],"picked":"Dash","floor":1.0},{"not_picked":["Dodge and Roll","Bane"],"picked":"Backflip","floor":5.0},{"not_picked":["Dash","Escape Plan"],"picked":"Backstab","floor":6.0},{"not_picked":["Blade Dance","Deflect"],"picked":"Backflip","floor":7.0},{"not_picked":["Poisoned Stab","Endless Agony","Underhanded Strike"],"picked":"SKIP","floor":10.0},{"not_picked":["Choke","Blade Dance"],"picked":"Cloak And Dagger","floor":12.0},{"not_picked":["Endless Agony","Caltrops"],"picked":"PiercingWail","floor":14.0}],"player_experience":722995,"relics_obtained":[{"floor":6.0,"key":"Tingsha"},{"floor":9.0,"key":"Anchor"},{"floor":12.0,"key":"Omamori"}],"event_choices":[{"damage_healed":0.0,"max_hp_gain":0.0,"max_hp_loss":0.0,"gold_gain":0.0,"event_name":"Scrap Ooze","player_choice":"Success","floor":2.0,"gold_loss":0.0,"damage_taken":18.0,"relics_obtained":["War Paint"]},{"damage_healed":0.0,"max_hp_gain":0.0,"max_hp_loss":0.0,"gold_gain":150.0,"event_name":"Liars Game","player_choice":"AGREE","floor":3.0,"gold_loss":0.0,"damage_taken":0.0,"cards_obtained":["Doubt"]},{"cards_removed":["Defend_G"],"damage_healed":0.0,"max_hp_gain":0.0,"max_hp_loss":0.0,"gold_gain":0.0,"event_name":"Bonfire Elementals","player_choice":"Offered Basic","floor":13.0,"gold_loss":0.0,"damage_taken":0.0}],"is_beta":false,"boss_relics":[],"items_purged_floors":[4],"is_endless":false,"potions_floor_spawned":[1,7,14],"killed_by":"Slime Boss","ascension_level":20}