{"gold_per_floor":[18,37,37,57,73,101,101,101,128,128,143,163,180,190,190,265,265,248,283,18,32,48,48,98,98,98,98,117,132,132,26,26,26],"floor_reached":33,"playtime":1213,"items_purged":["Strike_R","Strike_R"],"score":452,"play_id":"cef96dd5-c1b3-422a-beef-a5a0f21bb012","local_time":"20190217124437","is_ascension_mode":true,"campfire_choices":[{"data":"Double Tap","floor":7,"key":"SMITH"},{"floor":15,"key":"REST"},{"data":"Whirlwind","floor":23,"key":"SMITH"},{"data":"Flex","floor":25,"key":"SMITH"},{"data":"Inflame","floor":27,"key":"SMITH"},{"data":"Infernal Blade","floor":32,"key":"SMITH"}],"neow_cost":"NO_GOLD","seed_source_timestamp":1183782327375152,"circlet_count":0,"master_deck":["AscendersBane","Defend_R","Defend_R","Defend_R","Defend_R","Bash","Inflame+1","Heavy Blade+1","Double Tap+1","Headbutt","Shrug It Off","Flex+1","Shrug It Off+1","Reckless Charge+1","Feed+1","Thunderclap","Whirlwind+1","Spot Weakness","Infernal Blade+1","Inflame+1"],"special_seed":0,"relics":["Burning Blood","Turnip","Art of War","Smiling Mask","Vajra","Astrolabe","Red Mask","Medical Kit","Frozen Egg 2"],"potions_floor_usage":[6,12,16,19,21,22,28,33,33],"damage_taken":[{"damage":1.0,"enemies":"2 Louse","floor":1.0,"turns":3.0},{"damage":1.0,"enemies":"Cultist","floor":2.0,"turns":3.0},{"damage":9,"enemies":"Jaw Worm","floor":4,"turns":3},{"damage":33,"enemies":"Large Slime","floor":5,"turns":5},{"damage":30,"enemies":"3 Sentries","floor":6,"turns":7},{"damage":14,"enemies":"Red Slaver","floor":11,"turns":3},{"damage":0,"enemies":"2 Fungi Beasts","floor":12,"turns":2},{"damage":5,"enemies":"Exordium Thugs","floor":13,"turns":3},{"damage":8,"enemies":"Blue Slaver","floor":14,"turns":3},{"damage":5,"enemies":"Slime Boss","floor":16,"turns":10},{"damage":9,"enemies":"2 Thieves","floor":18,"turns":4},{"damage":53,"enemies":"Masked Bandits","floor":19,"turns":5},{"damage":1,"enemies":"3 Byrds","floor":21,"turns":2},{"damage":11,"enemies":"Sentry and Sphere","floor":22,"turns":3},{"damage":14,"enemies":"Chosen and Byrds","floor":28,"turns":3},{"damage":16,"enemies":"Centurion and Healer","floor":29,"turns":6},{"damage":28,"enemies":"Automaton","floor":33,"turns":4}],"seed_played":"5573254864430764884","potions_obtained":[{"floor":4,"key":"LiquidBronze"},{"floor":5,"key":"Strength Potion"},{"floor":11,"key":"BloodPotion"},{"floor":12,"key":"Fire Potion"},{"floor":18,"key":"Energy Potion"},{"floor":19,"key":"AttackPotion"},{"floor":22,"key":"SteroidPotion"},{"floor":29,"key":"BloodPotion"}],"is_trial":false,"path_per_floor":["M","M","?","M","M","E","R","?","T","?","M","M","M","M","R","B",null,"M","?","$","M","M","R","?","R","T","R","M","M","?","$","R","B"],"character_chosen":"IRONCLAD","items_purchased":["Medical Kit","AttackPotion"],"campfire_rested":1,"item_purchase_floors":[20,31],"current_hp_per_floor":[73,75,75,72,45,21,21,16,16,16,8,21,22,20,42,43,67,68,21,21,30,29,29,29,29,29,29,21,11,11,11,11,0],"gold":26,"neow_bonus":"ONE_RARE_RELIC","is_prod":false,"is_daily":false,"chose_seed":false,"campfire_upgraded":5,"win_rate":0,"timestamp":1550367877,"path_taken":["M","M","?","?","?","E","R","?","T","?","M","?","M","M","R","BOSS","M","?","$","M","M","R","?","R","T","R","M","?","?","$","R","BOSS"],"build_version":"2019-01-23","purchased_purges":2,"victory":false,"max_hp_per_floor":[75,75,75,75,75,75,75,75,75,75,75,75,75,75,75,75,75,79,79,79,83,87,87,87,87,87,87,87,87,87,87,87,87],"card_choices":[{"not_picked":["Headbutt","Clothesline"],"picked":"Inflame","floor":1.0},{"not_picked":["Cleave","True Grit"],"picked":"Heavy Blade","floor":2.0},{"not_picked":["Iron Wave","Pommel Strike"],"picked":"Double Tap","floor":4},{"not_picked":["Rampage","Cleave","Second Wind"],"picked":"SKIP","floor":5},{"not_picked":["Iron Wave","Armaments"],"picked":"Headbutt","floor":6},{"not_picked":["Cleave","Sword Boomerang"],"picked":"Shrug It Off","floor":11},{"not_picked":["Pommel Strike","Clothesline","Cleave"],"picked":"SKIP","floor":12},{"not_picked":["Clash","Warcry"],"picked":"Flex","floor":13},{"not_picked":["Bludgeon","Iron Wave","Dropkick"],"picked":"SKIP","floor":14},{"not_picked":["Clash+1","Heavy Blade"],"picked":"Thunderclap","floor":18},{"not_picked":["Clash","Headbutt"],"picked":"Whirlwind","floor":21},{"not_picked":["True Grit+1","Wild Strike"],"picked":"Spot Weakness","floor":22},{"not_picked":["Warcry","Searing Blow+1","Sever Soul"],"picked":"SKIP","floor":28},{"not_picked":["Sentinel","Barricade+1"],"picked":"Infernal Blade","floor":29}],"player_experience":721697,"relics_obtained":[{"floor":6,"key":"Art of War"},{"floor":9,"key":"Vajra"},{"floor":19,"key":"Red Mask"},{"floor":26,"key":"Frozen Egg 2"}],"event_choices":[{"damage_healed":0.0,"max_hp_gain":0.0,"max_hp_loss":0.0,"gold_gain":0.0,"event_name":"WeMeetAgain","player_choice":"Ignored","floor":3.0,"gold_loss":0.0,"damage_taken":0.0},{"damage_healed":0,"gold_gain":0,"player_choice":"Success","damage_taken":5,"relics_obtained":["Smiling Mask"],"max_hp_gain":0,"max_hp_loss":0,"event_name":"Scrap Ooze","floor":8,"gold_loss":0},{"damage_healed":0,"gold_gain":0,"player_choice":"Upgraded","damage_taken":0,"max_hp_gain":0,"max_hp_loss":0,"event_name":"Upgrade Shrine","floor":10,"gold_loss":0,"cards_upgraded":["Heavy Blade"]},{"damage_healed":0,"gold_gain":0,"player_choice":"Fought Bandits","damage_taken":0,"max_hp_gain":0,"max_hp_loss":0,"event_name":"Masked Bandits","floor":19,"gold_loss":0},{"damage_healed":0,"gold_gain":50,"player_choice":"Stole From Cult","damage_taken":0,"max_hp_gain":0,"max_hp_loss":0,"event_name":"Nest","floor":24,"gold_loss":0},{"damage_healed":0,"gold_gain":0,"player_choice":"Copied","damage_taken":0,"max_hp_gain":0,"max_hp_loss":0,"event_name":"Duplicator","floor":30,"gold_loss":0,"cards_obtained":["Inflame"]}],"is_beta":false,"boss_relics":[{"not_picked":["Mark of Pain","Philosopher\u0027s Stone"],"picked":"Astrolabe"}],"items_purged_floors":[20,31],"is_endless":false,"potions_floor_spawned":[4,5,11,12,18,19,22,29],"killed_by":"Automaton","ascension_level":16}