{"path_per_floor":["M","?","M","?","M","R","E","R","T","M","T","?","$","M","R","B",null,"M","M","M","M","M","R","?","R","T","M","?","?","M","M","R"],"character_chosen":"DEFECT","items_purchased":["Mind Blast","Skim"],"gold_per_floor":[113,113,125,125,139,139,164,164,187,205,205,205,80,100,100,205,205,221,232,242,255,265,265,265,265,315,329,329,329,347,362,362,362],"floor_reached":33,"campfire_rested":2,"playtime":3102,"current_hp_per_floor":[68,68,67,67,66,66,54,54,54,54,54,39,39,39,61,27,75,71,71,62,57,43,43,43,65,65,65,49,85,64,61,61,0],"items_purged":[],"gold":362,"score":251,"play_id":"684112c7-d4e0-410a-8852-9f7e63396b66","local_time":"20180507202811","is_prod":false,"is_daily":false,"chose_seed":false,"is_ascension_mode":false,"campfire_upgraded":4,"timestamp":1525688891,"path_taken":["M","?","M","?","?","R","E","R","T","M","?","?","?","?","R","BOSS","M","?","M","M","?","R","?","R","T","M","?","?","M","M","R","BOSS"],"build_version":"2018-05-03","seed_source_timestamp":89048618571673,"purchased_purges":0,"victory":false,"master_deck":["Strike_B","Strike_B","Strike_B","Strike_B","Defend_B","Defend_B+1","Defend_B+1","Defend_B+1","Zap+1","Dualcast+1","Amplify","BootSequence","Scrape","Cold Snap","Doom and Gloom","Impulse","Mind Blast+1","Skim","Darkness","Seek","Go for the Eyes","Beam Cell","Axe Kick","Sweeping Beam","Cold Snap+1","Reprogram+1","Buffer+1","Beam Cell+1","Go for the Eyes+1","Beam Cell","Sweeping Beam+1","FTL+1"],"max_hp_per_floor":[75,75,75,75,75,75,75,75,75,75,75,75,75,75,75,75,75,75,75,75,75,75,75,75,75,75,75,75,85,85,85,85,85],"relics":["Cracked Core","Art of War","Bag of Preparation","Orrery","Nloth\u0027s Gift","Bag of Marbles","Enchiridion"],"card_choices":[{"not_picked":["Skim","Sweeping Beam"],"picked":"BootSequence","floor":1},{"not_picked":["Leap","Streamline"],"picked":"Scrape","floor":3},{"not_picked":["FTL","Sweeping Beam"],"picked":"Cold Snap","floor":5},{"not_picked":["Force Field","Loop"],"picked":"Doom and Gloom","floor":7},{"not_picked":["Stack","Skim"],"picked":"Impulse","floor":10},{"not_picked":["Coolheaded","Barrage"],"picked":"Darkness","floor":14},{"not_picked":["Fusion","Multi-Cast"],"picked":"Seek","floor":16},{"not_picked":["Impulse","Steam Power"],"picked":"Go for the Eyes","floor":17},{"not_picked":["Skim","Stack"],"picked":"Beam Cell","floor":17},{"not_picked":["Skim","Beam Cell"],"picked":"Axe Kick","floor":17},{"not_picked":["Barrage","Coolheaded"],"picked":"Sweeping Beam","floor":17},{"not_picked":["Ball Lightning","Coolheaded"],"picked":"Prime","floor":17},{"not_picked":["Leap","Capacitor"],"picked":"Cold Snap","floor":18},{"not_picked":["Steam Power","Barrage"],"picked":"Reprogram","floor":19},{"not_picked":["Hologram","Streamline"],"picked":"Buffer","floor":20},{"not_picked":["Ball Lightning","Auto Shields"],"picked":"Beam Cell","floor":21},{"not_picked":["Leap","Consume"],"picked":"Go for the Eyes","floor":22},{"not_picked":["Heatsinks","Storm"],"picked":"Beam Cell","floor":27},{"not_picked":["Impulse","Hello World"],"picked":"Sweeping Beam","floor":30},{"not_picked":["Capacitor","Reboot"],"picked":"FTL","floor":31}],"player_experience":168673,"potions_floor_usage":[7,7,7,21,22,33],"damage_taken":[{"damage":7,"enemies":"2 Louse","floor":1,"turns":3},{"damage":1,"enemies":"Cultist","floor":3,"turns":4},{"damage":1,"enemies":"Jaw Worm","floor":5,"turns":3},{"damage":21,"enemies":"Gremlin Nob","floor":7,"turns":5},{"damage":0,"enemies":"Blue Slaver","floor":10,"turns":3},{"damage":0,"enemies":"Lots of Slimes","floor":14,"turns":2},{"damage":34,"enemies":"The Guardian","floor":16,"turns":11},{"damage":4,"enemies":"Shell Parasite","floor":18,"turns":5},{"damage":0,"enemies":"Chosen","floor":19,"turns":3},{"damage":9,"enemies":"Snake Plant","floor":20,"turns":4},{"damage":14,"enemies":"Snecko","floor":21,"turns":5},{"damage":14,"enemies":"Slaver and Parasite","floor":22,"turns":6},{"damage":0,"enemies":"Centurion and Healer","floor":27,"turns":3},{"damage":21,"enemies":"Snecko","floor":30,"turns":5},{"damage":3,"enemies":"Snake Plant","floor":31,"turns":2},{"damage":97,"enemies":"Automaton","floor":33,"turns":12}],"event_choices":[{"event_name":"The Lab","player_choice":"Got Potions","floor":2,"damage_taken":0},{"event_name":"The Woman in Blue","player_choice":"Bought 0 Potions","floor":4,"damage_taken":0},{"event_name":"Shining Light","player_choice":"Entered Light","floor":12,"damage_taken":0},{"event_name":"N\u0027loth","player_choice":"Traded a Orichalcum","floor":24,"damage_taken":0},{"event_name":"Cursed Tome","player_choice":"Obtained Book","floor":28,"damage_taken":0},{"event_name":"Bonfire Elementals","player_choice":"RARE","floor":29,"damage_taken":0}],"boss_relics":[{"not_picked":["Philosopher\u0027s Stone","Tiny House"],"picked":"Orrery"}],"potions_floor_spawned":[3,5,16,19,20,31],"seed_played":"-805802905138354521","killed_by":"Automaton","ascension_level":0,"is_trial":false}