{"path_per_floor":["M","?","M","?","M","R","M","$","T","M","?","T","E","M","R"],"character_chosen":"THE_SILENT","items_purchased":["Flash of Steel"],"gold_per_floor":[119,184,200,200,219,219,232,141,141,158,333,333,368,387,387],"floor_reached":16,"campfire_rested":1,"playtime":1493,"current_hp_per_floor":[70,70,69,69,66,66,43,43,43,40,40,40,3,3,24],"items_purged":[],"gold":387,"score":102,"play_id":"f5f83880-5587-497f-879b-95c5bc27fe56","local_time":"20180315201008","is_prod":false,"is_daily":false,"is_ascension_mode":false,"campfire_upgraded":1,"timestamp":1521105008,"path_taken":["M","?","?","?","?","R","M","$","T","M","?","?","E","M","R","BOSS"],"build_version":"2018-03-09","purchased_purges":0,"victory":false,"master_deck":["Defend_G","Defend_G","Defend_G","Defend_G","Defend_G","Strike_G","Strike_G","Strike_G","Strike_G","Strike_G","Survivor","Neutralize","Predator+1","Dodge and Roll","Blade Dance","Footwork","Noxious Fumes","Dagger Throw","Flash of Steel","Poisoned Stab","Doubt","Catalyst","Outmaneuver"],"max_hp_per_floor":[70,70,70,70,70,70,70,70,70,70,70,70,70,70,70],"relics":["Ring of the Snake","Girya","Tingsha","Ninja Scroll"],"card_choices":[{"not_picked":["Dash","Prepared"],"picked":"Predator"},{"not_picked":["Underhanded Strike","Finisher"],"picked":"Dodge and Roll"},{"not_picked":["Leg Sweep","Reflex"],"picked":"Blade Dance"},{"not_picked":["Deflect","Prepared"],"picked":"Noxious Fumes"},{"not_picked":["Outmaneuver","Blade Dance"],"picked":"Dagger Throw"},{"not_picked":["Heel Hook","Infinite Blades"],"picked":"Poisoned Stab"},{"not_picked":["All Out Attack","Crippling Poison"],"picked":"Catalyst"},{"not_picked":["Leg Sweep","Heel Hook"],"picked":"Outmaneuver"}],"player_experience":37099,"potions_floor_usage":[13],"damage_taken":[{"damage":0,"enemies":"2 Louse","floor":1,"turns":2},{"damage":1,"enemies":"Cultist","floor":3,"turns":3},{"damage":3,"enemies":"Jaw Worm","floor":5,"turns":4},{"damage":23,"enemies":"Gremlin Gang","floor":7,"turns":5},{"damage":3,"enemies":"Looter","floor":10,"turns":3},{"damage":37,"enemies":"Gremlin Nob","floor":13,"turns":5},{"damage":0,"enemies":"Large Slime","floor":14,"turns":5},{"damage":28,"enemies":"Slime Boss","floor":16,"turns":6}],"event_choices":[{"event_name":"Golden Wing","player_choice":"Gained Gold","floor":2,"damage_taken":0},{"event_name":"Match and Keep!","player_choice":"1 cards matched","floor":4,"damage_taken":0},{"event_name":"Liars Game","player_choice":"agreed","floor":11,"damage_taken":0}],"boss_relics":[],"potions_floor_spawned":[10,13,14],"seed_played":"-1931050557903440391","killed_by":"Slime Boss","ascension_level":0,"is_trial":false}