{"gold_per_floor":[109,109,132,33,56,56,74,74,97,97,18,34,34,48,48,48],"floor_reached":16,"playtime":762,"items_purged":["Strike_R"],"score":92,"play_id":"b86274c9-f744-4131-937c-321feeb43c51","local_time":"20190101232528","is_ascension_mode":false,"campfire_choices":[{"data":"Battle Trance","floor":6.0,"key":"SMITH"},{"data":"Armaments","floor":10.0,"key":"SMITH"},{"floor":13.0,"key":"REST"},{"data":"Whirlwind","floor":15.0,"key":"SMITH"}],"neow_cost":"NONE","seed_source_timestamp":649516363540358,"circlet_count":0,"master_deck":["Strike_R","Strike_R","Strike_R","Defend_R","Defend_R","Defend_R","Defend_R","Bash","Shrug It Off","Battle Trance+1","Armaments+1","Headbutt","Whirlwind+1"],"special_seed":0,"relics":["Burning Blood","Golden Idol","Vajra"],"potions_floor_usage":[],"damage_taken":[{"damage":10.0,"enemies":"Cultist","floor":1.0,"turns":4.0},{"damage":0.0,"enemies":"Small Slimes","floor":3.0,"turns":4.0},{"damage":11.0,"enemies":"Jaw Worm","floor":5.0,"turns":11.0},{"damage":13.0,"enemies":"Lots of Slimes","floor":7.0,"turns":4.0},{"damage":9.0,"enemies":"2 Fungi Beasts","floor":12.0,"turns":3.0},{"damage":1.0,"enemies":"Gremlin Gang","floor":14.0,"turns":4.0},{"damage":80,"enemies":"Hexaghost","floor":16,"turns":16}],"seed_played":"3939096183099075067","potions_obtained":[{"floor":3.0,"key":"PowerPotion"},{"floor":5.0,"key":"Fire Potion"}],"is_trial":false,"path_per_floor":["M","?","M","$","M","R","M","?","T","R","$","M","R","M","R","B"],"character_chosen":"IRONCLAD","items_purchased":["Armaments","Whirlwind"],"campfire_rested":1,"item_purchase_floors":[4,11],"current_hp_per_floor":[84,62,68,68,63,63,56,49,49,49,49,46,72,77,77,0],"gold":48,"neow_bonus":"TEN_PERCENT_HP_BONUS","is_prod":false,"is_daily":false,"chose_seed":false,"campfire_upgraded":3,"win_rate":0,"timestamp":1546403128,"path_taken":["M","?","M","$","M","R","M","?","T","R","?","M","R","M","R","BOSS"],"build_version":"2018-12-20","purchased_purges":1,"victory":false,"max_hp_per_floor":[88,88,88,88,88,88,88,88,88,88,88,88,88,88,88,88],"card_choices":[{"not_picked":["Burning Pact","Shockwave"],"picked":"Shrug It Off","floor":1.0},{"not_picked":["Twin Strike","True Grit"],"picked":"Battle Trance","floor":3.0},{"not_picked":["Shrug It Off","Sword Boomerang"],"picked":"Headbutt","floor":5.0},{"not_picked":["Clash","Sever Soul","Bloodletting"],"picked":"SKIP","floor":7.0},{"not_picked":["Thunderclap","Anger","Carnage"],"picked":"SKIP","floor":12.0},{"not_picked":["Intimidate","Infernal Blade","Perfected Strike"],"picked":"SKIP","floor":14.0}],"player_experience":394768,"relics_obtained":[{"floor":9.0,"key":"Vajra"}],"event_choices":[{"damage_healed":0.0,"max_hp_gain":0.0,"max_hp_loss":0.0,"gold_gain":0.0,"event_name":"Golden Idol","player_choice":"Take Damage","floor":2.0,"gold_loss":0.0,"damage_taken":22.0,"relics_obtained":["Golden Idol"]},{"cards_removed":["Strike_R"],"damage_healed":0.0,"max_hp_gain":0.0,"max_hp_loss":0.0,"gold_gain":0.0,"event_name":"Golden Wing","player_choice":"Card Removal","floor":8.0,"gold_loss":0.0,"damage_taken":7.0}],"is_beta":false,"boss_relics":[],"items_purged_floors":[4],"is_endless":false,"potions_floor_spawned":[3,5],"killed_by":"Hexaghost","ascension_level":0}