{"gold_per_floor":[119,60,86,236,254,254,287,287,311,311,311,386,18,29,29,106,106,121,131,142,158,58,58,86,86,86,86,105,105,130,156,168,180],"floor_reached":33,"playtime":2763,"items_purged":["Strike_B","Defend_B"],"score":477,"play_id":"246bd56e-b98f-4925-9a3d-26028b36800f","local_time":"20190123202851","is_ascension_mode":true,"campfire_choices":[{"data":"Zap","floor":6,"key":"SMITH"},{"floor":8,"key":"REST"},{"data":"Dualcast","floor":10,"key":"SMITH"},{"floor":15,"key":"REST"},{"floor":23,"key":"REST"},{"floor":27,"key":"REST"},{"floor":32,"key":"REST"}],"neow_cost":"NONE","seed_source_timestamp":464851333420270,"circlet_count":0,"master_deck":["AscendersBane","Strike_B","Defend_B","Defend_B","Zap+1","Dualcast+1","Sunder","Turbo","Hologram","Self Repair","Cold Snap","Echo Form","Chaos+1","Fusion+1","Force Field+1","Conserve Battery+1","Go for the Eyes+1","Glacier+1","Chill","BootSequence"],"relics":["Cracked Core","Oddly Smooth Stone","Regal Pillow","Singing Bowl","Pen Nib","Bronze Scales","Astrolabe","Blood Vial","Dodecahedron","MawBank"],"potions_floor_usage":[5,20,24,33,33],"damage_taken":[{"damage":6,"enemies":"Cultist","floor":1,"turns":3},{"damage":6,"enemies":"2 Louse","floor":5,"turns":2},{"damage":33,"enemies":"Lagavulin","floor":7,"turns":8},{"damage":2,"enemies":"Small Slimes","floor":14,"turns":3},{"damage":38,"enemies":"The Guardian","floor":16,"turns":10},{"damage":20,"enemies":"Spheric Guardian","floor":18,"turns":4},{"damage":25,"enemies":"Chosen","floor":19,"turns":5},{"damage":21,"enemies":"3 Cultists","floor":20,"turns":5},{"damage":34,"enemies":"Shelled Parasite and Fungi","floor":21,"turns":6},{"damage":32,"enemies":"Slavers","floor":24,"turns":6},{"damage":18,"enemies":"Chosen and Byrds","floor":28,"turns":6},{"damage":12,"enemies":"Centurion and Healer","floor":30,"turns":9},{"damage":19,"enemies":"Sentry and Sphere","floor":31,"turns":9},{"damage":89,"enemies":"Champ","floor":33,"turns":11}],"seed_played":"3437972079863110653","potions_obtained":[{"floor":5,"key":"Fruit Juice"},{"floor":7,"key":"EssenceOfSteel"},{"floor":14,"key":"SteroidPotion"},{"floor":21,"key":"Dexterity Potion"},{"floor":24,"key":"LiquidBronze"},{"floor":30,"key":"Dexterity Potion"}],"is_trial":false,"path_per_floor":["T","?","?","?","$","M","?","T","M"],"character_chosen":"DEFECT","items_purchased":["Turbo","Self Repair","Cold Snap","Bronze Scales"],"campfire_rested":5,"item_purchase_floors":[2,13,13,13],"current_hp_per_floor":[58,58,58,58,57,57,26,64,64,64,57,46,46,53,80,49,72,59,43,38,18,18,58,33,33,33,73,66,66,63,53,86,0],"gold":180,"neow_bonus":"RANDOM_COMMON_RELIC","is_prod":false,"is_daily":false,"chose_seed":false,"campfire_upgraded":2,"win_rate":0,"timestamp":1548271731,"path_taken":["M","$","?","?","M","R","E","R","T","R","?","?","?","M","R","BOSS","M","?","M","M","$","R","E","?","T","R","M","?","?","M","R","BOSS"],"build_version":"2019-01-22","purchased_purges":2,"victory":false,"max_hp_per_floor":[71,71,71,71,76,76,78,78,78,78,78,78,78,80,80,80,80,80,82,84,84,84,84,84,84,84,84,86,86,86,86,86,86],"card_choices":[{"not_picked":["Streamline","White Noise"],"picked":"Sunder","floor":1},{"not_picked":["Chaos","Fusion"],"picked":"Hologram","floor":5},{"not_picked":["Beam Cell","Compile Driver","Scrape"],"picked":"Singing Bowl","floor":7},{"not_picked":["Rip and Tear","Lockon","Beam Cell"],"picked":"Singing Bowl","floor":14},{"not_picked":["Multi-Cast","Thunder Strike"],"picked":"Echo Form","floor":16},{"not_picked":["Consume","Ball Lightning+1"],"picked":"Conserve Battery+1","floor":18},{"not_picked":["Auto Shields","Rebound","Fusion+1"],"picked":"Singing Bowl","floor":19},{"not_picked":["Sweeping Beam","Doom and Gloom","Cold Snap"],"picked":"Singing Bowl","floor":20},{"not_picked":["Doom and Gloom","Barrage"],"picked":"Go for the Eyes+1","floor":21},{"not_picked":["Steam Power","Leap"],"picked":"Glacier+1","floor":24},{"not_picked":["Redo+1","Compile Driver","Stack+1"],"picked":"Singing Bowl","floor":28},{"not_picked":["Leap","Streamline"],"picked":"Chill","floor":30},{"not_picked":["Barrage","Go for the Eyes"],"picked":"BootSequence","floor":31}],"player_experience":836988,"relics_obtained":[{"floor":3,"key":"Regal Pillow"},{"floor":7,"key":"Singing Bowl"},{"floor":9,"key":"Pen Nib"},{"floor":24,"key":"Blood Vial"},{"floor":26,"key":"Dodecahedron"},{"floor":29,"key":"MawBank"}],"event_choices":[{"damage_healed":0,"gold_gain":150,"player_choice":"AGREE","damage_taken":0,"max_hp_gain":0,"max_hp_loss":0,"event_name":"Liars Game","floor":4,"gold_loss":0,"cards_obtained":["Doubt"]},{"cards_removed":["Doubt"],"damage_healed":0,"gold_gain":0,"player_choice":"Card Removal","damage_taken":7,"max_hp_gain":0,"max_hp_loss":0,"event_name":"Golden Wing","floor":11,"gold_loss":0},{"damage_healed":0,"gold_gain":75,"player_choice":"Gather Gold","damage_taken":11,"max_hp_gain":0,"max_hp_loss":0,"event_name":"World of Goop","floor":12,"gold_loss":0},{"damage_healed":0,"gold_gain":0,"player_choice":"Ignored","damage_taken":0,"max_hp_gain":0,"max_hp_loss":0,"event_name":"Vampires","floor":25,"gold_loss":0}],"is_beta":true,"boss_relics":[{"not_picked":["Empty Cage","Eternal Feather"],"picked":"Astrolabe"}],"items_purged_floors":[13,22],"is_endless":false,"potions_floor_spawned":[5,7,14,21,24,30],"killed_by":"Champ","ascension_level":16}