{"gold_per_floor":[20,37,37,54,74,102,113,113,113,141,91,91,103,136,136,238,238,250,261,261,281,281,309,309,335,335,353,381,395,429,446,446,548,548,561,571,590,0,20,46,46,71,98,123,134,134,10,25,25,25],"floor_reached":50,"playtime":5632,"items_purged":[],"score":877,"play_id":"80fc68f7-6257-4aff-bff4-bc6efefa36fb","local_time":"20190124031626","is_ascension_mode":true,"campfire_choices":[{"data":"White Noise","floor":8.0,"key":"SMITH"},{"floor":12.0,"key":"RECALL"},{"data":"Dualcast","floor":15.0,"key":"SMITH"},{"data":"Seek","floor":24,"key":"SMITH"},{"floor":32,"key":"REST"},{"data":"Rainbow","floor":41,"key":"SMITH"},{"floor":49,"key":"REST"}],"neow_cost":"NO_GOLD","seed_source_timestamp":0,"circlet_count":0,"master_deck":["Strike_B","Strike_B","Strike_B","Strike_B+1","Defend_B","Defend_B","Defend_B","Defend_B+1","Dualcast+1","Auto Shields","Ball Lightning","Genetic Algorithm","Go for the Eyes","White Noise+1","FTL","Glacier","BootSequence","Go for the Eyes","Seek+1","White Noise+1","Redo+1","Necronomicurse","Gash+1","Reboot","Sweeping Beam","Capacitor+1","Conserve Battery","Go for the Eyes+1","Hologram+1","Compile Driver","Conserve Battery+1","All For One","Rebound+1","White Noise+1","Scrape+1","Rainbow+1","Beam Cell","Chill+1","Sunder+1","Core Surge","Heatsinks+1","Flash of Steel","Meteor Strike","Aggregate+1","Hologram+1","Chill+1","Compile Driver"],"special_seed":0,"relics":["Cracked Core","Dead Branch","Meat on the Bone","Kunai","Mercury Hourglass","Matryoshka","Philosopher\u0027s Stone","Necronomicon","Pantograph","War Paint","Smiling Mask","Bronze Scales","Dream Catcher","Dodecahedron","Runic Dome","Medical Kit","Toxic Egg 2","Whetstone","StoneCalendar","Anchor","Pen Nib","Pear"],"potions_floor_usage":[25,28,33,40,50,50],"damage_taken":[{"damage":0.0,"enemies":"Cultist","floor":1.0,"turns":3.0},{"damage":1.0,"enemies":"Jaw Worm","floor":2.0,"turns":4.0},{"damage":5.0,"enemies":"Small Slimes","floor":4.0,"turns":3.0},{"damage":4.0,"enemies":"Looter","floor":5.0,"turns":3.0},{"damage":2.0,"enemies":"3 Sentries","floor":6.0,"turns":7.0},{"damage":1.0,"enemies":"3 Louse","floor":7.0,"turns":3.0},{"damage":11.0,"enemies":"Lagavulin","floor":10.0,"turns":5.0},{"damage":0.0,"enemies":"Red Slaver","floor":13.0,"turns":3.0},{"damage":0.0,"enemies":"3 Sentries","floor":14.0,"turns":4.0},{"damage":3.0,"enemies":"The Guardian","floor":16.0,"turns":11.0},{"damage":0.0,"enemies":"Chosen","floor":18.0,"turns":4.0},{"damage":0,"enemies":"Shell Parasite","floor":19,"turns":4},{"damage":1,"enemies":"Centurion and Healer","floor":21,"turns":6},{"damage":3,"enemies":"Gremlin Leader","floor":23,"turns":8},{"damage":25,"enemies":"Slavers","floor":25,"turns":4},{"damage":0,"enemies":"Shelled Parasite and Fungi","floor":27,"turns":3},{"damage":0,"enemies":"Book of Stabbing","floor":28,"turns":4},{"damage":0,"enemies":"Sentry and Sphere","floor":29,"turns":4},{"damage":5,"enemies":"Gremlin Leader","floor":30,"turns":5},{"damage":6,"enemies":"Chosen and Byrds","floor":31,"turns":4},{"damage":0,"enemies":"Automaton","floor":33,"turns":7},{"damage":0,"enemies":"Orb Walker","floor":35,"turns":2},{"damage":0,"enemies":"3 Shapes","floor":36,"turns":3},{"damage":0,"enemies":"Transient","floor":37,"turns":5},{"damage":2,"enemies":"3 Darklings","floor":39,"turns":3},{"damage":0,"enemies":"Giant Head","floor":40,"turns":7},{"damage":0,"enemies":"Reptomancer","floor":42,"turns":6},{"damage":0,"enemies":"Nemesis","floor":44,"turns":3},{"damage":48,"enemies":"Writhing Mass","floor":45,"turns":4},{"damage":8,"enemies":"Spire Growth","floor":48,"turns":4},{"damage":86,"enemies":"Time Eater","floor":50,"turns":9}],"seed_played":"4362217178187748635","potions_obtained":[{"floor":1.0,"key":"Fire Potion"},{"floor":7.0,"key":"FearPotion"},{"floor":10.0,"key":"PowerPotion"},{"floor":13.0,"key":"Regen Potion"},{"floor":16.0,"key":"FocusPotion"},{"floor":19,"key":"SkillPotion"},{"floor":28,"key":"PowerPotion"},{"floor":30,"key":"SkillPotion"},{"floor":33,"key":"SkillPotion"},{"floor":44,"key":"Block Potion"}],"is_trial":false,"path_per_floor":["M","M","?","M","M","E","M","R","T","E","?","R","M","E","R","B",null,"M","M","?","M","?","E","R","E","T","M","E","M","E","M","R","B",null,"M","M","M","$","M","E","R","E","T","E","M","?","$","M","R","B"],"character_chosen":"DEFECT","items_purchased":["Rainbow","Medical Kit","Toxic Egg 2","Aggregate+1","Hologram+1"],"campfire_rested":2,"item_purchase_floors":[38,38,38,47,47],"current_hp_per_floor":[75,74,74,69,65,63,62,62,62,51,51,51,51,51,51,48,75,75,75,59,58,58,55,55,42,42,42,42,42,49,43,65,75,75,75,75,75,75,73,73,73,73,73,83,47,47,47,51,76,0],"gold":25,"neow_bonus":"ONE_RARE_RELIC","is_prod":false,"is_daily":false,"chose_seed":false,"campfire_upgraded":4,"win_rate":0,"timestamp":1548317786,"path_taken":["M","?","?","M","M","E","?","R","T","E","?","R","M","E","R","BOSS","M","M","?","M","?","E","R","E","T","M","E","?","E","M","R","BOSS","M","M","M","$","M","E","R","E","T","E","M","?","?","?","R","BOSS"],"build_version":"2019-01-23","purchased_purges":0,"victory":false,"max_hp_per_floor":[75,75,75,75,75,75,75,75,75,75,75,75,75,75,75,75,75,75,75,75,75,75,75,75,75,75,75,75,75,75,75,75,75,75,75,75,75,75,75,75,75,75,75,85,85,85,85,85,85,85],"card_choices":[{"not_picked":["Hologram","Lockon"],"picked":"Auto Shields","floor":1.0},{"not_picked":["Turbo","Chaos"],"picked":"Ball Lightning","floor":2.0},{"not_picked":["Cold Snap","Hologram"],"picked":"Genetic Algorithm","floor":4.0},{"not_picked":["Conserve Battery","Steam"],"picked":"Go for the Eyes","floor":5.0},{"not_picked":["Tempest","Cold Snap"],"picked":"White Noise","floor":6.0},{"not_picked":["Force Field","Compile Driver"],"picked":"FTL","floor":7.0},{"not_picked":["Cold Snap","Meteor Strike"],"picked":"Glacier","floor":10.0},{"not_picked":["Rebound","Glacier"],"picked":"BootSequence","floor":13.0},{"not_picked":["Tempest","Rebound"],"picked":"Go for the Eyes","floor":14.0},{"not_picked":["Rainbow","Electrodynamics"],"picked":"Seek","floor":16.0},{"not_picked":["Leap+1","Compile Driver"],"picked":"White Noise+1","floor":18},{"not_picked":["Ball Lightning","Leap"],"picked":"Redo","floor":19},{"not_picked":["Hologram","Rebound"],"picked":"Gash","floor":21},{"not_picked":["Steam","Consume"],"picked":"Reboot","floor":23},{"not_picked":["White Noise","Coolheaded"],"picked":"Sweeping Beam","floor":25},{"not_picked":["Go for the Eyes+1","Barrage"],"picked":"Capacitor+1","floor":27},{"not_picked":["Streamline","Darkness"],"picked":"Conserve Battery","floor":28},{"not_picked":["Sweeping Beam","Amplify"],"picked":"Go for the Eyes+1","floor":29},{"not_picked":["Heatsinks","Beam Cell+1"],"picked":"Hologram+1","floor":30},{"not_picked":["Turbo","Barrage"],"picked":"Compile Driver","floor":31},{"not_picked":["Streamline","Cold Snap"],"picked":"Conserve Battery+1","floor":32},{"not_picked":["Meteor Strike","Fission"],"picked":"All For One","floor":33},{"not_picked":["Capacitor+1","Cold Snap"],"picked":"Rebound+1","floor":35},{"not_picked":["Redo","Go for the Eyes"],"picked":"White Noise+1","floor":36},{"not_picked":["Leap+1","Conserve Battery"],"picked":"Scrape+1","floor":37},{"not_picked":["Barrage+1","Blizzard"],"picked":"Beam Cell","floor":39},{"not_picked":["Reboot+1","Auto Shields+1"],"picked":"Chill+1","floor":40},{"not_picked":["Streamline+1","Rebound"],"picked":"Sunder+1","floor":42},{"not_picked":["Beam Cell+1","Streamline+1"],"picked":"Core Surge","floor":44},{"not_picked":["Compile Driver","Leap+1"],"picked":"Heatsinks+1","floor":45},{"not_picked":["Rip and Tear+1","Rebound"],"picked":"Chill+1","floor":48},{"not_picked":["Barrage","All For One"],"picked":"Compile Driver","floor":49}],"player_experience":72719,"relics_obtained":[{"floor":6.0,"key":"Kunai"},{"floor":10.0,"key":"Mercury Hourglass"},{"floor":14.0,"key":"Matryoshka"},{"floor":20,"key":"Necronomicon"},{"floor":23,"key":"Pantograph"},{"floor":25,"key":"War Paint"},{"floor":26,"key":"Smiling Mask"},{"floor":26,"key":"Bronze Scales"},{"floor":28,"key":"Dream Catcher"},{"floor":30,"key":"Dodecahedron"},{"floor":40,"key":"Whetstone"},{"floor":42,"key":"StoneCalendar"},{"floor":43,"key":"Anchor"},{"floor":43,"key":"Pen Nib"},{"floor":44,"key":"Pear"}],"event_choices":[{"damage_healed":0.0,"max_hp_gain":0.0,"max_hp_loss":0.0,"gold_gain":0.0,"event_name":"WeMeetAgain","player_choice":"Gave Potion","floor":3.0,"gold_loss":0.0,"damage_taken":0.0,"relics_obtained":["Meat on the Bone"]},{"cards_removed":["Zap"],"damage_healed":0.0,"max_hp_gain":0.0,"max_hp_loss":0.0,"gold_gain":0.0,"event_name":"The Cleric","player_choice":"Card Removal","floor":11.0,"gold_loss":50.0,"damage_taken":0.0},{"damage_healed":0,"gold_gain":0,"player_choice":"Obtained Book","damage_taken":16,"max_hp_gain":0,"max_hp_loss":0,"event_name":"Cursed Tome","floor":20,"gold_loss":0},{"damage_healed":0,"gold_gain":0,"player_choice":"Bought 0 Potions","damage_taken":0,"max_hp_gain":0,"max_hp_loss":0,"event_name":"The Woman in Blue","floor":22,"gold_loss":0},{"damage_healed":0,"gold_gain":0,"player_choice":"2 cards matched","damage_taken":0,"max_hp_gain":0,"max_hp_loss":0,"event_name":"Match and Keep!","floor":46,"gold_loss":0,"cards_obtained":["Flash of Steel","Meteor Strike"]}],"is_beta":false,"boss_relics":[{"not_picked":["Eternal Feather","Cursed Key"],"picked":"Philosopher\u0027s Stone"},{"not_picked":["Snecko Eye","Runic Pyramid"],"picked":"Runic Dome"}],"items_purged_floors":[],"is_endless":false,"potions_floor_spawned":[1,7,10,13,16,19,23,28,30,33,36,44,45],"killed_by":"Time Eater","ascension_level":1}