{"gold_per_floor":[116,116,131,149,161,161,178,178,178,189,189,216,227,247,247,326,376,396,410,10,27,27,27,40,40,40,72,72,16,16],"floor_reached":30,"playtime":1370,"items_purged":["Strike_B"],"score":558,"play_id":"efe38dc0-7b10-40c1-8dce-5ddb323e5fe9","local_time":"20190220003234","is_ascension_mode":true,"campfire_choices":[{"data":"Consume","floor":6,"key":"SMITH"},{"data":"Fission","floor":8,"key":"SMITH"},{"data":"Ball Lightning","floor":11,"key":"SMITH"},{"data":"Dualcast","floor":15,"key":"SMITH"},{"floor":23,"key":"REST"},{"floor":25,"key":"REST"},{"floor":28,"key":"REST"}],"neow_cost":"NONE","seed_source_timestamp":1174949385211300,"circlet_count":0,"master_deck":["AscendersBane","Strike_B","Strike_B","Strike_B","Defend_B","Defend_B","Defend_B","Defend_B","Zap+1","Dualcast+1","Consume+1","Cold Snap","Cold Snap","BootSequence","Fission+1","Ball Lightning+1","Skim","Cold Snap+1","Creative AI","Redo","Heatsinks","Coolheaded+1","Consume+1","Turbo+1","Redo+1"],"relics":["Inserter","Ancient Tea Set","Bag of Preparation","Tiny House","StoneCalendar","Toxic Egg 2","Letter Opener"],"potions_floor_usage":[5,5,12,17],"damage_taken":[{"damage":9,"enemies":"Jaw Worm","floor":1,"turns":5},{"damage":1,"enemies":"Cultist","floor":3,"turns":4},{"damage":3,"enemies":"Small Slimes","floor":4,"turns":4},{"damage":9,"enemies":"Gremlin Gang","floor":5,"turns":6},{"damage":6,"enemies":"Exordium Thugs","floor":7,"turns":4},{"damage":0,"enemies":"2 Fungi Beasts","floor":10,"turns":3},{"damage":0,"enemies":"Lagavulin","floor":12,"turns":6},{"damage":6,"enemies":"3 Louse","floor":13,"turns":3},{"damage":5,"enemies":"Gremlin Gang","floor":14,"turns":4},{"damage":9,"enemies":"Hexaghost","floor":16,"turns":9},{"damage":12,"enemies":"Shell Parasite","floor":18,"turns":6},{"damage":27,"enemies":"3 Byrds","floor":19,"turns":6},{"damage":20,"enemies":"Shelled Parasite and Fungi","floor":21,"turns":7},{"damage":2,"enemies":"Snake Plant","floor":24,"turns":7},{"damage":47,"enemies":"Book of Stabbing","floor":27,"turns":7},{"damage":47,"enemies":"Slavers","floor":30,"turns":4}],"seed_played":"3400199634429248543","potions_obtained":[{"floor":1,"key":"AttackPotion"},{"floor":4,"key":"Block Potion"},{"floor":5,"key":"Regen Potion"},{"floor":17,"key":"Fruit Juice"},{"floor":24,"key":"LiquidBronze"}],"is_trial":false,"path_per_floor":["M","?","M","M","M","R","M","R","T","M","R","E","M","M","R","B",null,"M","M","$","M","?","R","M","R","T","E","R","$","E"],"character_chosen":"DEFECT","items_purchased":["StoneCalendar","Redo+1"],"campfire_rested":3,"item_purchase_floors":[20,29],"current_hp_per_floor":[55,55,54,51,42,42,36,36,36,36,36,51,45,40,40,31,71,59,32,32,12,12,36,34,58,58,11,35,35,0],"gold":16,"neow_bonus":"BOSS_RELIC","is_prod":false,"is_daily":false,"chose_seed":false,"campfire_upgraded":4,"win_rate":0,"timestamp":1550651554,"path_taken":["M","?","M","M","M","R","M","R","T","?","R","E","M","M","R","BOSS","M","M","$","M","?","R","M","R","T","E","R","$","E"],"build_version":"2019-01-23","purchased_purges":1,"victory":false,"max_hp_per_floor":[71,71,71,71,71,71,71,71,71,71,71,71,71,71,71,71,81,81,81,81,81,81,81,81,81,81,81,81,81,81],"card_choices":[{"not_picked":["Lockon","Darkness"],"picked":"Consume","floor":1},{"not_picked":["Capacitor","BootSequence"],"picked":"Cold Snap","floor":3},{"not_picked":["Barrage","Rebound"],"picked":"Cold Snap","floor":4},{"not_picked":["Streamline","Turbo"],"picked":"BootSequence","floor":5},{"not_picked":["Rebound","Turbo"],"picked":"Fission","floor":7},{"not_picked":["Lockon","Leap"],"picked":"Ball Lightning","floor":10},{"not_picked":["Beam Cell","Reboot"],"picked":"Skim","floor":12},{"not_picked":["Streamline","Rebound","Beam Cell"],"picked":"SKIP","floor":13},{"not_picked":["Barrage","Turbo"],"picked":"Cold Snap","floor":14},{"not_picked":["Multi-Cast","Thunder Strike"],"picked":"Creative AI","floor":16},{"not_picked":["Reprogram","Sweeping Beam"],"picked":"Redo","floor":17},{"not_picked":["Stack","Redo","Undo"],"picked":"SKIP","floor":18},{"not_picked":["Go for the Eyes","Cold Snap"],"picked":"Heatsinks","floor":19},{"not_picked":["Stack","Ball Lightning"],"picked":"Coolheaded+1","floor":21},{"not_picked":["Aggregate","Leap+1","Coolheaded"],"picked":"SKIP","floor":24},{"not_picked":["Thunder Strike","Heatsinks"],"picked":"Turbo+1","floor":27}],"player_experience":744760,"relics_obtained":[{"floor":9,"key":"Ancient Tea Set"},{"floor":12,"key":"Bag of Preparation"},{"floor":26,"key":"Toxic Egg 2"},{"floor":27,"key":"Letter Opener"}],"event_choices":[{"damage_healed":0,"gold_gain":0,"player_choice":"Forge","damage_taken":0,"max_hp_gain":0,"max_hp_loss":0,"event_name":"Accursed Blacksmith","floor":2,"gold_loss":0,"cards_upgraded":["Zap"]},{"damage_healed":0,"gold_gain":0,"player_choice":"Copied","damage_taken":0,"max_hp_gain":0,"max_hp_loss":0,"event_name":"Duplicator","floor":22,"gold_loss":0,"cards_obtained":["Consume"]}],"is_beta":false,"boss_relics":[{"not_picked":["Velvet Choker","Lizard Tail"],"picked":"Tiny House"}],"items_purged_floors":[20],"is_endless":false,"potions_floor_spawned":[1,4,5,24],"killed_by":"Slavers","ascension_level":20}