{"gold_per_floor":[114,114,132,102,102,102,141,154,179,192,2,2],"floor_reached":12,"playtime":959,"items_purged":["Doubt"],"score":78,"play_id":"c0458385-a854-47b4-adf6-6321e329a46e","local_time":"20180707225806","is_ascension_mode":false,"campfire_choices":[{"floor":6,"key":"DIG"}],"neow_cost":"CURSE","seed_source_timestamp":295964788349881,"circlet_count":0,"master_deck":["Strike_B","Strike_B","Strike_B","Strike_B","Defend_B","Defend_B","Defend_B","Defend_B","Zap","Dualcast","Sweeping Beam","Echo Form","Hologram","Hologram","Fusion","Defragment","Gash"],"relics":["Cracked Core","Shovel","Golden Idol","Pear","Sundial","Happy Flower","Boot"],"potions_floor_usage":[12,12,12],"damage_taken":[{"damage":11,"enemies":"Jaw Worm","floor":1,"turns":4},{"damage":7,"enemies":"2 Louse","floor":3,"turns":3},{"damage":36,"enemies":"3 Sentries","floor":7,"turns":7},{"damage":0,"enemies":"Small Slimes","floor":8,"turns":3},{"damage":6,"enemies":"2 Fungi Beasts","floor":10,"turns":4},{"damage":8,"enemies":"Lagavulin","floor":12,"turns":4}],"seed_played":"-7076025467513367001","potions_obtained":[{"floor":3,"key":"SteroidPotion"},{"floor":4,"key":"SpeedPotion"},{"floor":4,"key":"SpeedPotion"},{"floor":8,"key":"Swift Potion"}],"is_trial":false,"path_per_floor":["M","?","M","?","T","R","E","M","T","M","$"],"character_chosen":"DEFECT","items_purchased":["Defragment","Gash"],"campfire_rested":0,"item_purchase_floors":[11,11],"current_hp_per_floor":[64,46,39,39,49,49,13,13,13,7,7,0],"gold":2,"neow_bonus":"ONE_RARE_RELIC","is_prod":false,"is_daily":false,"chose_seed":false,"campfire_upgraded":0,"win_rate":0,"timestamp":1531029486,"path_taken":["M","?","M","?","?","R","E","M","T","M","$","E"],"build_version":"2018-07-05","purchased_purges":1,"victory":false,"max_hp_per_floor":[75,75,75,75,85,85,85,85,85,85,85,85],"card_choices":[{"not_picked":["Stack","Steam"],"picked":"Sweeping Beam","floor":1},{"not_picked":["Steam","Force Field"],"picked":"Echo Form","floor":3},{"not_picked":["Melter","Streamline"],"picked":"Hologram","floor":7},{"not_picked":["Steam","Recycle"],"picked":"Hologram","floor":8},{"not_picked":["Cold Snap","Compile Driver"],"picked":"Fusion","floor":10}],"player_experience":123607,"relics_obtained":[{"floor":5,"key":"Pear"},{"floor":6,"key":"Sundial"},{"floor":7,"key":"Happy Flower"},{"floor":9,"key":"Boot"}],"event_choices":[{"event_name":"Golden Idol","player_choice":"Take Damage","floor":2,"damage_taken":0},{"event_name":"The Woman in Blue","player_choice":"Bought 2 Potions","floor":4,"damage_taken":0}],"boss_relics":[],"items_purged_floors":[11],"is_endless":false,"potions_floor_spawned":[3,8,10],"killed_by":"Lagavulin","ascension_level":0}