{"gold_per_floor":[118,134,94,94,107,134,113,113,137,157,157,157,157,177,177,177],"floor_reached":16,"playtime":920,"items_purged":[],"score":105,"play_id":"65d451cc-3572-4d77-b833-33a53bef7229","local_time":"20190303212250","is_ascension_mode":true,"campfire_choices":[{"floor":13,"key":"REST"},{"data":"Armaments","floor":15,"key":"SMITH"}],"neow_cost":"PERCENT_DAMAGE","seed_source_timestamp":11083427203998,"circlet_count":0,"master_deck":["Strike_R","Strike_R","Strike_R","Strike_R","Defend_R","Defend_R","Defend_R","Defend_R","Bash","Warcry","Body Slam","Bloodletting","Armaments+1","Warcry","Limit Break","Armaments+1"],"relics":["Burning Blood","Gambling Chip","Vajra","Omamori","Toxic Egg 2"],"potions_floor_usage":[10,10,16,16],"damage_taken":[{"damage":5,"enemies":"Small Slimes","floor":1,"turns":4},{"damage":1,"enemies":"Cultist","floor":2,"turns":4},{"damage":9,"enemies":"Jaw Worm","floor":5,"turns":3},{"damage":58,"enemies":"Gremlin Nob","floor":6,"turns":6},{"damage":5,"enemies":"2 Fungi Beasts","floor":10,"turns":3},{"damage":5,"enemies":"Looter","floor":14,"turns":5},{"damage":57,"enemies":"Slime Boss","floor":16,"turns":9}],"seed_played":"3015497919291209036","potions_obtained":[{"floor":2,"key":"Dexterity Potion"},{"floor":6,"key":"Explosive Potion"},{"floor":10,"key":"Block Potion"},{"floor":14,"key":"Regen Potion"}],"is_trial":false,"path_per_floor":["M","M","$","?","M","E","?","?","T","M","T","?","R","M","R","B"],"character_chosen":"IRONCLAD","items_purchased":["Bloodletting"],"campfire_rested":1,"item_purchase_floors":[3],"current_hp_per_floor":[57,62,62,62,59,7,7,7,7,8,8,13,38,39,39,0],"gold":177,"neow_bonus":"ONE_RARE_RELIC","is_prod":false,"is_daily":false,"chose_seed":false,"campfire_upgraded":1,"win_rate":0,"timestamp":1551615770,"path_taken":["M","M","$","?","?","E","?","?","T","M","?","?","R","M","R","BOSS"],"build_version":"2019-01-23","purchased_purges":0,"victory":false,"max_hp_per_floor":[80,80,80,80,80,80,80,80,80,80,80,85,85,85,85,85],"card_choices":[{"not_picked":["Blood for Blood","Iron Wave"],"picked":"Warcry","floor":1},{"not_picked":["Sword Boomerang","True Grit"],"picked":"Body Slam","floor":2},{"not_picked":["Clash","Ghostly Armor"],"picked":"Armaments","floor":5},{"not_picked":["Iron Wave","True Grit"],"picked":"Warcry","floor":6},{"not_picked":["Anger","Inflame"],"picked":"Limit Break","floor":10},{"not_picked":["Heavy Blade","Twin Strike"],"picked":"Armaments+1","floor":14}],"player_experience":35772,"relics_obtained":[{"floor":6,"key":"Vajra"},{"floor":9,"key":"Omamori"},{"floor":11,"key":"Toxic Egg 2"}],"event_choices":[{"cards_removed":["Strike_R"],"damage_healed":0,"gold_gain":0,"player_choice":"Purged","damage_taken":0,"max_hp_gain":0,"max_hp_loss":0,"event_name":"Purifier","floor":4,"gold_loss":0},{"damage_healed":0,"gold_gain":0,"player_choice":"Left Gold","damage_taken":0,"max_hp_gain":0,"max_hp_loss":0,"event_name":"World of Goop","floor":7,"gold_loss":21},{"damage_healed":0,"gold_gain":0,"player_choice":"Searched \u00270\u0027 times","damage_taken":0,"max_hp_gain":0,"max_hp_loss":0,"event_name":"Dead Adventurer","floor":8,"gold_loss":0},{"damage_healed":0,"gold_gain":0,"player_choice":"Donut","damage_taken":0,"max_hp_gain":5,"max_hp_loss":0,"event_name":"Big Fish","floor":12,"gold_loss":0}],"is_beta":false,"boss_relics":[],"items_purged_floors":[],"is_endless":false,"potions_floor_spawned":[2,6,10,14],"killed_by":"Slime Boss","ascension_level":1}