{"gold_per_floor":[116,116,37,37,58,58,91,106,106,106,106,181,181,201,201,331,331,354,354,367,388,37,37,61,61,140,140,159,16,36,56,56,184,184,198,198,198,198,198,198,222,222,248,273,64,84,108,40,40,40],"floor_reached":51,"playtime":1973,"items_purged":["Strike_B"],"score":1142,"play_id":"f685b396-9834-4e9d-9cf1-4b2aeeaca882","local_time":"20181105003907","is_ascension_mode":true,"campfire_choices":[{"data":"Recycle","floor":6,"key":"SMITH"},{"data":"Hyperbeam","floor":13,"key":"SMITH"},{"data":"Buffer","floor":15,"key":"SMITH"},{"floor":23,"key":"REST"},{"floor":25,"key":"REST"},{"floor":32,"key":"REST"},{"floor":40,"key":"REST"},{"floor":42,"key":"REST"},{"floor":49,"key":"REST"}],"neow_cost":"NONE","seed_source_timestamp":19337345024623,"circlet_count":0,"master_deck":["AscendersBane","Strike_B","Defend_B","Defend_B","Defend_B","Zap","Dualcast","Scrape","Hyperbeam+1","Recycle+1","Buffer+1","Gash","Steam","Echo Form+1","Go for the Eyes","Streamline","Gash","Go for the Eyes","Rebound","Seek","FTL+1","Conserve Battery+1","Machine Learning+1","Go for the Eyes","Trip","Madness","Madness","Steam+1","Go for the Eyes+1","Turbo","All For One"],"relics":["Cracked Core","NeowsBlessing","Golden Idol","Matryoshka","Frozen Egg 2","Symbiotic Virus","Potion Belt","Ornamental Fan","Oddly Smooth Stone","Fusion Hammer","Darkstone Periapt","Frozen Eye","Bottled Flame","Vajra","Eternal Feather","Pen Nib","Bag of Marbles","ClockworkSouvenir"],"potions_floor_usage":[30,47,50,50],"damage_taken":[{"damage":0,"enemies":"Jaw Worm","floor":1,"turns":1},{"damage":0,"enemies":"Small Slimes","floor":5,"turns":1},{"damage":0,"enemies":"Lagavulin","floor":7,"turns":1},{"damage":0,"enemies":"Cultist","floor":8,"turns":3},{"damage":2,"enemies":"Exordium Thugs","floor":14,"turns":3},{"damage":0,"enemies":"Slime Boss","floor":16,"turns":6},{"damage":7,"enemies":"2 Thieves","floor":18,"turns":3},{"damage":3,"enemies":"Shell Parasite","floor":20,"turns":6},{"damage":1,"enemies":"3 Cultists","floor":21,"turns":5},{"damage":1,"enemies":"Cultist and Chosen","floor":24,"turns":6},{"damage":20,"enemies":"Snake Plant","floor":28,"turns":2},{"damage":14,"enemies":"Shelled Parasite and Fungi","floor":30,"turns":4},{"damage":0,"enemies":"3 Cultists","floor":31,"turns":4},{"damage":9,"enemies":"Automaton","floor":33,"turns":9},{"damage":20,"enemies":"3 Shapes","floor":35,"turns":6},{"damage":27,"enemies":"Orb Walker","floor":41,"turns":5},{"damage":11,"enemies":"4 Shapes","floor":44,"turns":2},{"damage":30,"enemies":"Spire Growth","floor":46,"turns":5},{"damage":0,"enemies":"Transient","floor":47,"turns":5},{"damage":40,"enemies":"Donu and Deca","floor":50,"turns":8}],"seed_played":"-7583762648035951283","potions_obtained":[{"floor":1,"key":"LiquidBronze"},{"floor":5,"key":"FairyPotion"},{"floor":16,"key":"SteroidPotion"},{"floor":20,"key":"Energy Potion"},{"floor":30,"key":"Regen Potion"}],"is_trial":false,"path_per_floor":["M","?","$","?","M","R","E","M","T","T","?","?","R","M","R","B",null,"M","?","M","M","$","R","M","R","T","?","M","$","M","M","R","B",null,"M","?","?","?","T","R","M","R","T","M","$","M","M","$","R","B",null],"character_chosen":"DEFECT","items_purchased":["Hyperbeam","Frozen Eye","Go for the Eyes","Rebound","Vajra","ClockworkSouvenir","All For One"],"campfire_rested":6,"item_purchase_floors":[3,22,22,22,29,45,48],"current_hp_per_floor":[68,50,50,50,50,50,50,50,50,50,47,36,36,34,34,34,65,58,58,55,54,54,75,74,75,75,75,55,55,41,41,63,54,70,50,50,41,41,41,75,48,75,75,64,64,34,34,34,74,45],"gold":40,"neow_bonus":"THREE_ENEMY_KILL","is_prod":false,"is_daily":false,"chose_seed":false,"campfire_upgraded":3,"win_rate":0,"timestamp":1541407147,"path_taken":["M","?","$","?","?","R","E","M","T","?","?","?","R","M","R","BOSS","M","?","?","M","$","R","M","R","T","?","?","$","M","?","R","BOSS","M","?","?","?","?","R","M","R","T","M","$","M","M","$","R","BOSS"],"build_version":"2018-11-01","purchased_purges":1,"victory":true,"max_hp_per_floor":[75,75,75,75,75,75,75,75,75,75,75,75,75,75,75,75,75,75,75,75,75,75,75,75,75,75,75,75,75,75,75,75,75,75,75,75,75,75,75,75,75,75,75,75,75,75,75,75,75,75],"card_choices":[{"not_picked":["Hello World","Cold Snap"],"picked":"Scrape","floor":1},{"not_picked":["Tempest","Stack"],"picked":"Sweeping Beam","floor":5},{"not_picked":["Coolheaded","Compile Driver"],"picked":"Buffer","floor":7},{"not_picked":["Redo","Sweeping Beam"],"picked":"Gash","floor":8},{"not_picked":["Rip and Tear","Storm+1"],"picked":"Steam","floor":14},{"not_picked":["Fission","Meteor Strike"],"picked":"Echo Form+1","floor":16},{"not_picked":["Defragment+1","Melter"],"picked":"Go for the Eyes","floor":18},{"not_picked":["Turbo+1","Stack+1"],"picked":"Streamline","floor":20},{"not_picked":["Compile Driver","Go for the Eyes"],"picked":"Gash","floor":21},{"not_picked":["Hello World+1","Undo"],"picked":"Seek","floor":24},{"not_picked":["Ball Lightning","Coolheaded+1","Lockon"],"picked":"SKIP","floor":28},{"not_picked":["Barrage","Coolheaded+1"],"picked":"FTL+1","floor":30},{"not_picked":["Steam","Sweeping Beam"],"picked":"Conserve Battery+1","floor":31},{"not_picked":["Fission","Seek"],"picked":"Machine Learning+1","floor":33},{"not_picked":["Ball Lightning","Sunder"],"picked":"Go for the Eyes","floor":35},{"not_picked":["Discovery","Chrysalis"],"picked":"Trip","floor":36},{"not_picked":["Steam Power","Loop+1"],"picked":"Steam+1","floor":41},{"not_picked":["Defragment+1","Coolheaded"],"picked":"Go for the Eyes+1","floor":44},{"not_picked":["Lockon+1","Undo","Redo"],"picked":"SKIP","floor":46},{"not_picked":["Streamline","Self Repair+1"],"picked":"Turbo","floor":47}],"player_experience":344748,"relics_obtained":[{"floor":7,"key":"Matryoshka"},{"floor":9,"key":"Frozen Egg 2"},{"floor":9,"key":"Symbiotic Virus"},{"floor":10,"key":"Potion Belt"},{"floor":10,"key":"Ornamental Fan"},{"floor":26,"key":"Bottled Flame"},{"floor":39,"key":"Pen Nib"},{"floor":43,"key":"Bag of Marbles"}],"event_choices":[{"damage_healed":0,"gold_gain":0,"player_choice":"Take Damage","damage_taken":18,"relics_obtained":["Golden Idol"],"max_hp_gain":0,"max_hp_loss":0,"event_name":"Golden Idol","floor":2,"gold_loss":0},{"damage_healed":0,"gold_gain":0,"cards_transformed":["Strike_B"],"player_choice":"Transformed","damage_taken":0,"max_hp_gain":0,"max_hp_loss":0,"event_name":"Transmorgrifier","floor":4,"gold_loss":0,"cards_obtained":["Recycle"]},{"damage_healed":0,"gold_gain":0,"player_choice":"Success","damage_taken":3,"relics_obtained":["Oddly Smooth Stone"],"max_hp_gain":0,"max_hp_loss":0,"event_name":"Scrap Ooze","floor":11,"gold_loss":0},{"damage_healed":0,"gold_gain":75,"player_choice":"Gather Gold","damage_taken":11,"max_hp_gain":0,"max_hp_loss":0,"event_name":"World of Goop","floor":12,"gold_loss":0},{"cards_removed":["Sweeping Beam"],"damage_healed":0,"gold_gain":0,"player_choice":"Gave Card","damage_taken":0,"relics_obtained":["Darkstone Periapt"],"max_hp_gain":0,"max_hp_loss":0,"event_name":"WeMeetAgain","floor":19,"gold_loss":0},{"cards_removed":["Strike_B"],"damage_healed":0,"gold_gain":0,"player_choice":"Offered Basic","damage_taken":0,"max_hp_gain":0,"max_hp_loss":0,"event_name":"Bonfire Elementals","floor":27,"gold_loss":0},{"damage_healed":0,"gold_gain":0,"player_choice":"Memory 1","damage_taken":0,"max_hp_gain":0,"max_hp_loss":0,"event_name":"SensoryStone","floor":36,"gold_loss":0},{"damage_healed":0,"gold_gain":0,"player_choice":"Embrace Madness","damage_taken":9,"max_hp_gain":0,"max_hp_loss":0,"event_name":"Winding Halls","floor":37,"gold_loss":0,"cards_obtained":["Madness","Madness"]},{"cards_removed":["Defend_B"],"damage_healed":0,"gold_gain":0,"player_choice":"Removed Skill","damage_taken":0,"max_hp_gain":0,"max_hp_loss":0,"event_name":"Falling","floor":38,"gold_loss":0}],"is_beta":false,"boss_relics":[{"not_picked":["Orrery","Cursed Key"],"picked":"Fusion Hammer"},{"not_picked":["Pandora\u0027s Box","FrozenCore"],"picked":"Eternal Feather"}],"items_purged_floors":[22],"is_endless":false,"potions_floor_spawned":[1,5,8,16,20,28,30,33,35,41,44,46],"ascension_level":11}