{"gold_per_floor":[115,129,145,163,179,179,204,17,66,81,98,98,128,147,147,249,249,265,180,180,52,52,78,78,411,411,411,510,510,522,539,539,639,639,650,750,750,750,664,664],"floor_reached":40,"playtime":2035,"items_purged":["Strike_R"],"score":476,"play_id":"c56f8ba7-ee8b-46fc-aa5e-edea734fd73f","local_time":"20190102212611","is_ascension_mode":false,"campfire_choices":[{"data":"Armaments","floor":6.0,"key":"SMITH"},{"floor":12.0,"key":"REST"},{"floor":15.0,"key":"REST"},{"floor":24.0,"key":"REST"},{"floor":27.0,"key":"REST"},{"floor":32.0,"key":"REST"}],"neow_cost":"NONE","seed_source_timestamp":727267311916546,"circlet_count":0,"master_deck":["Strike_R","Strike_R","Strike_R","Strike_R","Defend_R","Defend_R","Defend_R","Defend_R","Bash","Corruption","Armaments","Disarm","Armaments+1","Shrug It Off","Entrench","Spot Weakness","Battle Trance","Whirlwind","Seeing Red","Pommel Strike","Spot Weakness","Barricade","Inflame","Juggernaut","Cleave","Headbutt","Pain","Spot Weakness","Flame Barrier","Limit Break","Body Slam","Ghostly Armor"],"special_seed":0,"relics":["Burning Blood","Paper Frog","Smiling Mask","Odd Mushroom","Cursed Key","Pear","PreservedInsect","Turnip","Old Coin","Matryoshka","Black Star","Champion Belt","Frozen Egg 2"],"potions_floor_usage":[],"damage_taken":[{"damage":6.0,"enemies":"Cultist","floor":1.0,"turns":3.0},{"damage":4.0,"enemies":"2 Louse","floor":2.0,"turns":4.0},{"damage":3.0,"enemies":"Small Slimes","floor":3.0,"turns":4.0},{"damage":6.0,"enemies":"3 Louse","floor":4.0,"turns":4.0},{"damage":9.0,"enemies":"2 Fungi Beasts","floor":5.0,"turns":5.0},{"damage":54.0,"enemies":"Gremlin Nob","floor":7.0,"turns":6.0},{"damage":4.0,"enemies":"Gremlin Gang","floor":10.0,"turns":2.0},{"damage":9.0,"enemies":"Blue Slaver","floor":11.0,"turns":4.0},{"damage":9.0,"enemies":"The Mushroom Lair","floor":13.0,"turns":3.0},{"damage":5.0,"enemies":"Looter","floor":14.0,"turns":3.0},{"damage":45.0,"enemies":"The Guardian","floor":16.0,"turns":12.0},{"damage":15.0,"enemies":"Chosen","floor":18.0,"turns":6.0},{"damage":69.0,"enemies":"Gremlin Leader","floor":23.0,"turns":5.0},{"damage":27.0,"enemies":"Slavers","floor":25.0,"turns":2.0},{"damage":30.0,"enemies":"2 Thieves","floor":30.0,"turns":3.0},{"damage":14.0,"enemies":"Snake Plant","floor":31.0,"turns":5.0},{"damage":55.0,"enemies":"Collector","floor":33.0,"turns":10.0},{"damage":19.0,"enemies":"Orb Walker","floor":35.0,"turns":5.0},{"damage":36.0,"enemies":"Mind Bloom Boss Battle","floor":36.0,"turns":10.0},{"damage":0.0,"enemies":"3 Darklings","floor":38.0,"turns":1.0},{"damage":29,"enemies":"Giant Head","floor":40,"turns":6}],"seed_played":"-817491110084399477","potions_obtained":[{"floor":3.0,"key":"PowerPotion"},{"floor":10.0,"key":"EssenceOfSteel"},{"floor":11.0,"key":"FearPotion"},{"floor":13.0,"key":"Strength Potion"},{"floor":16.0,"key":"SteroidPotion"},{"floor":25.0,"key":"Weak Potion"},{"floor":35.0,"key":"SmokeBomb"}],"is_trial":false,"path_per_floor":["M","M","M","M","M","R","E","$","T","M","M","R","?","M","R","B",null,"M","?","?","$","?","E","R","E","T","R","?","?","M","M","R","B",null,"M","?","?","M","?","E"],"character_chosen":"IRONCLAD","items_purchased":["Spot Weakness","Battle Trance","Whirlwind","Juggernaut"],"campfire_rested":5,"item_purchase_floors":[8,8,8,21],"current_hp_per_floor":[88,88,88,88,85,85,37,37,37,39,36,62,59,60,86,47,88,79,89,89,89,89,26,55,34,34,63,63,63,39,31,60,11,98,85,55,55,61,61,32],"gold":664,"neow_bonus":"TEN_PERCENT_HP_BONUS","is_prod":false,"is_daily":false,"chose_seed":false,"campfire_upgraded":1,"win_rate":0,"timestamp":1546482371,"path_taken":["M","M","?","M","M","R","E","$","T","M","M","R","?","M","R","BOSS","M","?","?","$","?","E","R","E","T","R","?","?","?","M","R","BOSS","M","?","?","?","?","E"],"build_version":"2018-12-20","purchased_purges":1,"victory":false,"max_hp_per_floor":[88,88,88,88,88,88,88,88,88,88,88,88,88,88,88,88,88,88,98,98,98,98,98,98,98,98,98,98,98,98,98,98,98,98,98,98,98,98,98,98],"card_choices":[{"not_picked":["Headbutt","Havoc"],"picked":"Corruption","floor":1.0},{"not_picked":["Rupture","Clothesline"],"picked":"Armaments","floor":2.0},{"not_picked":["Flex","Thunderclap"],"picked":"Disarm","floor":3.0},{"not_picked":["Pummel","Wild Strike"],"picked":"Armaments","floor":4.0},{"not_picked":["Clash","Havoc"],"picked":"Shrug It Off","floor":5.0},{"not_picked":["Perfected Strike","Uppercut"],"picked":"Entrench","floor":7.0},{"not_picked":["Shrug It Off","Wild Strike"],"picked":"Seeing Red","floor":10.0},{"not_picked":["Bludgeon","Warcry","Flex"],"picked":"SKIP","floor":11.0},{"not_picked":["Heavy Blade","Combust"],"picked":"Pommel Strike","floor":13.0},{"not_picked":["Seeing Red","Headbutt"],"picked":"Spot Weakness","floor":14.0},{"not_picked":["Dark Embrace","Double Tap"],"picked":"Barricade","floor":16.0},{"not_picked":["Sword Boomerang+1","Dropkick"],"picked":"Inflame","floor":18.0},{"not_picked":["Corruption","Dual Wield+1"],"picked":"Cleave","floor":23.0},{"not_picked":["Whirlwind","Thunderclap"],"picked":"Headbutt","floor":25.0},{"not_picked":["Anger","Dropkick","True Grit"],"picked":"SKIP","floor":30.0},{"not_picked":["Reckless Charge+1","Evolve+1"],"picked":"Flame Barrier","floor":31.0},{"not_picked":["Offering","Impervious"],"picked":"Limit Break","floor":33.0},{"not_picked":["Havoc+1","Whirlwind"],"picked":"Body Slam","floor":35.0},{"not_picked":["Metallicize","Perfected Strike"],"picked":"Ghostly Armor","floor":36.0}],"player_experience":408922,"relics_obtained":[{"floor":7.0,"key":"Paper Frog"},{"floor":9.0,"key":"Smiling Mask"},{"floor":13.0,"key":"Odd Mushroom"},{"floor":23.0,"key":"Turnip"},{"floor":25.0,"key":"Old Coin"},{"floor":26.0,"key":"Matryoshka"},{"floor":36.0,"key":"Champion Belt"}],"event_choices":[{"damage_healed":0.0,"max_hp_gain":0.0,"max_hp_loss":0.0,"gold_gain":0.0,"event_name":"Mushrooms","player_choice":"Fought Mushrooms","floor":13.0,"gold_loss":0.0,"damage_taken":0.0},{"damage_healed":0.0,"max_hp_gain":0.0,"max_hp_loss":0.0,"gold_gain":0.0,"event_name":"Addict","player_choice":"Obtained Relic","floor":19.0,"gold_loss":85.0,"damage_taken":0.0,"relics_obtained":["Pear"]},{"damage_healed":0.0,"max_hp_gain":0.0,"max_hp_loss":0.0,"gold_gain":0.0,"event_name":"The Mausoleum","player_choice":"Opened","floor":20.0,"gold_loss":0.0,"damage_taken":0.0,"relics_obtained":["PreservedInsect"]},{"damage_healed":0.0,"max_hp_gain":0.0,"max_hp_loss":0.0,"gold_gain":0.0,"event_name":"Beggar","player_choice":"Ignored","floor":22.0,"gold_loss":0.0,"damage_taken":0.0},{"damage_healed":0.0,"max_hp_gain":0.0,"max_hp_loss":0.0,"gold_gain":99.0,"event_name":"Nest","player_choice":"Stole From Cult","floor":28.0,"gold_loss":0.0,"damage_taken":0.0},{"damage_healed":0.0,"max_hp_gain":0.0,"max_hp_loss":0.0,"gold_gain":0.0,"event_name":"Duplicator","player_choice":"Copied","floor":29.0,"gold_loss":0.0,"damage_taken":0.0,"cards_obtained":["Spot Weakness"]},{"damage_healed":0.0,"max_hp_gain":0.0,"max_hp_loss":0.0,"gold_gain":0.0,"event_name":"MindBloom","player_choice":"Fight","floor":36.0,"gold_loss":0.0,"damage_taken":0.0},{"damage_healed":0.0,"max_hp_gain":0.0,"max_hp_loss":0.0,"gold_gain":0.0,"event_name":"Transmorgrifier","player_choice":"Ignored","floor":37.0,"gold_loss":0.0,"damage_taken":0.0},{"damage_healed":0,"gold_gain":0,"player_choice":"Paid Gold","damage_taken":0,"relics_obtained":["Frozen Egg 2"],"max_hp_gain":0,"max_hp_loss":0,"event_name":"WeMeetAgain","floor":39,"gold_loss":86}],"is_beta":false,"boss_relics":[{"not_picked":["Mark of Pain","Orrery"],"picked":"Cursed Key"},{"not_picked":["Runic Cube","Black Blood"],"picked":"Black Star"}],"items_purged_floors":[21],"is_endless":false,"potions_floor_spawned":[3,10,11,13,16,25,35],"killed_by":"Giant Head","ascension_level":0}