{"gold_per_floor":[367,442,458,257,274,306,306,637,637,637],"floor_reached":10,"playtime":2043,"items_purged":[],"score":87,"play_id":"663beee0-e404-49e2-9d47-e5fb69849ae1","local_time":"20190220124707","is_ascension_mode":true,"campfire_choices":[{"data":"Genetic Algorithm","floor":7,"key":"SMITH"}],"neow_cost":"TEN_PERCENT_HP_LOSS","seed_source_timestamp":0,"circlet_count":0,"master_deck":["Strike_B","Strike_B","Strike_B","Strike_B","Defend_B","Defend_B","Defend_B","Defend_B","Zap","Dualcast","Cold Snap","Go for the Eyes","Conserve Battery","Genetic Algorithm+1","Echo Form"],"special_seed":0,"relics":["Cracked Core","Happy Flower","Regal Pillow","Old Coin","Meat on the Bone"],"potions_floor_usage":[8],"damage_taken":[{"damage":2.0,"enemies":"Jaw Worm","floor":1.0,"turns":4.0},{"damage":0,"enemies":"Cultist","floor":3,"turns":4},{"damage":0,"enemies":"Small Slimes","floor":5,"turns":3},{"damage":22,"enemies":"Gremlin Nob","floor":6,"turns":4},{"damage":37,"enemies":"3 Sentries","floor":8,"turns":9},{"damage":20,"enemies":"Gremlin Gang","floor":10,"turns":1}],"seed_played":"-232361761895435681","potions_obtained":[{"floor":1.0,"key":"Regen Potion"},{"floor":3,"key":"LiquidBronze"},{"floor":5,"key":"Weak Potion"},{"floor":6,"key":"SpeedPotion"}],"is_trial":false,"path_per_floor":["M","?","M","$","M","E","R","E","T","M"],"character_chosen":"DEFECT","items_purchased":["Happy Flower","Conserve Battery"],"campfire_rested":0,"item_purchase_floors":[4,4],"current_hp_per_floor":[66,60,60,60,60,38,38,16,16,0],"gold":637,"neow_bonus":"TWO_FIFTY_GOLD","is_prod":false,"is_daily":false,"chose_seed":false,"campfire_upgraded":1,"win_rate":0,"timestamp":1550656027,"path_taken":["M","?","M","?","M","E","R","E","T","M"],"build_version":"2019-01-23","purchased_purges":0,"victory":false,"max_hp_per_floor":[68,68,68,68,68,68,68,68,68,68],"card_choices":[{"not_picked":["Ball Lightning","Storm"],"picked":"Cold Snap","floor":1.0},{"not_picked":["Streamline","Beam Cell"],"picked":"Go for the Eyes","floor":3},{"not_picked":["Redo","Streamline"],"picked":"Genetic Algorithm","floor":5},{"not_picked":["Turbo","Hello World"],"picked":"Echo Form","floor":6},{"not_picked":["Turbo","Consume","Hologram"],"picked":"SKIP","floor":8}],"player_experience":325172,"relics_obtained":[{"floor":6,"key":"Regal Pillow"},{"floor":8,"key":"Old Coin"},{"floor":9,"key":"Meat on the Bone"}],"event_choices":[{"damage_healed":0,"gold_gain":75,"player_choice":"Touch","damage_taken":6,"max_hp_gain":0,"max_hp_loss":0,"event_name":"FaceTrader","floor":2,"gold_loss":0}],"is_beta":false,"boss_relics":[],"items_purged_floors":[],"is_endless":false,"potions_floor_spawned":[1,3,5,6],"killed_by":"Gremlin Gang","ascension_level":3}