{"gold_per_floor":[366,346,39,39,55,55,80,96,96,96,116,149,169,184,184,184],"floor_reached":16,"playtime":528,"items_purged":["Strike_G"],"score":218,"play_id":"80f9b8d9-0424-405e-9367-8d7ea4571753","local_time":"20181008161259","is_ascension_mode":true,"campfire_choices":[{"data":"Flechettes","floor":6.0,"key":"SMITH"},{"data":"Bouncing Flask","floor":10.0,"key":"SMITH"},{"data":"Calculated Gamble","floor":15,"key":"SMITH"}],"neow_cost":"PERCENT_DAMAGE","seed_source_timestamp":286892309447225,"circlet_count":0,"master_deck":["Defend_G","Defend_G","Defend_G","Defend_G","Defend_G","Strike_G","Strike_G","Strike_G","Strike_G+1","Survivor","Neutralize","AscendersBane","Flechettes+1","Deflect","Escape Plan","Bouncing Flask+1","Bane+1","Footwork","Well Laid Plans","Calculated Gamble+1","Backflip"],"special_seed":0,"relics":["Ring of the Snake","Pear","Blue Candle","Whetstone"],"potions_floor_usage":[12],"damage_taken":[{"damage":1.0,"enemies":"Cultist","floor":1.0,"turns":4.0},{"damage":2.0,"enemies":"Small Slimes","floor":5.0,"turns":3.0},{"damage":26.0,"enemies":"Gremlin Nob","floor":7.0,"turns":4.0},{"damage":0.0,"enemies":"2 Louse","floor":8.0,"turns":1.0},{"damage":1.0,"enemies":"Looter","floor":11.0,"turns":2.0},{"damage":31,"enemies":"3 Sentries","floor":12,"turns":11},{"damage":10,"enemies":"Exordium Thugs","floor":13,"turns":6},{"damage":5,"enemies":"Red Slaver","floor":14,"turns":3},{"damage":7,"enemies":"Hexaghost","floor":16,"turns":4}],"seed_played":"5301971935103780084","potions_obtained":[{"floor":1.0,"key":"Fire Potion"},{"floor":2.0,"key":"Poison Potion"},{"floor":5.0,"key":"Fire Potion"},{"floor":7.0,"key":"FairyPotion"},{"floor":11.0,"key":"Block Potion"},{"floor":14,"key":"Weak Potion"}],"is_trial":false,"path_per_floor":["M","?","$","?","M","R","E","M","T","R","M","E","M","M","R"],"character_chosen":"THE_SILENT","items_purchased":["Flechettes","Deflect","Escape Plan"],"campfire_rested":0,"item_purchase_floors":[3,3,3],"current_hp_per_floor":[43,43,43,65,63,63,47,47,47,47,46,15,5,7,7,0],"gold":184,"neow_bonus":"TWO_FIFTY_GOLD","is_prod":false,"is_daily":false,"chose_seed":false,"campfire_upgraded":3,"win_rate":0,"timestamp":1538982779,"path_taken":["M","?","$","?","?","R","E","M","T","R","?","E","M","M","R","BOSS"],"build_version":"2018-10-04v2","purchased_purges":1,"victory":false,"max_hp_per_floor":[66,66,66,66,66,66,76,76,76,76,76,76,76,76,76,76],"card_choices":[{"not_picked":["Caltrops","Backflip","Prepared"],"picked":"SKIP","floor":1.0},{"not_picked":["Choke","Deadly Poison","Reflex"],"picked":"SKIP","floor":5.0},{"not_picked":["Bane","Concentrate"],"picked":"Bouncing Flask","floor":7.0},{"not_picked":["Bane","Endless Agony","Distraction"],"picked":"SKIP","floor":8.0},{"not_picked":["Endless Agony","Distraction"],"picked":"Bane","floor":8.0},{"not_picked":["Expertise","Deadly Poison"],"picked":"Footwork","floor":11.0},{"not_picked":["Masterful Stab","Expertise"],"picked":"Well Laid Plans","floor":12},{"not_picked":["Escape Plan","Prepared"],"picked":"Calculated Gamble","floor":13},{"not_picked":["Quick Slash","Prepared"],"picked":"Backflip","floor":14}],"player_experience":694538,"relics_obtained":[{"floor":7.0,"key":"Pear"},{"floor":9.0,"key":"Blue Candle"},{"floor":12,"key":"Whetstone"}],"event_choices":[{"event_name":"The Woman in Blue","player_choice":"Bought 1 Potion","floor":2.0,"damage_taken":0.0},{"event_name":"Big Fish","player_choice":"Banana","floor":4.0,"damage_taken":0.0}],"is_beta":false,"boss_relics":[],"items_purged_floors":[3],"is_endless":false,"potions_floor_spawned":[1,5,7,11,14],"killed_by":"Hexaghost","ascension_level":19}