{"gold_per_floor":[117,192,192,192,93,93,104,104,104,119,119,61,88,98,98,195,195,120,40,40,40,1,1,1,1,1,17,17,43,63,83,83,187,187,187],"floor_reached":35,"playtime":2269,"items_purged":["Defend_G","Defend_G"],"score":339,"play_id":"62cf3d57-4f24-4069-983c-cc2fe46c52ca","local_time":"20180901122548","is_ascension_mode":false,"campfire_choices":[{"data":"Dagger Spray","floor":6.0,"key":"SMITH"},{"data":"Backflip","floor":8.0,"key":"SMITH"},{"data":"Survivor","floor":11.0,"key":"SMITH"},{"data":"Footwork","floor":15.0,"key":"SMITH"},{"floor":23.0,"key":"DIG"},{"data":"RitualDagger","floor":28.0,"key":"SMITH"},{"floor":32.0,"key":"DIG"}],"neow_cost":"NONE","seed_source_timestamp":0,"circlet_count":0,"master_deck":["Defend_G","Defend_G","Strike_G","Strike_G","Strike_G","Strike_G","Survivor+1","Neutralize","Deflect","Dagger Spray+1","Backflip+1","Footwork+1","Backflip","Dagger Throw","Venomology+1","Dagger Throw+1","Well Laid Plans","Dodge and Roll","RitualDagger+1","Leg Sweep","Terror","Adrenaline"],"special_seed":0,"relics":["Ring of the Snake","Kunai","Shovel","The Courier","Odd Mushroom","Empty Cage","Oddly Smooth Stone","Paper Crane","Snake Skull","Dodecahedron","Black Star"],"potions_floor_usage":[],"damage_taken":[{"damage":14.0,"enemies":"Jaw Worm","floor":1.0,"turns":4.0},{"damage":0.0,"enemies":"Small Slimes","floor":7.0,"turns":3.0},{"damage":0.0,"enemies":"2 Louse","floor":10.0,"turns":2.0},{"damage":1.0,"enemies":"The Mushroom Lair","floor":13.0,"turns":3.0},{"damage":0.0,"enemies":"Exordium Thugs","floor":14.0,"turns":4.0},{"damage":4.0,"enemies":"Hexaghost","floor":16.0,"turns":16.0},{"damage":0.0,"enemies":"2 Thieves","floor":18.0,"turns":5.0},{"damage":0.0,"enemies":"3 Byrds","floor":27.0,"turns":7.0},{"damage":2.0,"enemies":"Snecko","floor":30.0,"turns":10.0},{"damage":9.0,"enemies":"Centurion and Healer","floor":31.0,"turns":6.0},{"damage":9.0,"enemies":"Collector","floor":33.0,"turns":15.0},{"damage":12,"enemies":"3 Shapes","floor":35,"turns":3}],"seed_played":"-1395360503486339604","potions_obtained":[{"floor":7.0,"key":"Strength Potion"},{"floor":14.0,"key":"SteroidPotion"},{"floor":27.0,"key":"Weak Potion"},{"floor":33.0,"key":"GhostInAJar"}],"is_trial":false,"path_per_floor":["M","?","T","?","$","R","M","R","T","M","R","$","?","M","R","B",null,"M","$","?","?","$","R","?","$","T","M","R","T","M","M","R","B",null],"character_chosen":"THE_SILENT","items_purchased":["Dagger Spray","Footwork","Dodge and Roll"],"campfire_rested":0,"item_purchase_floors":[5,12,22],"current_hp_per_floor":[56,45,45,45,45,45,45,45,45,45,45,45,44,44,44,40,70,70,70,70,70,70,70,64,64,64,64,64,64,62,53,53,44,70,58],"gold":187,"neow_bonus":"THREE_CARDS","is_prod":false,"is_daily":false,"chose_seed":false,"campfire_upgraded":5,"win_rate":0,"timestamp":1535829948,"path_taken":["M","?","?","?","$","R","M","R","T","M","R","?","?","?","R","BOSS","M","$","?","?","$","R","?","?","T","M","R","?","M","M","R","BOSS","M"],"build_version":"2018-08-30","purchased_purges":2,"victory":false,"max_hp_per_floor":[70,70,70,70,70,70,70,70,70,70,70,70,70,70,70,70,70,70,70,70,70,70,70,70,70,70,70,70,70,70,70,70,70,70,70],"card_choices":[{"not_picked":["Terror","PiercingWail"],"picked":"Deflect","floor":0.0},{"not_picked":["Deflect","Deadly Poison"],"picked":"Reflex","floor":1.0},{"not_picked":["Glass Knife","Distraction"],"picked":"Backflip","floor":7.0},{"not_picked":["Prepared","Deflect","Deadly Poison"],"picked":"SKIP","floor":10.0},{"not_picked":["Deadly Poison","Doppelganger"],"picked":"Backflip","floor":13.0},{"not_picked":["Deadly Poison","Outmaneuver"],"picked":"Dagger Throw","floor":14.0},{"not_picked":["Unload","Malaise"],"picked":"Venomology","floor":16.0},{"not_picked":["Sucker Punch","Dodge and Roll"],"picked":"Dagger Throw+1","floor":18.0},{"not_picked":["Flying Knee+1","All Out Attack"],"picked":"Leg Sweep","floor":27.0},{"not_picked":["Well Laid Plans","Infinite Blades+1"],"picked":"Terror","floor":30.0},{"not_picked":["Flechettes","Well Laid Plans","Prepared"],"picked":"SKIP","floor":31.0},{"not_picked":["Corpse Explosion","Storm of Steel"],"picked":"Adrenaline","floor":33.0}],"player_experience":222149,"relics_obtained":[{"floor":3.0,"key":"Kunai"},{"floor":9.0,"key":"The Courier"},{"floor":13.0,"key":"Odd Mushroom"},{"floor":23.0,"key":"Oddly Smooth Stone"},{"floor":26.0,"key":"Paper Crane"},{"floor":29.0,"key":"Snake Skull"},{"floor":32.0,"key":"Dodecahedron"}],"event_choices":[{"event_name":"World of Goop","player_choice":"Gather Gold","floor":2.0,"damage_taken":0.0},{"event_name":"WeMeetAgain","player_choice":"Card","floor":4.0,"damage_taken":0.0},{"event_name":"Mushrooms","player_choice":"Fought Mushrooms","floor":13.0,"damage_taken":0.0},{"event_name":"Upgrade Shrine","player_choice":"Upgraded","floor":20.0,"damage_taken":0.0},{"event_name":"The Library","player_choice":"Read","floor":21.0,"damage_taken":0.0},{"event_name":"Nest","player_choice":"Joined the Cult","floor":24.0,"damage_taken":0.0}],"is_beta":false,"boss_relics":[{"not_picked":["Coffee Dripper","Astrolabe"],"picked":"Empty Cage"},{"not_picked":["Runic Pyramid","Fusion Hammer"],"picked":"Black Star"}],"items_purged_floors":[5,19],"is_endless":false,"potions_floor_spawned":[7,14,27,33],"killed_by":"3 Shapes","ascension_level":0}