{"gold_per_floor":[111,122,122,135,154,188,188,219,245,245,277,277,290,309,309,383,383,394,39,51,66,66,96,111,111,111,122,122,142,152,168,168,246,246,262,273,273],"floor_reached":37,"playtime":3144,"items_purged":[],"score":817,"play_id":"a61d43e6-2f28-4f01-8f4a-9fdd482c568f","local_time":"20180811154521","is_ascension_mode":true,"campfire_choices":[{"floor":7,"key":"REST"},{"data":"Zap","floor":10,"key":"SMITH"},{"floor":15,"key":"REST"},{"floor":25,"key":"REST"},{"floor":32,"key":"REST"}],"neow_cost":"NONE","seed_source_timestamp":2666796449048277,"circlet_count":0,"master_deck":["Strike_B","Strike_B","Strike_B","Defend_B","Defend_B","Defend_B","Defend_B","Zap+1","Dualcast","AscendersBane","Consume+1","Rebound","Coolheaded","Chill","Glacier","Leap","Injury","Hologram","Blizzard","Machine Learning","Flash of Steel","Undo","Fission","Ball Lightning","Biased Cognition","Compile Driver","Cold Snap","Rainbow","Skim"],"relics":["Cracked Core","Mercury Hourglass","DataDisk","Bag of Preparation","Centennial Puzzle","Snecko Eye","Kunai","Cables","Strawberry","Velvet Choker"],"potions_floor_usage":[6,8,16,23,23,30,37],"damage_taken":[{"damage":6,"enemies":"2 Louse","floor":1,"turns":2},{"damage":10,"enemies":"Small Slimes","floor":2,"turns":3},{"damage":1,"enemies":"Cultist","floor":4,"turns":3},{"damage":0,"enemies":"Large Slime","floor":5,"turns":5},{"damage":40,"enemies":"Gremlin Nob","floor":6,"turns":6},{"damage":3,"enemies":"3 Sentries","floor":8,"turns":7},{"damage":9,"enemies":"Lagavulin","floor":11,"turns":11},{"damage":5,"enemies":"Exordium Thugs","floor":13,"turns":5},{"damage":0,"enemies":"3 Louse","floor":14,"turns":3},{"damage":0,"enemies":"The Guardian","floor":16,"turns":13},{"damage":1,"enemies":"Chosen","floor":18,"turns":6},{"damage":2,"enemies":"Shell Parasite","floor":20,"turns":10},{"damage":0,"enemies":"Centurion and Healer","floor":21,"turns":8},{"damage":23,"enemies":"Slavers","floor":23,"turns":8},{"damage":28,"enemies":"Sentry and Sphere","floor":24,"turns":8},{"damage":0,"enemies":"3 Cultists","floor":27,"turns":6},{"damage":10,"enemies":"Centurion and Healer","floor":29,"turns":11},{"damage":17,"enemies":"Chosen and Byrds","floor":30,"turns":6},{"damage":0,"enemies":"Cultist and Chosen","floor":31,"turns":5},{"damage":3,"enemies":"Champ","floor":33,"turns":26},{"damage":3,"enemies":"3 Shapes","floor":35,"turns":5},{"damage":13,"enemies":"3 Darklings","floor":36,"turns":6},{"damage":73,"enemies":"Transient","floor":37,"turns":5}],"seed_played":"9053891723068184090","potions_obtained":[{"floor":1,"key":"FocusPotion"},{"floor":4,"key":"FocusPotion"},{"floor":11,"key":"Weak Potion"},{"floor":14,"key":"Swift Potion"},{"floor":18,"key":"Block Potion"},{"floor":24,"key":"Block Potion"},{"floor":29,"key":"EssenceOfSteel"}],"is_trial":false,"path_per_floor":["M","M","?","M","M","E","R","E","T","R","E","?","M","M","R","B",null,"M","$","M","M","?","E","M","R","T","M","?","M","M","M","R","B",null,"M","M"],"character_chosen":"DEFECT","items_purchased":["Kunai","Flash of Steel"],"campfire_rested":4,"item_purchase_floors":[19,19],"current_hp_per_floor":[65,55,55,54,54,14,37,34,34,34,25,25,20,20,43,43,69,68,68,66,66,66,43,15,38,45,45,45,35,18,18,43,40,74,71,58,0],"gold":273,"neow_bonus":"TEN_PERCENT_HP_BONUS","is_prod":false,"is_daily":false,"chose_seed":false,"campfire_upgraded":1,"win_rate":0,"timestamp":1533995121,"path_taken":["M","M","?","M","M","E","R","E","T","R","E","?","?","M","R","BOSS","M","$","M","M","?","E","?","R","T","M","?","?","M","?","R","BOSS","M","M","M"],"build_version":"2018-08-09","purchased_purges":0,"victory":false,"max_hp_per_floor":[78,78,78,78,78,78,78,78,78,78,78,78,78,78,78,78,78,78,78,78,78,78,78,78,78,85,85,85,85,85,85,85,85,85,85,85,85],"card_choices":[{"not_picked":["Rebound","Tempest"],"picked":"Consume","floor":1},{"not_picked":["Redo","Steam Power"],"picked":"Rebound","floor":2},{"not_picked":["Barrage","Gash"],"picked":"Coolheaded","floor":4},{"not_picked":["Tempest","Blizzard"],"picked":"Chill","floor":5},{"not_picked":["Redo","Leap"],"picked":"Glacier","floor":6},{"not_picked":["Stack","Hologram"],"picked":"Leap","floor":8},{"not_picked":["Undo","Consume","Thunder Strike"],"picked":"SKIP","floor":11},{"not_picked":["Steam","Redo"],"picked":"Hologram","floor":13},{"not_picked":["Chill","Double Energy"],"picked":"Blizzard","floor":14},{"not_picked":["All For One","Thunder Strike"],"picked":"Machine Learning","floor":16},{"not_picked":["Rebound","Lockon","Barrage"],"picked":"SKIP","floor":18},{"not_picked":["Auto Shields","Double Energy"],"picked":"Undo","floor":20},{"not_picked":["Consume","Steam Power","Recycle"],"picked":"SKIP","floor":21},{"not_picked":["Rainbow","Go for the Eyes"],"picked":"Fission","floor":23},{"not_picked":["Streamline","Turbo","Rip and Tear"],"picked":"SKIP","floor":24},{"not_picked":["Beam Cell+1","Leap"],"picked":"Ball Lightning","floor":27},{"not_picked":["Reprogram","Hologram"],"picked":"Compile Driver","floor":29},{"not_picked":["Go for the Eyes","Aggregate+1"],"picked":"Cold Snap","floor":30},{"not_picked":["Reinforced Body+1","Redo","Steam+1"],"picked":"SKIP","floor":31},{"not_picked":["Hyperbeam","Thunder Strike"],"picked":"Rainbow","floor":33},{"not_picked":["Steam","Genetic Algorithm","Ball Lightning"],"picked":"SKIP","floor":35},{"not_picked":["Leap","Chaos"],"picked":"Skim","floor":36}],"player_experience":945766,"relics_obtained":[{"floor":6,"key":"Mercury Hourglass"},{"floor":8,"key":"DataDisk"},{"floor":9,"key":"Bag of Preparation"},{"floor":11,"key":"Centennial Puzzle"},{"floor":23,"key":"Cables"},{"floor":26,"key":"Strawberry"}],"event_choices":[{"event_name":"Scrap Ooze","player_choice":"unsuccessful","floor":3,"damage_taken":0},{"event_name":"Accursed Blacksmith","player_choice":"Forge","floor":12,"damage_taken":0},{"event_name":"Beggar","player_choice":"Ignored","floor":22,"damage_taken":0},{"event_name":"Transmorgrifier","player_choice":"Transform","floor":28,"damage_taken":0}],"is_beta":false,"boss_relics":[{"not_picked":["Philosopher\u0027s Stone","Calling Bell"],"picked":"Snecko Eye"},{"not_picked":["Tiny House","Astrolabe"],"picked":"Velvet Choker"}],"items_purged_floors":[],"is_endless":false,"potions_floor_spawned":[1,4,5,11,14,18,21,24,29],"killed_by":"Transient","ascension_level":15}