{"path_per_floor":["M","M","$","M","?","E","$","R","T","E","?","E","M","M","R","B",null,"M","?","$","?","M"],"character_chosen":"THE_SILENT","items_purchased":["Footwork","Fire Potion","Noxious Fumes","Backflip","Kunai","Infinite Blades","Well Laid Plans"],"gold_per_floor":[110,129,1,19,169,198,75,75,150,183,211,242,259,269,269,344,344,357,357,37,37,0,0],"floor_reached":23,"campfire_rested":1,"playtime":1374,"item_purchase_floors":[3,3,7,7,20,20,20],"current_hp_per_floor":[46,43,43,43,43,43,43,43,43,31,25,8,8,3,37,14,53,46,25,25,38,27,0],"items_purged":[],"gold":0,"score":481,"play_id":"3dafb76c-53fd-46cf-9437-db2008e0ced9","local_time":"20180622214806","daily_mods":["Hoarder"],"is_prod":false,"is_daily":false,"chose_seed":true,"is_ascension_mode":true,"campfire_upgraded":1,"win_rate":0,"timestamp":1529696886,"campfire_choices":[{"data":"Neutralize","floor":8,"key":"SMITH"},{"floor":15,"key":"REST"}],"path_taken":["M","M","$","M","?","E","$","R","T","E","?","E","M","M","R","BOSS","M","?","$","?","M","E"],"build_version":"2018-06-21","seed_source_timestamp":432344385270588,"purchased_purges":0,"circlet_count":0,"victory":false,"master_deck":["Defend_G","Defend_G","Defend_G","Defend_G","Defend_G","Strike_G","Strike_G","Strike_G","Strike_G","Strike_G","Survivor","Neutralize+1","AscendersBane","Deadly Poison","Deadly Poison","Deadly Poison","Footwork","Footwork","Footwork","Dodge and Roll","Dodge and Roll","Dodge and Roll","Doubt","Doubt","Doubt","Dagger Spray","Dagger Spray","Dagger Spray","Noxious Fumes","Noxious Fumes","Noxious Fumes","Backflip","Backflip","Backflip","Cloak And Dagger","Cloak And Dagger","Cloak And Dagger","Blur","Blur","Blur","Night Terror","Night Terror","Night Terror","Infinite Blades","Infinite Blades","Infinite Blades","Well Laid Plans","Well Laid Plans","Well Laid Plans","Dodge and Roll","Dodge and Roll","Dodge and Roll"],"max_hp_per_floor":[66,66,66,66,66,66,66,66,66,66,66,66,66,66,66,66,66,66,66,66,66,66,66],"special_seed":49589807274832,"relics":["Ring of the Snake","Regal Pillow","Ninja Scroll","Ornamental Fan","Odd Mushroom","The Courier","Fusion Hammer","Nilry\u0027s Codex","Kunai"],"card_choices":[{"not_picked":["Prepared","Underhanded Strike"],"picked":"Deadly Poison","floor":1},{"not_picked":["Choke","Finisher","Setup"],"picked":"SKIP","floor":2},{"not_picked":["Sucker Punch","Acrobatics"],"picked":"Dodge and Roll","floor":4},{"not_picked":["All Out Attack","Deflect"],"picked":"Dagger Spray","floor":6},{"not_picked":["Dagger Spray","Bane","Prepared"],"picked":"SKIP","floor":10},{"not_picked":["Terror","Expertise","Underhanded Strike"],"picked":"SKIP","floor":12},{"not_picked":["Outmaneuver","Accuracy"],"picked":"Cloak And Dagger","floor":13},{"not_picked":["Backflip","Deflect"],"picked":"Blur","floor":14},{"not_picked":["Wraith Form v2","Storm of Steel"],"picked":"Night Terror","floor":16},{"not_picked":["Slice","Sucker Punch","Concentrate"],"picked":"SKIP","floor":18},{"not_picked":["Deadly Poison+1","Outmaneuver+1"],"picked":"Dodge and Roll","floor":22}],"player_experience":648358,"potions_floor_usage":[10,12,12,23],"damage_taken":[{"damage":13,"enemies":"Jaw Worm","floor":1,"turns":7},{"damage":3,"enemies":"2 Louse","floor":2,"turns":3},{"damage":0,"enemies":"Small Slimes","floor":4,"turns":4},{"damage":0,"enemies":"Lagavulin","floor":6,"turns":10},{"damage":12,"enemies":"3 Sentries","floor":10,"turns":8},{"damage":6,"floor":11,"turns":4},{"damage":17,"enemies":"Gremlin Nob","floor":12,"turns":5},{"damage":0,"enemies":"Blue Slaver","floor":13,"turns":6},{"damage":5,"enemies":"3 Louse","floor":14,"turns":2},{"damage":23,"enemies":"The Guardian","floor":16,"turns":10},{"damage":7,"enemies":"Chosen","floor":18,"turns":7},{"damage":11,"enemies":"2 Thieves","floor":22,"turns":5},{"damage":31,"enemies":"Book of Stabbing","floor":23,"turns":6}],"relics_obtained":[{"floor":6,"key":"Regal Pillow"},{"floor":9,"key":"Ninja Scroll"},{"floor":10,"key":"Ornamental Fan"},{"floor":11,"key":"Odd Mushroom"},{"floor":12,"key":"The Courier"},{"floor":19,"key":"Nilry\u0027s Codex"}],"event_choices":[{"event_name":"Liars Game","player_choice":"agreed","floor":5,"damage_taken":0},{"event_name":"Mushrooms","player_choice":"Fought Mushrooms","floor":11,"damage_taken":0},{"event_name":"Cursed Tome","player_choice":"Obtained Book","floor":19,"damage_taken":0},{"event_name":"The Library","player_choice":"Heal","floor":21,"damage_taken":0}],"boss_relics":[{"not_picked":["Sozu","Black Star"],"picked":"Fusion Hammer"}],"items_purged_floors":[],"is_endless":false,"potions_floor_spawned":[4,6,11,14],"seed_played":"4305373950074803984","killed_by":"Book of Stabbing","ascension_level":15,"potions_obtained":[{"floor":4,"key":"Dexterity Potion"},{"floor":11,"key":"EssenceOfSteel"},{"floor":14,"key":"Dexterity Potion"}],"is_trial":true}