{"gold_per_floor":[116,116,116,48,48,48,73,73,73,105,123,123,157,167,167,262,262,274,288,15,29,47,47,47,60,85,10,10,10,40,52,52,153,153,173,200,210,226,237,237,39,39,39,39,0,17,35,51,51,51],"floor_reached":51,"playtime":3729,"items_purged":["Regret","Doubt"],"score":949,"play_id":"7b923df5-eafd-42c7-8b86-9c12b0955b76","local_time":"20190307051306","is_ascension_mode":true,"campfire_choices":[{"data":"Footwork","floor":6,"key":"SMITH"},{"data":"Neutralize","floor":8,"key":"SMITH"},{"data":"Caltrops","floor":12,"key":"SMITH"},{"data":"Dash","floor":15,"key":"SMITH"},{"data":"Footwork","floor":23,"key":"SMITH"},{"data":"Caltrops","floor":29,"key":"SMITH"},{"floor":32,"key":"REST"},{"data":"Burst","floor":40,"key":"SMITH"},{"floor":44,"key":"REST"},{"data":"Footwork","floor":49,"key":"SMITH"}],"neow_cost":"NONE","seed_source_timestamp":9538881104470,"circlet_count":0,"master_deck":["Defend_G","Defend_G","Defend_G","Defend_G","Defend_G","Strike_G","Strike_G","Strike_G","Strike_G","Strike_G","Survivor","Neutralize+1","Backflip","Footwork+1","Dash+1","Caltrops+1","Backflip","Flying Knee","Tools of the Trade","PiercingWail+1","Well Laid Plans","Footwork+1","Acrobatics+1","Blur","Caltrops+1","Burst+1","Catalyst+1","Escape Plan+1","Leg Sweep+1","Prepared+1","Injury","Caltrops+1","Footwork+1","Noxious Fumes+1"],"relics":["Ring of the Snake","NeowsBlessing","Sundial","Nunchaku","FossilizedHelix","Prayer Wheel","Dream Catcher","Ornamental Fan","Pear","Philosopher\u0027s Stone","Lee\u0027s Waffle","Bag of Preparation","Paper Crane","Cursed Key","PreservedInsect","The Courier","Red Mask"],"potions_floor_usage":[16,22,33,33,35,42,50,50,50],"damage_taken":[{"damage":0,"enemies":"Jaw Worm","floor":1,"turns":1},{"damage":0,"enemies":"Lagavulin","floor":7,"turns":1},{"damage":0,"enemies":"Gremlin Nob","floor":10,"turns":1},{"damage":0,"enemies":"Small Slimes","floor":11,"turns":3},{"damage":16,"enemies":"3 Sentries","floor":13,"turns":10},{"damage":0,"enemies":"2 Louse","floor":14,"turns":3},{"damage":4,"enemies":"Hexaghost","floor":16,"turns":11},{"damage":0,"enemies":"Shell Parasite","floor":18,"turns":7},{"damage":12,"enemies":"Spheric Guardian","floor":19,"turns":5},{"damage":0,"enemies":"Shelled Parasite and Fungi","floor":21,"turns":8},{"damage":0,"enemies":"Cultist and Chosen","floor":22,"turns":10},{"damage":2,"enemies":"Centurion and Healer","floor":25,"turns":9},{"damage":22,"enemies":"Slavers","floor":30,"turns":6},{"damage":0,"enemies":"3 Cultists","floor":31,"turns":7},{"damage":36,"enemies":"Automaton","floor":33,"turns":15},{"damage":0,"enemies":"3 Darklings","floor":35,"turns":9},{"damage":0,"enemies":"Orb Walker","floor":37,"turns":5},{"damage":6,"enemies":"Maw","floor":38,"turns":11},{"damage":8,"enemies":"Sphere and 2 Shapes","floor":39,"turns":9},{"damage":0,"enemies":"4 Shapes","floor":42,"turns":1},{"damage":0,"enemies":"Writhing Mass","floor":46,"turns":10},{"damage":1,"enemies":"3 Darklings","floor":47,"turns":7},{"damage":0,"enemies":"Spire Growth","floor":48,"turns":8},{"damage":0,"enemies":"Time Eater","floor":50,"turns":13}],"seed_played":"-2342442017984039842","potions_obtained":[{"floor":7,"key":"Block Potion"},{"floor":16,"key":"Poison Potion"},{"floor":30,"key":"FearPotion"},{"floor":31,"key":"LiquidBronze"},{"floor":33,"key":"Weak Potion"},{"floor":37,"key":"EssenceOfSteel"},{"floor":38,"key":"Strength Potion"},{"floor":39,"key":"FearPotion"},{"floor":47,"key":"Poison Potion"}],"is_trial":false,"path_per_floor":["M","?","?","$","?","R","E","R","T","E","M","R","E","M","R","B",null,"M","M","$","M","M","R","?","M","T","$","?","R","E","M","R","B",null,"M","T","M","M","M","R","$","M","T","R","?","M","M","M","R","B",null],"character_chosen":"THE_SILENT","items_purchased":["Footwork","Footwork","Lee\u0027s Waffle","SmokeBomb"],"campfire_rested":2,"item_purchase_floors":[4,20,20,41],"current_hp_per_floor":[70,70,63,63,63,63,63,63,63,63,63,63,57,57,57,53,73,73,61,87,87,87,87,87,85,85,85,85,85,63,63,87,51,78,78,78,78,72,64,64,64,64,64,87,87,87,86,86,86,86],"gold":51,"neow_bonus":"THREE_ENEMY_KILL","is_prod":false,"is_daily":false,"chose_seed":false,"campfire_upgraded":8,"win_rate":0,"timestamp":1551957186,"path_taken":["M","?","?","$","?","R","E","R","T","E","M","R","E","?","R","BOSS","M","M","$","M","?","R","?","M","T","$","?","R","E","?","R","BOSS","M","?","?","M","M","R","$","M","T","R","?","M","M","M","R","BOSS"],"build_version":"2019-01-23","purchased_purges":2,"victory":true,"max_hp_per_floor":[70,70,70,70,70,70,70,70,70,70,70,70,80,80,80,80,80,80,80,87,87,87,87,87,87,87,87,87,87,87,87,87,87,87,87,87,87,87,87,87,87,87,87,87,87,87,87,87,87,87],"card_choices":[{"not_picked":["Deflect","Setup"],"picked":"Backflip","floor":1},{"not_picked":["Outmaneuver","Dagger Throw"],"picked":"Dash","floor":7},{"not_picked":["Dagger Spray","Riddle With Holes","Finisher"],"picked":"SKIP","floor":10},{"not_picked":["PiercingWail","Endless Agony"],"picked":"Caltrops","floor":11},{"not_picked":["Concentrate","Flying Knee"],"picked":"Backflip","floor":11},{"not_picked":["Acrobatics","Underhanded Strike","Finisher"],"picked":"SKIP","floor":13},{"not_picked":["PiercingWail","Choke"],"picked":"Flying Knee","floor":14},{"not_picked":["Deflect","Glass Knife","Noxious Fumes"],"picked":"SKIP","floor":14},{"not_picked":["Night Terror","Adrenaline"],"picked":"Tools of the Trade","floor":16},{"not_picked":["Blade Dance+1","Flying Knee"],"picked":"PiercingWail+1","floor":18},{"not_picked":["Bane","Finisher","Dagger Spray"],"picked":"SKIP","floor":18},{"not_picked":["Deadly Poison","PiercingWail+1"],"picked":"Well Laid Plans","floor":19},{"not_picked":["Slice","Bane","Outmaneuver"],"picked":"SKIP","floor":19},{"not_picked":["Terror","Quick Slash"],"picked":"Acrobatics+1","floor":21},{"not_picked":["Prepared","Concentrate+1","Expertise"],"picked":"SKIP","floor":21},{"not_picked":["Distraction","Masterful Stab"],"picked":"Blur","floor":22},{"not_picked":["Outmaneuver+1","Poisoned Stab","Flying Knee"],"picked":"SKIP","floor":22},{"not_picked":["Outmaneuver+1","Poisoned Stab","Flying Knee"],"picked":"SKIP","floor":22},{"not_picked":["Bouncing Flask","Slice"],"picked":"Caltrops","floor":25},{"not_picked":["Crippling Poison","Dagger Throw","Skewer"],"picked":"SKIP","floor":25},{"not_picked":["Skewer","Glass Knife","Expertise+1"],"picked":"SKIP","floor":30},{"not_picked":["Blade Dance","Dagger Throw","Catalyst"],"picked":"SKIP","floor":31},{"not_picked":["Quick Slash+1","Dagger Spray","Flechettes+1"],"picked":"SKIP","floor":31},{"not_picked":["Wraith Form v2","Envenom"],"picked":"Burst","floor":33},{"not_picked":["Acrobatics","Cloak And Dagger"],"picked":"Catalyst+1","floor":35},{"not_picked":["Flying Knee+1","Expertise+1","Heel Hook"],"picked":"SKIP","floor":35},{"not_picked":["Deflect","Riddle With Holes"],"picked":"Escape Plan+1","floor":37},{"not_picked":["Infinite Blades","Poisoned Stab+1","Finisher"],"picked":"SKIP","floor":37},{"not_picked":["Dash","Dagger Spray"],"picked":"Leg Sweep+1","floor":38},{"not_picked":["Outmaneuver","Underhanded Strike","Poisoned Stab+1"],"picked":"SKIP","floor":38},{"not_picked":["Die Die Die","Masterful Stab"],"picked":"Prepared+1","floor":39},{"not_picked":["Bane+1","Quick Slash","Finisher+1"],"picked":"SKIP","floor":39},{"not_picked":["Cloak And Dagger","Skewer+1"],"picked":"Caltrops+1","floor":46},{"not_picked":["Quick Slash","Poisoned Stab+1"],"picked":"Footwork","floor":46},{"not_picked":["Dash","Sucker Punch+1","Predator"],"picked":"SKIP","floor":47},{"not_picked":["PiercingWail+1","Well Laid Plans","Infinite Blades+1"],"picked":"SKIP","floor":47},{"not_picked":["Outmaneuver","Die Die Die"],"picked":"Noxious Fumes+1","floor":48},{"not_picked":["Choke","Bane","Dagger Spray+1"],"picked":"SKIP","floor":48}],"player_experience":247546,"relics_obtained":[{"floor":5,"key":"FossilizedHelix"},{"floor":7,"key":"Prayer Wheel"},{"floor":9,"key":"Dream Catcher"},{"floor":10,"key":"Ornamental Fan"},{"floor":13,"key":"Pear"},{"floor":26,"key":"Bag of Preparation"},{"floor":30,"key":"Paper Crane"},{"floor":36,"key":"PreservedInsect"},{"floor":43,"key":"The Courier"}],"event_choices":[{"damage_healed":0,"gold_gain":0,"player_choice":"Box","damage_taken":0,"relics_obtained":["Sundial"],"max_hp_gain":0,"max_hp_loss":0,"event_name":"Big Fish","floor":2,"gold_loss":0,"cards_obtained":["Regret"]},{"damage_healed":0,"gold_gain":0,"player_choice":"Success","damage_taken":7,"relics_obtained":["Nunchaku"],"max_hp_gain":0,"max_hp_loss":0,"event_name":"Scrap Ooze","floor":3,"gold_loss":0},{"damage_healed":0,"gold_gain":0,"player_choice":"Relic","damage_taken":0,"max_hp_gain":0,"max_hp_loss":0,"event_name":"Wheel of Change","floor":5,"gold_loss":0},{"damage_healed":0,"gold_gain":0,"player_choice":"Ignored","damage_taken":0,"max_hp_gain":0,"max_hp_loss":0,"event_name":"Ghosts","floor":24,"gold_loss":0},{"damage_healed":0,"gold_gain":0,"player_choice":"0 cards matched","damage_taken":0,"max_hp_gain":0,"max_hp_loss":0,"event_name":"Match and Keep!","floor":28,"gold_loss":0,"cards_obtained":[]},{"damage_healed":0,"gold_gain":0,"player_choice":"Paid","damage_taken":0,"relics_obtained":["Red Mask"],"max_hp_gain":0,"max_hp_loss":0,"event_name":"Tomb of Lord Red Mask","floor":45,"gold_loss":39}],"is_beta":false,"boss_relics":[{"not_picked":["Calling Bell","Runic Pyramid"],"picked":"Philosopher\u0027s Stone"},{"not_picked":["Pandora\u0027s Box","Coffee Dripper"],"picked":"Cursed Key"}],"items_purged_floors":[27,41],"is_endless":false,"potions_floor_spawned":[7,16,30,31,33,37,38,39,47],"ascension_level":5}