{"path_per_floor":["M","?","$","M","?","E","M","R","T","R","M","R","E","$","R","B",null,"M","$","?","?","$","E","R","E","T","R","E","$","M","M","R","B",null,"M","?","$","M","?","E","R","M","T","M","M","M","R","$","R"],"character_chosen":"IRONCLAD","items_purchased":["Offering","Regen Potion","Block Potion"],"gold_per_floor":[112,112,37,47,47,76,90,90,116,116,135,135,168,2,2,105,105,117,37,37,37,37,62,62,93,93,93,121,21,32,45,45,142,142,157,157,37,49,0,32,32,51,51,61,77,89,89,50,50],"floor_reached":50,"campfire_rested":5,"playtime":2203,"current_hp_per_floor":[70,67,67,73,73,37,34,34,34,34,39,39,33,33,71,30,65,42,42,42,42,42,17,55,27,27,65,65,65,62,62,62,13,61,56,61,61,59,59,22,60,27,27,12,16,14,52,52,52],"items_purged":["Parasite","Defend_R","Defend_R","Strike_R"],"gold":50,"score":831,"play_id":"4b37a1ad-a469-4ead-bc7b-88700b8aad91","local_time":"20180318171703","is_prod":false,"is_daily":false,"is_ascension_mode":true,"campfire_upgraded":5,"timestamp":1521361023,"path_taken":["M","?","$","M","?","E","M","R","T","R","M","R","E","?","R","BOSS","M","?","?","?","?","E","R","E","T","R","E","$","M","?","R","BOSS","M","?","$","M","?","E","R","M","T","M","M","M","R","$","R","BOSS"],"build_version":"2018-03-15v3","purchased_purges":5,"victory":false,"master_deck":["Strike_R","Strike_R","Strike_R","Strike_R","Defend_R","Defend_R","Bash+1","Cleave+1","Flex","Offering","Thunderclap","Demon Form+1","Offering","Iron Wave","Warcry+1","Iron Wave","Flex","Offering","Whirlwind+1","Flex+1","Iron Wave+1","Intimidate","Battle Trance"],"max_hp_per_floor":[80,80,77,77,77,77,77,77,77,77,77,77,77,77,77,77,77,77,77,77,77,77,77,77,77,77,77,77,77,77,77,77,77,77,77,77,77,77,77,77,77,77,77,77,77,77,77,77,77],"relics":["Burning Blood","Regal Pillow","Ornamental Fan","Dream Catcher","Anchor","The Courier","White Beast Statue","Omamori","Letter Opener","Bird Faced Urn","Ginger","Mark of Pain","Red Mask","Darkstone Periapt","Gambling Chip"],"card_choices":[{"not_picked":["Intimidate","Clothesline"],"picked":"Cleave"},{"not_picked":["Dropkick","Armaments"],"picked":"Clash"},{"not_picked":["Anger","Cleave"],"picked":"Flex"},{"not_picked":["True Grit","Headbutt"],"picked":"Thunderclap"},{"not_picked":["Bludgeon","Berserk"],"picked":"Demon Form"},{"not_picked":["Power Through","Wild Strike"],"picked":"Iron Wave"},{"not_picked":["Combust","Shrug It Off"],"picked":"Warcry"},{"not_picked":["Sword Boomerang","Havoc"],"picked":"Iron Wave"},{"not_picked":["Iron Wave","Intimidate"],"picked":"Flex"},{"not_picked":["Impervious","Juggernaut"],"picked":"Offering"},{"not_picked":["Havoc","Headbutt"],"picked":"Whirlwind"},{"not_picked":["Spot Weakness","Perfected Strike"],"picked":"Flex"},{"not_picked":["Armaments","Anger"],"picked":"Iron Wave"},{"not_picked":["Twin Strike","Barricade"],"picked":"Intimidate"},{"not_picked":["Shrug It Off","Headbutt"],"picked":"Battle Trance"}],"player_experience":316418,"potions_floor_usage":[13,16,23,23,23,33,33,40,42,46,46,50,50],"damage_taken":[{"damage":8,"enemies":"2 Louse","floor":1,"turns":4},{"damage":0,"enemies":"Small Slimes","floor":4,"turns":3},{"damage":42,"enemies":"3 Sentries","floor":6,"turns":11},{"damage":9,"enemies":"Jaw Worm","floor":7,"turns":3},{"damage":1,"enemies":"Lots of Slimes","floor":11,"turns":4},{"damage":12,"enemies":"Gremlin Nob","floor":13,"turns":4},{"damage":59,"enemies":"Hexaghost","floor":16,"turns":9},{"damage":29,"enemies":"Spheric Guardian","floor":18,"turns":4},{"damage":31,"enemies":"Gremlin Leader","floor":23,"turns":5},{"damage":34,"enemies":"Book of Stabbing","floor":25,"turns":4},{"damage":8,"enemies":"Gremlin Leader","floor":28,"turns":4},{"damage":11,"enemies":"Shell Parasite","floor":30,"turns":3},{"damage":8,"enemies":"3 Cultists","floor":31,"turns":3},{"damage":57,"enemies":"Champ","floor":33,"turns":9},{"damage":13,"enemies":"3 Shapes","floor":35,"turns":6},{"damage":8,"enemies":"3 Darklings","floor":38,"turns":1},{"damage":45,"enemies":"Giant Head","floor":40,"turns":6},{"damage":39,"enemies":"Sphere and 2 Shapes","floor":42,"turns":3},{"damage":23,"enemies":"4 Shapes","floor":44,"turns":2},{"damage":4,"enemies":"3 Darklings","floor":45,"turns":2},{"damage":8,"enemies":"Sphere and 2 Shapes","floor":46,"turns":1},{"damage":57,"enemies":"Awakened One","floor":50,"turns":4}],"event_choices":[{"event_name":"Scrap Ooze","player_choice":"success","floor":2,"damage_taken":3},{"event_name":"The Cleric","player_choice":"Leave","floor":5,"damage_taken":0},{"event_name":"Addict","player_choice":"Ignored","floor":20,"damage_taken":0},{"event_name":"Duplicator","player_choice":"One dupe","floor":21,"damage_taken":0},{"event_name":"Bonfire Elementals","player_choice":"COMMON","floor":36,"damage_taken":0},{"event_name":"Tomb of Lord Red Mask","player_choice":"Paid","floor":39,"damage_taken":0}],"boss_relics":[{"not_picked":["Question Card","Calling Bell"],"picked":"White Beast Statue"},{"not_picked":["Velvet Choker","Black Star"],"picked":"Mark of Pain"}],"potions_floor_spawned":[1,11,16,18,23,25,28,30,31,33,35,38,40,42,44,45,46],"seed_played":"-8394858990830587704","killed_by":"Awakened One","ascension_level":11,"is_trial":false}