{"path_per_floor":["M","M","M","?","M","R","$","M","T","M","R","?","M","M","R","B",null,"M","M","?","M","M","R","M","R","T","?","M","?","$","?","R","B",null,"M","M","?","M","$","R","M"],"character_chosen":"IRONCLAD","items_purchased":["War Paint","Vajra"],"gold_per_floor":[115,125,145,145,157,157,82,102,102,117,117,117,129,142,142,239,239,256,267,267,282,299,299,316,316,316,216,230,230,230,230,230,334,334,350,366,366,383,73,73,93,93],"floor_reached":42,"campfire_rested":3,"playtime":2950,"current_hp_per_floor":[74,73,71,55,30,30,30,32,32,29,53,53,51,57,57,41,80,62,55,55,61,38,38,23,47,61,61,63,63,63,44,73,43,99,58,60,60,42,42,42,9,0],"items_purged":["Strike_R"],"gold":93,"score":480,"play_id":"68d5959e-84f2-430a-858e-828afc6025e7","local_time":"20180409183848","is_prod":false,"is_daily":false,"is_ascension_mode":true,"campfire_upgraded":4,"timestamp":1523291928,"path_taken":["M","M","M","?","M","R","?","M","T","M","R","?","M","M","R","BOSS","M","M","?","M","M","R","M","R","T","?","?","?","$","?","R","BOSS","M","M","?","M","$","R","M","E"],"build_version":"2018-04-05v2","purchased_purges":1,"victory":false,"master_deck":["Strike_R","Strike_R+1","Strike_R","Strike_R","Defend_R","Defend_R","Defend_R","Defend_R","Bash+1","Spot Weakness+1","Whirlwind+1","Clothesline+1","Battle Trance+1","Metallicize","Ghostly Armor","Twin Strike","Offering","Impervious","Shockwave+1","Seeing Red+1","Flame Barrier+1","Flex+1","True Grit+1","Headbutt"],"max_hp_per_floor":[80,80,80,80,80,80,80,80,80,80,80,80,80,80,80,80,80,80,80,80,80,80,80,80,80,94,94,94,94,94,99,99,99,99,99,99,99,99,99,99,99,99],"relics":["Burning Blood","Ice Cream","Runic Dome","Mango","Prayer Wheel","Philosopher\u0027s Stone","War Paint","Vajra"],"card_choices":[{"not_picked":["Shockwave","True Grit"],"picked":"Spot Weakness","floor":0.0},{"not_picked":["Iron Wave","Spot Weakness"],"picked":"Whirlwind","floor":1.0},{"not_picked":["Spot Weakness","Body Slam"],"picked":"Clothesline","floor":2.0},{"not_picked":["Burning Pact","Power Through"],"picked":"Battle Trance","floor":3.0},{"not_picked":["Burning Pact","Clash"],"picked":"Metallicize","floor":5.0},{"not_picked":["Havoc","Wild Strike"],"picked":"Ghostly Armor","floor":10.0},{"not_picked":["Hemokinesis","Clash"],"picked":"Twin Strike","floor":13.0},{"not_picked":["Second Wind","Warcry"],"picked":"Offering","floor":14.0},{"not_picked":["Dark Embrace","Barricade"],"picked":"Impervious","floor":16.0},{"not_picked":["Heavy Blade","Corruption"],"picked":"Seeing Red","floor":21},{"not_picked":["Wild Strike","True Grit"],"picked":"Flame Barrier","floor":24},{"not_picked":["Shockwave","Twin Strike"],"picked":"Flex","floor":28},{"not_picked":["Anger","Thunderclap"],"picked":"True Grit","floor":36},{"not_picked":["Clash","Clothesline"],"picked":"Headbutt","floor":38}],"player_experience":142947,"potions_floor_usage":[21,33,33,33,36,41],"damage_taken":[{"damage":12.0,"enemies":"Jaw Worm","floor":1.0,"turns":3.0},{"damage":7.0,"enemies":"Small Slimes","floor":2.0,"turns":4.0},{"damage":8.0,"enemies":"2 Louse","floor":3.0,"turns":2.0},{"damage":31.0,"enemies":"Exordium Thugs","floor":5.0,"turns":4.0},{"damage":4.0,"enemies":"Looter","floor":8.0,"turns":3.0},{"damage":9.0,"enemies":"Red Slaver","floor":10.0,"turns":5.0},{"damage":8.0,"enemies":"Lots of Slimes","floor":13.0,"turns":2.0},{"damage":0.0,"enemies":"Large Slime","floor":14.0,"turns":4.0},{"damage":22.0,"enemies":"Hexaghost","floor":16.0,"turns":9.0},{"damage":24.0,"enemies":"Spheric Guardian","floor":18.0,"turns":5.0},{"damage":13,"enemies":"3 Cultists","floor":19,"turns":3},{"damage":9,"enemies":"Snecko","floor":21,"turns":5},{"damage":29,"enemies":"Centurion and Healer","floor":22,"turns":4},{"damage":21,"enemies":"Snake Plant","floor":24,"turns":4},{"damage":4,"enemies":"Snecko","floor":28,"turns":3},{"damage":36,"enemies":"Champ","floor":33,"turns":12},{"damage":47,"enemies":"3 Shapes","floor":35,"turns":3},{"damage":4,"enemies":"Orb Walker","floor":36,"turns":3},{"damage":24,"enemies":"3 Darklings","floor":38,"turns":4},{"damage":39,"enemies":"Sphere and 2 Shapes","floor":41,"turns":5},{"damage":12,"enemies":"Giant Head","floor":42,"turns":5}],"event_choices":[{"event_name":"Shining Light","player_choice":"Entered Light","floor":4.0,"damage_taken":0.0},{"event_name":"The Lab","player_choice":"Got Potions","floor":12.0,"damage_taken":0.0},{"event_name":"The Library","player_choice":"Read","floor":20,"damage_taken":0},{"event_name":"Drug Dealer","player_choice":"Got JAXXED","floor":27,"damage_taken":0},{"event_name":"Addict","player_choice":"Gave JAX","floor":29,"damage_taken":0},{"event_name":"Forgotten Altar","player_choice":"Shed Blood","floor":31,"damage_taken":0},{"event_name":"Mysterious Sphere","player_choice":"Ignore","floor":37,"damage_taken":0}],"boss_relics":[{"not_picked":["Lizard Tail","Astrolabe"],"picked":"Philosopher\u0027s Stone"}],"potions_floor_spawned":[1,5,8,13,14,16,19,24,33,35,36],"seed_played":"290182658893389614","killed_by":"Giant Head","ascension_level":3,"is_trial":false}