{"gold_per_floor":[116,132,57,132,159,188,199,199,199,99,274,274,274],"floor_reached":13,"playtime":277,"items_purged":["Strike_R","Strike_R"],"score":85,"play_id":"4a71b3ce-cac8-4c39-8c29-6fbf19d38385","local_time":"20190128192051","is_ascension_mode":true,"campfire_choices":[{"data":"Bash","floor":8,"key":"SMITH"}],"neow_cost":"TEN_PERCENT_HP_LOSS","seed_source_timestamp":1699587805989915,"circlet_count":0,"master_deck":["Strike_R","Strike_R","Strike_R","Defend_R","Defend_R","Defend_R","Defend_R","Bash+1","Doubt"],"relics":["Burning Blood","Magic Flower","Ancient Tea Set","Meat on the Bone","Sundial","Golden Idol"],"potions_floor_usage":[6,13],"damage_taken":[{"damage":6,"enemies":"Cultist","floor":1,"turns":3},{"damage":10,"enemies":"Jaw Worm","floor":2,"turns":4},{"damage":67,"enemies":"Lagavulin","floor":6,"turns":11},{"damage":7,"enemies":"Small Slimes","floor":7,"turns":7},{"damage":34,"enemies":"Gremlin Nob","floor":13,"turns":5}],"seed_played":"-2039947064751832151","potions_obtained":[{"floor":1,"key":"BloodPotion"},{"floor":6,"key":"Dexterity Potion"},{"floor":7,"key":"EssenceOfSteel"}],"is_trial":false,"path_per_floor":["M","M","$","?","T","E","M","R","T","$","?","?","E"],"character_chosen":"IRONCLAD","items_purchased":[],"campfire_rested":0,"item_purchase_floors":[],"current_hp_per_floor":[72,71,71,60,60,13,33,33,33,33,33,33,0],"gold":274,"neow_bonus":"ONE_RARE_RELIC","is_prod":false,"is_daily":false,"chose_seed":false,"campfire_upgraded":1,"win_rate":0,"timestamp":1548721251,"path_taken":["M","?","$","?","?","E","M","R","T","$","?","?","E"],"build_version":"2019-01-23","purchased_purges":2,"victory":false,"max_hp_per_floor":[72,72,72,72,72,72,72,72,72,72,72,67,67],"card_choices":[{"not_picked":["Rage","Twin Strike","Headbutt"],"picked":"SKIP","floor":1},{"not_picked":["Headbutt","Heavy Blade","Dual Wield"],"picked":"SKIP","floor":2},{"not_picked":["Perfected Strike","Inflame","True Grit"],"picked":"SKIP","floor":6},{"not_picked":["Pummel","Headbutt","Searing Blow"],"picked":"SKIP","floor":7}],"player_experience":528250,"relics_obtained":[{"floor":5,"key":"Ancient Tea Set"},{"floor":6,"key":"Meat on the Bone"},{"floor":9,"key":"Sundial"}],"event_choices":[{"damage_healed":0,"gold_gain":75,"player_choice":"Gather Gold","damage_taken":11,"max_hp_gain":0,"max_hp_loss":0,"event_name":"World of Goop","floor":4,"gold_loss":0},{"damage_healed":0,"gold_gain":175,"player_choice":"AGREE","damage_taken":0,"max_hp_gain":0,"max_hp_loss":0,"event_name":"Liars Game","floor":11,"gold_loss":0,"cards_obtained":["Doubt"]},{"damage_healed":0,"gold_gain":0,"player_choice":"Lose Max HP","damage_taken":0,"relics_obtained":["Golden Idol"],"max_hp_gain":0,"max_hp_loss":5,"event_name":"Golden Idol","floor":12,"gold_loss":0}],"is_beta":true,"boss_relics":[],"items_purged_floors":[3,10],"is_endless":false,"potions_floor_spawned":[1,6,7],"killed_by":"Gremlin Nob","ascension_level":1}