{"gold_per_floor":[110,110,110,127,14,43,43,43,43,58,58,8,37,66,78,190,202,228,5,5,21,37,37,67,67,67,67,67,67,138,155,155,256,256,271,271,287,287,297,297,309,42,42,57,57,57,77,77,77,77],"floor_reached":51,"playtime":2315,"items_purged":["Defend_B"],"score":1042,"play_id":"771a894e-4db6-4e65-bcfd-9e9b2a2715cb","local_time":"20180920164315","is_ascension_mode":true,"campfire_choices":[{"floor":7,"key":"REST"},{"floor":11,"key":"REST"},{"floor":15,"key":"REST"},{"floor":23,"key":"REST"},{"data":"White Noise","floor":25,"key":"SMITH"},{"data":"Leap","floor":27,"key":"SMITH"},{"floor":32,"key":"REST"},{"floor":40,"key":"REST"},{"floor":46,"key":"REST"},{"floor":49,"key":"REST"}],"neow_cost":"NONE","seed_source_timestamp":511293860728615,"circlet_count":0,"master_deck":["Strike_B","Strike_B+1","Strike_B","Strike_B","Defend_B","Defend_B","Zap+1","Dualcast+1","Coolheaded+1","Coolheaded","Storm+1","Creative AI+1","Consume","Loop+1","Static Discharge+1","Biased Cognition+1","Hello World+1","Coolheaded+1","Leap+1","White Noise+1","Hologram+1","Creative AI+1","Coolheaded+1","Dark Shackles","Blind","Dark Shackles","Double Energy+1","Defragment+1","Defragment+1","Loop+1","Loop+1","Mayhem+1","Thunder Strike","Capacitor+1","Madness","Madness"],"relics":["Cracked Core","Frozen Egg 2","Question Card","Bottled Lightning","MawBank","Sozu","ClockworkSouvenir","Happy Flower","Boot","Cables","Lizard Tail","Turnip","Gambling Chip","Juzu Bracelet"],"potions_floor_usage":[22,22,50],"damage_taken":[{"damage":0,"enemies":"2 Louse","floor":1,"turns":3},{"damage":0,"enemies":"Small Slimes","floor":4,"turns":4},{"damage":30,"enemies":"3 Sentries","floor":6,"turns":11},{"damage":0,"enemies":"Cultist","floor":10,"turns":3},{"damage":8,"enemies":"Lagavulin","floor":13,"turns":6},{"damage":11,"enemies":"Large Slime","floor":14,"turns":4},{"damage":0,"enemies":"Slime Boss","floor":16,"turns":4},{"damage":1,"enemies":"Shell Parasite","floor":18,"turns":2},{"damage":20,"enemies":"2 Thieves","floor":21,"turns":3},{"damage":4,"enemies":"Shelled Parasite and Fungi","floor":22,"turns":4},{"damage":21,"enemies":"Book of Stabbing","floor":24,"turns":3},{"damage":0,"enemies":"Sentry and Sphere","floor":31,"turns":3},{"damage":3,"enemies":"Champ","floor":33,"turns":7},{"damage":15,"enemies":"3 Shapes","floor":35,"turns":4},{"damage":0,"enemies":"3 Darklings","floor":37,"turns":5},{"damage":0,"enemies":"Mind Bloom Boss Battle","floor":38,"turns":4},{"damage":23,"enemies":"Reptomancer","floor":39,"turns":4},{"damage":0,"enemies":"Transient","floor":41,"turns":5},{"damage":6,"enemies":"Spire Growth","floor":44,"turns":4},{"damage":11,"enemies":"4 Shapes","floor":47,"turns":3},{"damage":23,"enemies":"Awakened One","floor":50,"turns":7}],"seed_played":"4951594800043420207","potions_obtained":[{"floor":6,"key":"SkillPotion"},{"floor":10,"key":"Weak Potion"},{"floor":14,"key":"SkillPotion"}],"is_trial":false,"path_per_floor":["M","?","?","M","$","E","R","?","T","M","R","?","E","M","R","B",null,"M","$","?","M","M","R","E","R","T","R","$","?","T","M","R","B",null,"M","?","M","?","M","R","M","$","T","M","T","R","M","?","R","B"],"character_chosen":"DEFECT","items_purchased":["Storm+1","ClockworkSouvenir","Hello World+1","Loop+1","Mayhem+1"],"campfire_rested":8,"item_purchase_floors":[5,19,19,42,42],"current_hp_per_floor":[68,53,41,41,41,11,33,33,33,33,55,55,47,36,58,58,71,70,70,70,50,46,68,47,47,47,47,47,47,47,47,69,66,73,58,48,48,48,25,47,47,47,47,41,41,63,52,43,65,49],"gold":77,"neow_bonus":"UPGRADE_CARD","is_prod":false,"is_daily":false,"chose_seed":false,"campfire_upgraded":2,"win_rate":0,"timestamp":1537476195,"path_taken":["M","?","?","M","$","E","R","?","T","?","R","?","E","M","R","BOSS","M","?","?","M","M","R","E","R","T","R","$","?","?","M","R","BOSS","M","?","M","?","M","R","M","$","T","M","?","R","M","?","R","BOSS"],"build_version":"2018-09-06","purchased_purges":1,"victory":true,"max_hp_per_floor":[75,75,75,75,75,75,75,75,75,75,75,75,75,75,75,75,75,75,75,75,75,75,75,75,75,75,75,75,75,75,75,75,75,75,75,75,75,75,75,75,75,75,75,75,75,75,75,75,75,75],"card_choices":[{"not_picked":["Rebound","Beam Cell"],"picked":"Coolheaded","floor":1},{"not_picked":["Darkness","Double Energy"],"picked":"Coolheaded","floor":4},{"not_picked":["Compile Driver","Storm+1"],"picked":"Creative AI+1","floor":6},{"not_picked":["Conserve Battery","Genetic Algorithm","Chill"],"picked":"Consume","floor":10},{"not_picked":["Beam Cell","Double Energy","Turbo"],"picked":"Loop+1","floor":13},{"not_picked":["Consume","Beam Cell","Sweeping Beam"],"picked":"Static Discharge+1","floor":14},{"not_picked":["Hyperbeam","Reboot","Core Surge"],"picked":"Biased Cognition+1","floor":16},{"not_picked":["Ball Lightning","Genetic Algorithm","Redo","Go for the Eyes"],"picked":"SKIP","floor":18},{"not_picked":["Rebound","Ball Lightning","Conserve Battery+1"],"picked":"Coolheaded+1","floor":21},{"not_picked":["Hologram","Ball Lightning","Barrage"],"picked":"Leap","floor":22},{"not_picked":["Rebound","All For One","Redo+1"],"picked":"White Noise","floor":24},{"not_picked":["Beam Cell","Redo+1","All For One"],"picked":"Hologram+1","floor":31},{"not_picked":["Echo Form+1","Core Surge","Multi-Cast"],"picked":"Creative AI+1","floor":33},{"not_picked":["Sweeping Beam+1","Rebound+1","Go for the Eyes"],"picked":"Coolheaded+1","floor":35},{"not_picked":["Finesse","Secret Weapon","Metamorphosis"],"picked":"Dark Shackles","floor":36},{"not_picked":["Secret Weapon","Finesse","Good Instincts"],"picked":"Blind","floor":36},{"not_picked":["Secret Technique","Transmutation","Jack Of All Trades"],"picked":"Dark Shackles","floor":36},{"not_picked":["Rebound+1","Reprogram","Steam+1"],"picked":"Double Energy+1","floor":37},{"not_picked":["Compile Driver+1","Barrage+1","Conserve Battery+1"],"picked":"Defragment+1","floor":38},{"not_picked":["Darkness+1","Hello World+1","Tempest"],"picked":"Defragment+1","floor":39},{"not_picked":["Sweeping Beam","Steam Power","Tempest"],"picked":"Loop+1","floor":41},{"not_picked":["Compile Driver+1","Sweeping Beam+1","Gash"],"picked":"Thunder Strike","floor":44},{"not_picked":["Scrape","Streamline+1","Steam Power"],"picked":"Capacitor+1","floor":47}],"player_experience":213551,"relics_obtained":[{"floor":6,"key":"Question Card"},{"floor":9,"key":"Bottled Lightning"},{"floor":13,"key":"MawBank"},{"floor":24,"key":"Happy Flower"},{"floor":26,"key":"Boot"},{"floor":30,"key":"Cables"},{"floor":38,"key":"Turnip"},{"floor":43,"key":"Gambling Chip"},{"floor":45,"key":"Juzu Bracelet"}],"event_choices":[{"event_name":"Shining Light","player_choice":"Entered Light","floor":2,"damage_taken":0},{"event_name":"Scrap Ooze","player_choice":"success","floor":3,"damage_taken":12},{"event_name":"Upgrade Shrine","player_choice":"Upgraded","floor":8,"damage_taken":0},{"event_name":"The Cleric","player_choice":"Card Removal","floor":12,"damage_taken":0},{"event_name":"Beggar","player_choice":"Ignored","floor":20,"damage_taken":0},{"event_name":"Cursed Tome","player_choice":"Ignored","floor":29,"damage_taken":0},{"event_name":"SensoryStone","player_choice":"Memory 3","floor":36,"damage_taken":0},{"event_name":"MindBloom","player_choice":"Fight","floor":38,"damage_taken":0},{"event_name":"Winding Halls","player_choice":"Embrace Madness","floor":48,"damage_taken":0}],"is_beta":false,"boss_relics":[{"not_picked":["Eternal Feather","FrozenCore"],"picked":"Sozu"},{"not_picked":["Black Star","Calling Bell"],"picked":"Lizard Tail"}],"items_purged_floors":[5],"is_endless":false,"potions_floor_spawned":[6,10,14,21,31,38,39,44],"ascension_level":8}