{"gold_per_floor":[211,211,18,37,37,37,37,55,55,55,85,101,112,42,42,42],"floor_reached":16,"playtime":636,"items_purged":["Defend_R"],"score":105,"play_id":"8005f9e1-526d-450a-b358-1f72bb044b28","local_time":"20190303084937","is_ascension_mode":true,"campfire_choices":[{"data":"Infernal Blade","floor":6,"key":"SMITH"},{"data":"Infernal Blade","floor":15,"key":"SMITH"}],"neow_cost":"NONE","seed_source_timestamp":50578351222041,"circlet_count":0,"master_deck":["Strike_R","Strike_R","Strike_R","Strike_R","Strike_R","Defend_R+1","Defend_R","Bash","Infernal Blade+1","Whirlwind","Armaments+1","Headbutt","Regret","Corruption","Thunderclap","Bloodletting","Perfected Strike","Infernal Blade+1"],"relics":["Burning Blood","Potion Belt","Omamori","War Paint","Bag of Marbles"],"potions_floor_usage":[16,16],"damage_taken":[{"damage":1,"enemies":"Cultist","floor":1,"turns":3},{"damage":4,"enemies":"2 Louse","floor":4,"turns":3},{"damage":11,"enemies":"Jaw Worm","floor":8,"turns":2},{"damage":8,"enemies":"Gremlin Nob","floor":11,"turns":3},{"damage":20,"enemies":"2 Fungi Beasts","floor":12,"turns":4},{"damage":20,"enemies":"Exordium Wildlife","floor":13,"turns":4},{"damage":53,"enemies":"The Guardian","floor":16,"turns":5}],"seed_played":"8544224055684572067","potions_obtained":[{"floor":1,"key":"Explosive Potion"},{"floor":11,"key":"Regen Potion"}],"is_trial":false,"path_per_floor":["M","?","$","M","$","R","?","M","T","?","E","M","M","$","R","B"],"character_chosen":"IRONCLAD","items_purchased":["Whirlwind","Armaments","Infernal Blade"],"campfire_rested":0,"item_purchase_floors":[3,3,14],"current_hp_per_floor":[80,73,73,75,75,75,75,70,70,67,65,51,37,37,37,0],"gold":42,"neow_bonus":"HUNDRED_GOLD","is_prod":false,"is_daily":false,"chose_seed":false,"campfire_upgraded":2,"win_rate":0,"timestamp":1551570577,"path_taken":["M","?","$","M","$","R","?","?","T","?","E","M","M","?","R","BOSS"],"build_version":"2019-01-23","purchased_purges":1,"victory":false,"max_hp_per_floor":[80,80,80,80,80,80,80,80,80,80,80,80,80,80,80,80],"card_choices":[{"not_picked":["Sever Soul","Shrug It Off"],"picked":"Infernal Blade","floor":1},{"not_picked":["True Grit","Blood for Blood"],"picked":"Headbutt","floor":4},{"not_picked":["Body Slam","True Grit"],"picked":"Corruption","floor":8},{"not_picked":["Sword Boomerang","Heavy Blade"],"picked":"Thunderclap","floor":11},{"not_picked":["Second Wind","Fire Breathing"],"picked":"Bloodletting","floor":12},{"not_picked":["Warcry","Shockwave"],"picked":"Perfected Strike","floor":13}],"player_experience":14186,"relics_obtained":[{"floor":9,"key":"Omamori"},{"floor":11,"key":"Bag of Marbles"}],"event_choices":[{"cards_removed":["Defend_R"],"damage_healed":0,"gold_gain":0,"player_choice":"Card Removal","damage_taken":7,"max_hp_gain":0,"max_hp_loss":0,"event_name":"Golden Wing","floor":2,"gold_loss":0},{"damage_healed":0,"gold_gain":0,"player_choice":"Box","damage_taken":0,"relics_obtained":["Potion Belt"],"max_hp_gain":0,"max_hp_loss":0,"event_name":"Big Fish","floor":7,"gold_loss":0,"cards_obtained":["Regret"]},{"damage_healed":0,"gold_gain":0,"player_choice":"Success","damage_taken":3,"relics_obtained":["War Paint"],"max_hp_gain":0,"max_hp_loss":0,"event_name":"Scrap Ooze","floor":10,"gold_loss":0}],"is_beta":false,"boss_relics":[],"items_purged_floors":[3],"is_endless":false,"potions_floor_spawned":[1,11],"killed_by":"The Guardian","ascension_level":1}