{"gold_per_floor":[113,263,188,200,96,130,144,175,175,194,194,224,224,240,240,319,319,331,351,276,82,82,138,138,168,168,188,188,219,235,245,245,245],"floor_reached":33,"playtime":1430,"items_purged":["Strike_B","Defend_B"],"score":630,"play_id":"50021300-41b9-413e-8803-76510fa7cbb5","local_time":"20190219220853","is_ascension_mode":true,"campfire_choices":[{"data":"Streamline","floor":11.0,"key":"SMITH"},{"data":"Fission","floor":13.0,"key":"SMITH"},{"data":"Zap","floor":15.0,"key":"SMITH"},{"data":"Sweeping Beam","floor":24,"key":"SMITH"},{"data":"Rainbow","floor":32,"key":"SMITH"}],"neow_cost":"NONE","seed_source_timestamp":170447132404974,"circlet_count":0,"master_deck":["AscendersBane","Strike_B","Defend_B","Defend_B","Defend_B","Zap+1","Dualcast","Streamline+1","Go for the Eyes","Cold Snap","Ball Lightning","Lockon","Ball Lightning+1","Leap","Fission+1","Aggregate","Fission","Leap","Sweeping Beam+1","Bandage Up","RitualDagger+1","Recycle","Rainbow+1","Skim","Glacier","Glacier"],"special_seed":0,"relics":["Cracked Core","NeowsBlessing","Dodecahedron","Art of War","Meat on the Bone","Omamori","Cursed Key","Tiny Chest","Mummified Hand","Whetstone","Pantograph"],"potions_floor_usage":[23,23,27,29],"damage_taken":[{"damage":0.0,"enemies":"Cultist","floor":1.0,"turns":1.0},{"damage":0.0,"enemies":"2 Louse","floor":4.0,"turns":1.0},{"damage":0.0,"enemies":"3 Sentries","floor":6.0,"turns":1.0},{"damage":4.0,"enemies":"Small Slimes","floor":7.0,"turns":3.0},{"damage":28.0,"enemies":"Gremlin Nob","floor":8.0,"turns":4.0},{"damage":5.0,"enemies":"2 Fungi Beasts","floor":10.0,"turns":3.0},{"damage":11.0,"enemies":"Lagavulin","floor":12.0,"turns":4.0},{"damage":3.0,"enemies":"Gremlin Gang","floor":14.0,"turns":4.0},{"damage":26.0,"enemies":"The Guardian","floor":16.0,"turns":9.0},{"damage":18.0,"enemies":"Shell Parasite","floor":18.0,"turns":8.0},{"damage":19.0,"enemies":"2 Thieves","floor":19.0,"turns":4.0},{"damage":24,"enemies":"Book of Stabbing","floor":23,"turns":4},{"damage":14,"enemies":"Gremlin Leader","floor":25,"turns":8},{"damage":6,"enemies":"Centurion and Healer","floor":27,"turns":7},{"damage":6,"enemies":"Book of Stabbing","floor":29,"turns":4},{"damage":13,"enemies":"Snecko","floor":30,"turns":4},{"damage":24,"enemies":"3 Cultists","floor":31,"turns":7},{"damage":67,"enemies":"Automaton","floor":33,"turns":8}],"seed_played":"-3161892684410938422","potions_obtained":[{"floor":1.0,"key":"Block Potion"},{"floor":7.0,"key":"FocusPotion"},{"floor":10.0,"key":"Weak Potion"},{"floor":12.0,"key":"AttackPotion"},{"floor":18.0,"key":"EntropicBrew"},{"floor":23,"key":"GamblersBrew"},{"floor":25,"key":"FocusPotion"},{"floor":27,"key":"Dexterity Potion"}],"is_trial":false,"path_per_floor":["M","?","?","M","$","E","M","E","T","M","R","E","R","M","R","B",null,"M","M","?","$","?","E","R","E","T","M","?","E","M","M","R","B"],"character_chosen":"DEFECT","items_purchased":["Cold Snap","Bandage Up"],"campfire_rested":0,"item_purchase_floors":[5,21],"current_hp_per_floor":[64,64,64,64,64,64,60,32,32,39,39,40,40,37,37,23,59,41,34,34,34,28,20,20,22,22,32,32,42,45,37,37,0],"gold":245,"neow_bonus":"THREE_ENEMY_KILL","is_prod":false,"is_daily":false,"chose_seed":false,"campfire_upgraded":5,"win_rate":0,"timestamp":1550632133,"path_taken":["M","?","?","M","$","E","M","E","T","M","R","E","R","M","R","BOSS","M","M","?","$","?","E","R","E","T","M","?","E","M","M","R","BOSS"],"build_version":"2019-01-23","purchased_purges":2,"victory":false,"max_hp_per_floor":[71,71,71,71,71,71,71,71,71,71,71,71,71,71,71,71,71,71,71,71,71,71,71,71,71,71,71,71,71,71,71,71,71],"card_choices":[{"not_picked":["Capacitor","Leap"],"picked":"Streamline","floor":1.0},{"not_picked":["Gash","Barrage"],"picked":"Go for the Eyes","floor":4.0},{"not_picked":["Sweeping Beam","Rebound"],"picked":"Ball Lightning","floor":6.0},{"not_picked":["Doom and Gloom","White Noise"],"picked":"Lockon","floor":7.0},{"not_picked":["Hologram","Redo"],"picked":"Ball Lightning","floor":8.0},{"not_picked":["Streamline","Redo"],"picked":"Leap","floor":10.0},{"not_picked":["Hello World","Conserve Battery"],"picked":"Fission","floor":12.0},{"not_picked":["Barrage","Conserve Battery"],"picked":"Aggregate","floor":14.0},{"not_picked":["Thunder Strike","Creative AI"],"picked":"Fission","floor":16.0},{"not_picked":["Redo","Reinforced Body"],"picked":"Leap","floor":18.0},{"not_picked":["Turbo","Reprogram"],"picked":"Sweeping Beam","floor":19.0},{"not_picked":["Leap","Scrape"],"picked":"Recycle","floor":23},{"not_picked":["Capacitor","Darkness"],"picked":"Rainbow","floor":25},{"not_picked":["Double Energy","Ball Lightning"],"picked":"Skim","floor":27},{"not_picked":["Rip and Tear","Hyperbeam"],"picked":"Glacier","floor":29},{"not_picked":["Cold Snap","Redo+1"],"picked":"Glacier","floor":30},{"not_picked":["Coolheaded","Barrage","Glacier"],"picked":"SKIP","floor":31}],"player_experience":515312,"relics_obtained":[{"floor":6.0,"key":"Dodecahedron"},{"floor":8.0,"key":"Art of War"},{"floor":9.0,"key":"Meat on the Bone"},{"floor":12.0,"key":"Omamori"},{"floor":23,"key":"Tiny Chest"},{"floor":25,"key":"Mummified Hand"},{"floor":26,"key":"Whetstone"},{"floor":29,"key":"Pantograph"}],"event_choices":[{"damage_healed":0.0,"max_hp_gain":0.0,"max_hp_loss":0.0,"gold_gain":150.0,"event_name":"Liars Game","player_choice":"AGREE","floor":2.0,"gold_loss":0.0,"damage_taken":0.0,"cards_obtained":["Doubt"]},{"cards_removed":["Doubt"],"damage_healed":0.0,"max_hp_gain":0.0,"max_hp_loss":0.0,"gold_gain":0.0,"event_name":"The Cleric","player_choice":"Card Removal","floor":3.0,"gold_loss":75.0,"damage_taken":0.0},{"cards_removed":["Strike_B"],"damage_healed":0.0,"max_hp_gain":0.0,"max_hp_loss":0.0,"gold_gain":0.0,"event_name":"Beggar","player_choice":"Gave Gold","floor":20.0,"gold_loss":75.0,"damage_taken":0.0},{"damage_healed":0.0,"max_hp_gain":0.0,"max_hp_loss":0.0,"gold_gain":0.0,"event_name":"Nest","player_choice":"Joined the Cult","floor":22.0,"gold_loss":0.0,"damage_taken":6.0,"cards_obtained":["RitualDagger"]},{"cards_removed":["Strike_B"],"damage_healed":0,"gold_gain":0,"player_choice":"Purged","damage_taken":0,"max_hp_gain":0,"max_hp_loss":0,"event_name":"Purifier","floor":28,"gold_loss":0}],"is_beta":false,"boss_relics":[{"not_picked":["Velvet Choker","Philosopher\u0027s Stone"],"picked":"Cursed Key"}],"items_purged_floors":[5,21],"is_endless":false,"potions_floor_spawned":[1,7,10,12,18,23,25,27],"killed_by":"Automaton","ascension_level":16}