{"gold_per_floor":[110,110,110,122,142,168,168,203,203,213,228,303,303,113,113,214,214,232,332,332,347,297,297,297,297,324,344,371,402,435,435,435,536,536,556,556,573,573,112,112,142,142,190,37,55,88,106,119,119,119],"floor_reached":51,"playtime":2863,"items_purged":["Strike_R","Strike_R","Strike_R"],"score":1414,"play_id":"374f0a89-ca0e-4b97-bc08-dc6e139537cc","local_time":"20190308184659","is_ascension_mode":true,"campfire_choices":[{"data":"Bash","floor":7,"key":"SMITH"},{"floor":15,"key":"REST"},{"data":"Whirlwind","floor":23,"key":"SMITH"},{"floor":25,"key":"REST"},{"data":"Anger","floor":32,"key":"SMITH"},{"data":"Second Wind","floor":40,"key":"SMITH"},{"data":"Warcry","floor":42,"key":"SMITH"},{"data":"Dark Shackles","floor":49,"key":"SMITH"}],"neow_cost":"NONE","seed_source_timestamp":665167941466074,"circlet_count":0,"master_deck":["AscendersBane","Strike_R","Defend_R","Defend_R","Defend_R","Defend_R","Bash+1","Corruption+1","Cleave","Anger+1","Impervious","Whirlwind+1","Flame Barrier","Shrug It Off","Dark Shackles+1","Impervious","Anger","Warcry","Feel No Pain+1","Armaments+1","Anger+1","Impervious","Inflame+1","Feel No Pain+1","Immolate","Warcry+1","Warcry+1","Second Wind+1","Shrug It Off","Armaments+1","Parasite","Shrug It Off","Body Slam+1","Warcry+1"],"relics":["Burning Blood","NeowsBlessing","Smiling Mask","Dead Branch","Ornamental Fan","StoneCalendar","Mark of Pain","Incense Burner","Frozen Egg 2","GremlinMask","Happy Flower","Mummified Hand","Red Mask","Art of War","Black Star","Mango","Self Forming Clay","Centennial Puzzle","Ancient Tea Set","Vajra","Blood Vial","Molten Egg 2"],"potions_floor_usage":[6,8,19,28,29,46,50,50],"damage_taken":[{"damage":0,"enemies":"Small Slimes","floor":1,"turns":1},{"damage":0,"enemies":"2 Louse","floor":4,"turns":1},{"damage":0,"enemies":"Cultist","floor":5,"turns":1},{"damage":30,"enemies":"Gremlin Nob","floor":6,"turns":4},{"damage":24,"enemies":"Lagavulin","floor":8,"turns":6},{"damage":6,"enemies":"Looter","floor":10,"turns":2},{"damage":0,"enemies":"3 Louse","floor":11,"turns":1},{"damage":2,"enemies":"Hexaghost","floor":16,"turns":7},{"damage":0,"enemies":"Chosen","floor":18,"turns":4},{"damage":3,"enemies":"Colosseum Slavers","floor":19,"turns":3},{"damage":22,"enemies":"Colosseum Nobs","floor":19,"turns":6},{"damage":12,"enemies":"Shell Parasite","floor":21,"turns":5},{"damage":0,"enemies":"Snecko","floor":27,"turns":5},{"damage":0,"enemies":"Gremlin Leader","floor":28,"turns":5},{"damage":0,"enemies":"Masked Bandits","floor":29,"turns":6},{"damage":3,"enemies":"Slavers","floor":30,"turns":3},{"damage":3,"enemies":"Champ","floor":33,"turns":5},{"damage":6,"enemies":"3 Shapes","floor":35,"turns":4},{"damage":7,"enemies":"Orb Walker","floor":37,"turns":4},{"damage":5,"enemies":"Giant Head","floor":41,"turns":9},{"damage":10,"enemies":"Writhing Mass","floor":45,"turns":5},{"damage":6,"enemies":"Nemesis","floor":46,"turns":5},{"damage":2,"enemies":"3 Darklings","floor":47,"turns":5},{"damage":6,"enemies":"Jaw Worm Horde","floor":48,"turns":4},{"damage":26,"enemies":"Awakened One","floor":50,"turns":6}],"seed_played":"2151127891828552853","potions_obtained":[{"floor":4,"key":"GamblersBrew"},{"floor":5,"key":"Energy Potion"},{"floor":10,"key":"GamblersBrew"},{"floor":11,"key":"Block Potion"},{"floor":19,"key":"Ancient Potion"},{"floor":27,"key":"Explosive Potion"},{"floor":30,"key":"AttackPotion"},{"floor":35,"key":"Energy Potion"},{"floor":36,"key":"Dexterity Potion"},{"floor":45,"key":"PowerPotion"},{"floor":46,"key":"Block Potion"}],"is_trial":false,"path_per_floor":["M","?","?","M","M","E","R","E","T","M","M","?","?","$","R","B",null,"M","?","?","M","$","R","?","R","T","M","E","?","E","?","R","B",null,"M","?","M","?","$","R","E","R","T","$","M","E","M","M","R","B",null],"character_chosen":"IRONCLAD","items_purchased":["Shrug It Off","Dark Shackles","Second Wind","Shrug It Off","Mango","Vajra"],"campfire_rested":2,"item_purchase_floors":[14,14,39,39,39,44],"current_hp_per_floor":[78,78,78,80,80,56,56,38,38,38,44,33,15,15,39,43,71,77,64,64,58,58,58,43,68,68,74,80,85,85,85,85,85,85,85,85,84,84,98,98,99,99,99,99,95,95,99,99,99,79],"gold":119,"neow_bonus":"THREE_ENEMY_KILL","is_prod":false,"is_daily":false,"chose_seed":false,"campfire_upgraded":6,"win_rate":0,"timestamp":1552088819,"path_taken":["M","?","?","?","M","E","R","E","T","M","M","?","?","$","R","BOSS","M","?","?","?","$","R","?","R","T","M","E","?","E","?","R","BOSS","M","?","?","?","$","R","E","R","T","$","M","E","M","?","R","BOSS"],"build_version":"2019-01-23","purchased_purges":3,"victory":true,"max_hp_per_floor":[80,80,80,80,80,80,80,80,80,80,80,80,80,80,80,80,80,80,80,80,80,80,80,85,85,85,85,85,85,85,85,85,85,85,85,85,85,85,99,99,99,99,99,99,99,99,99,99,99,99],"card_choices":[{"not_picked":["Heavy Blade","Shrug It Off"],"picked":"Corruption","floor":1},{"not_picked":["Corruption","Flex"],"picked":"Cleave","floor":4},{"not_picked":["True Grit","Warcry"],"picked":"Anger","floor":5},{"not_picked":["Flex","Headbutt"],"picked":"Impervious","floor":6},{"not_picked":["Heavy Blade","Shockwave"],"picked":"Whirlwind","floor":8},{"not_picked":["Whirlwind","Sever Soul","Twin Strike"],"picked":"SKIP","floor":10},{"not_picked":["Thunderclap","Burning Pact"],"picked":"Flame Barrier","floor":11},{"not_picked":["Limit Break","Exhume"],"picked":"Impervious","floor":16},{"not_picked":["Power Through","Heavy Blade+1"],"picked":"Anger","floor":18},{"not_picked":["Havoc","Clash"],"picked":"Warcry","floor":19},{"not_picked":["Perfected Strike","Blood for Blood"],"picked":"Feel No Pain+1","floor":21},{"not_picked":["Perfected Strike+1","Metallicize+1"],"picked":"Armaments+1","floor":27},{"not_picked":["Pummel+1","Ghostly Armor"],"picked":"Anger+1","floor":28},{"not_picked":["Warcry","Intimidate+1"],"picked":"Impervious","floor":29},{"not_picked":["Perfected Strike+1","Uppercut"],"picked":"Inflame+1","floor":30},{"not_picked":["Demon Form+1","Juggernaut+1"],"picked":"Immolate","floor":33},{"not_picked":["Cleave","Rupture+1"],"picked":"Warcry","floor":35},{"not_picked":["Heavy Blade","Flex+1"],"picked":"Warcry+1","floor":37},{"not_picked":["Anger+1","Wild Strike"],"picked":"Armaments+1","floor":41},{"not_picked":["Blood for Blood+1","Heavy Blade+1"],"picked":"Shrug It Off","floor":45},{"not_picked":["Thunderclap","Sword Boomerang","Havoc"],"picked":"SKIP","floor":46},{"not_picked":["Headbutt+1","Iron Wave+1"],"picked":"Body Slam+1","floor":47},{"not_picked":["Brutality+1","Shockwave"],"picked":"Warcry+1","floor":48}],"player_experience":279996,"relics_obtained":[{"floor":6,"key":"Smiling Mask"},{"floor":8,"key":"Dead Branch"},{"floor":9,"key":"Ornamental Fan"},{"floor":19,"key":"Incense Burner"},{"floor":19,"key":"Frozen Egg 2"},{"floor":26,"key":"Happy Flower"},{"floor":28,"key":"Mummified Hand"},{"floor":29,"key":"Red Mask"},{"floor":30,"key":"Art of War"},{"floor":41,"key":"Self Forming Clay"},{"floor":41,"key":"Centennial Puzzle"},{"floor":43,"key":"Ancient Tea Set"},{"floor":46,"key":"Blood Vial"},{"floor":46,"key":"Molten Egg 2"}],"event_choices":[{"damage_healed":0,"gold_gain":0,"player_choice":"Grow","damage_taken":0,"max_hp_gain":0,"max_hp_loss":0,"event_name":"Living Wall","floor":2,"gold_loss":0,"cards_upgraded":["Corruption"]},{"cards_removed":["Strike_R"],"damage_healed":0,"gold_gain":0,"player_choice":"Offered Basic","damage_taken":0,"max_hp_gain":0,"max_hp_loss":0,"event_name":"Bonfire Elementals","floor":3,"gold_loss":0},{"damage_healed":0,"gold_gain":75,"player_choice":"Gather Gold","damage_taken":11,"max_hp_gain":0,"max_hp_loss":0,"event_name":"World of Goop","floor":12,"gold_loss":0},{"damage_healed":0,"gold_gain":0,"player_choice":"Success","damage_taken":18,"relics_obtained":["StoneCalendar"],"max_hp_gain":0,"max_hp_loss":0,"event_name":"Scrap Ooze","floor":13,"gold_loss":0},{"damage_healed":0,"gold_gain":0,"player_choice":"Fight","damage_taken":0,"max_hp_gain":0,"max_hp_loss":0,"event_name":"Colosseum","floor":19,"gold_loss":0},{"damage_healed":0,"gold_gain":0,"player_choice":"Fought Nobs","damage_taken":0,"max_hp_gain":0,"max_hp_loss":0,"event_name":"Colosseum","floor":19,"gold_loss":0},{"damage_healed":0,"gold_gain":0,"player_choice":"Trade","damage_taken":0,"relics_obtained":["GremlinMask"],"max_hp_gain":0,"max_hp_loss":0,"event_name":"FaceTrader","floor":20,"gold_loss":0},{"damage_healed":0,"gold_gain":0,"player_choice":"Shed Blood","damage_taken":20,"max_hp_gain":5,"max_hp_loss":0,"event_name":"Forgotten Altar","floor":24,"gold_loss":0},{"damage_healed":0,"gold_gain":0,"player_choice":"Fought Bandits","damage_taken":0,"max_hp_gain":0,"max_hp_loss":0,"event_name":"Masked Bandits","floor":29,"gold_loss":0},{"damage_healed":0,"gold_gain":0,"player_choice":"Read","damage_taken":0,"max_hp_gain":0,"max_hp_loss":0,"event_name":"The Library","floor":31,"gold_loss":0,"cards_obtained":["Feel No Pain"]},{"damage_healed":0,"gold_gain":0,"player_choice":"Got Potions","damage_taken":0,"max_hp_gain":0,"max_hp_loss":0,"event_name":"Lab","floor":36,"gold_loss":0},{"damage_healed":0,"gold_gain":0,"player_choice":"Ignored","damage_taken":0,"max_hp_gain":0,"max_hp_loss":0,"event_name":"SecretPortal","floor":38,"gold_loss":0}],"is_beta":false,"boss_relics":[{"not_picked":["Busted Crown","Eternal Feather"],"picked":"Mark of Pain"},{"not_picked":["Calling Bell","Coffee Dripper"],"picked":"Black Star"}],"items_purged_floors":[14,22,39],"is_endless":false,"potions_floor_spawned":[4,5,10,11,19,19,27,30,35,45,46],"ascension_level":10}