{"gold_per_floor":[14,31,31,41,41,41,54,54,54,85,85,85,108,137,137,137],"floor_reached":16,"playtime":647,"items_purged":[],"score":200,"play_id":"f0cbcd61-9829-4dcc-b7d7-d9d7836c3b5f","local_time":"20180921225625","is_ascension_mode":true,"campfire_choices":[{"data":"Neutralize","floor":6.0,"key":"SMITH"},{"floor":8.0,"key":"REST"},{"floor":12,"key":"REST"},{"floor":15,"key":"REST"}],"neow_cost":"NO_GOLD","seed_source_timestamp":38749311210192,"circlet_count":0,"master_deck":["Defend_G","Defend_G","Defend_G","Defend_G","Defend_G","Strike_G","Strike_G","Strike_G","Strike_G","Survivor","Neutralize+1","AscendersBane","Grand Finale","Slice","Backflip","Acrobatics","Tactician","Expertise"],"special_seed":0,"relics":["Ring of the Snake","Juzu Bracelet","Odd Mushroom","Pen Nib"],"potions_floor_usage":[10,10,14,16],"damage_taken":[{"damage":5.0,"enemies":"Small Slimes","floor":1.0,"turns":5.0},{"damage":0.0,"enemies":"2 Louse","floor":2.0,"turns":3.0},{"damage":11.0,"enemies":"Jaw Worm","floor":4.0,"turns":9.0},{"damage":31.0,"enemies":"Large Slime","floor":7.0,"turns":10.0},{"damage":21,"enemies":"3 Sentries","floor":10,"turns":11},{"damage":0,"enemies":"The Mushroom Lair","floor":13,"turns":2},{"damage":21,"enemies":"Lagavulin","floor":14,"turns":7},{"damage":14,"enemies":"The Guardian","floor":16,"turns":9}],"seed_played":"6315503170006337472","potions_obtained":[{"floor":2.0,"key":"Poison Potion"},{"floor":7.0,"key":"PowerPotion"},{"floor":10,"key":"Strength Potion"},{"floor":14,"key":"PowerPotion"}],"is_trial":false,"path_per_floor":["M","M","?","M","$","R","M","R","T","E","?","R","?","E","R"],"character_chosen":"THE_SILENT","items_purchased":[],"campfire_rested":3,"item_purchase_floors":[],"current_hp_per_floor":[54,54,54,43,43,43,12,31,31,10,3,22,22,1,20,6],"gold":137,"neow_bonus":"THREE_RARE_CARDS","is_prod":false,"is_daily":false,"chose_seed":false,"campfire_upgraded":1,"win_rate":0,"timestamp":1537538185,"path_taken":["M","M","?","M","$","R","M","R","T","E","?","R","?","E","R","BOSS"],"build_version":"2018-09-20","purchased_purges":0,"victory":false,"max_hp_per_floor":[66,66,66,66,66,66,66,66,66,66,66,66,66,66,66,66],"card_choices":[{"not_picked":["Phantasmal Killer","Malaise"],"picked":"Grand Finale","floor":0.0},{"not_picked":["Deadly Poison","Cloak And Dagger"],"picked":"Slice","floor":1.0},{"not_picked":["Escape Plan","Deadly Poison"],"picked":"Backflip","floor":2.0},{"not_picked":["Crippling Poison","Flying Knee"],"picked":"Acrobatics","floor":4.0},{"not_picked":["Venomology","Deadly Poison"],"picked":"Tactician","floor":7.0},{"not_picked":["Slice","Dagger Spray","Choke"],"picked":"SKIP","floor":10},{"not_picked":["Finisher","Infinite Blades"],"picked":"Expertise","floor":13},{"not_picked":["Backflip","Terror","Quick Slash"],"picked":"SKIP","floor":14}],"player_experience":667082,"relics_obtained":[{"floor":9.0,"key":"Juzu Bracelet"},{"floor":13,"key":"Odd Mushroom"},{"floor":14,"key":"Pen Nib"}],"event_choices":[{"event_name":"The Cleric","player_choice":"Leave","floor":3.0,"damage_taken":0.0},{"event_name":"Golden Wing","player_choice":"Card Removal","floor":11,"damage_taken":0},{"event_name":"Mushrooms","player_choice":"Fought Mushrooms","floor":13,"damage_taken":0}],"is_beta":false,"boss_relics":[],"items_purged_floors":[],"is_endless":false,"potions_floor_spawned":[2,7,10,14],"killed_by":"The Guardian","ascension_level":17}