{"gold_per_floor":[14,33,33,53,228,262,262,280,280,341,357,317,317],"floor_reached":13,"playtime":613,"items_purged":[],"score":94,"play_id":"c9d74a1d-424d-4fa2-8eca-13b2639bbfb8","local_time":"20190308165734","is_ascension_mode":true,"campfire_choices":[],"neow_cost":"NO_GOLD","seed_source_timestamp":612342507049949,"circlet_count":0,"master_deck":["Defend_G","Defend_G","Defend_G","Defend_G","Strike_G","Strike_G","Strike_G","Survivor","Neutralize","Deadly Poison","Doubt","Heel Hook"],"relics":["Ring of the Snake","Omamori","Pen Nib","Mummified Hand"],"potions_floor_usage":[8,10,10,13],"damage_taken":[{"damage":0,"enemies":"2 Louse","floor":1,"turns":3},{"damage":0,"enemies":"Jaw Worm","floor":2,"turns":6},{"damage":1,"enemies":"Small Slimes","floor":4,"turns":3},{"damage":27,"enemies":"Lagavulin","floor":6,"turns":8},{"damage":10,"enemies":"Blue Slaver","floor":8,"turns":5},{"damage":31,"enemies":"Gremlin Nob","floor":10,"turns":5},{"damage":10,"enemies":"Red Slaver","floor":11,"turns":3},{"damage":13,"enemies":"Large Slime","floor":13,"turns":4}],"seed_played":"-142736891359532883","potions_obtained":[{"floor":1,"key":"Swift Potion"},{"floor":6,"key":"Swift Potion"},{"floor":8,"key":"Explosive Potion"},{"floor":12,"key":"SpeedPotion"},{"floor":12,"key":"Fire Potion"},{"floor":12,"key":"EntropicBrew"}],"is_trial":false,"path_per_floor":["M","M","?","M","?","E","?","M","T","?","M","?","M"],"character_chosen":"THE_SILENT","items_purchased":[],"campfire_rested":0,"item_purchase_floors":[],"current_hp_per_floor":[70,70,63,62,62,35,58,48,48,17,7,7,0],"gold":317,"neow_bonus":"REMOVE_TWO","is_prod":false,"is_daily":false,"chose_seed":false,"campfire_upgraded":0,"win_rate":0,"timestamp":1552075054,"path_taken":["M","M","?","M","?","E","?","M","T","?","?","?","?"],"build_version":"2019-01-23","purchased_purges":0,"victory":false,"max_hp_per_floor":[70,70,70,70,70,70,70,70,70,70,70,70,70],"card_choices":[{"not_picked":["Endless Agony","Bane"],"picked":"Deadly Poison","floor":1},{"not_picked":["Blade Dance","Finisher","Skewer"],"picked":"SKIP","floor":2},{"not_picked":["Dagger Throw","Deflect","PiercingWail"],"picked":"SKIP","floor":4},{"not_picked":["Predator","Skewer"],"picked":"Heel Hook","floor":6},{"not_picked":["Riddle With Holes","Acrobatics","Quick Slash"],"picked":"SKIP","floor":8},{"not_picked":["Dagger Throw","Reflex","Eviscerate"],"picked":"SKIP","floor":11}],"player_experience":170522,"relics_obtained":[{"floor":6,"key":"Omamori"},{"floor":9,"key":"Pen Nib"},{"floor":10,"key":"Mummified Hand"}],"event_choices":[{"cards_removed":["Defend_G"],"damage_healed":0,"gold_gain":0,"player_choice":"Card Removal","damage_taken":7,"max_hp_gain":0,"max_hp_loss":0,"event_name":"Golden Wing","floor":3,"gold_loss":0},{"damage_healed":0,"gold_gain":175,"player_choice":"AGREE","damage_taken":0,"max_hp_gain":0,"max_hp_loss":0,"event_name":"Liars Game","floor":5,"gold_loss":0,"cards_obtained":["Doubt"]},{"damage_healed":23,"gold_gain":0,"player_choice":"Banana","damage_taken":0,"max_hp_gain":0,"max_hp_loss":0,"event_name":"Big Fish","floor":7,"gold_loss":0},{"damage_healed":0,"gold_gain":30,"player_choice":"Searched \u00272\u0027 times","damage_taken":0,"max_hp_gain":0,"max_hp_loss":0,"event_name":"Dead Adventurer","floor":10,"gold_loss":0},{"damage_healed":0,"gold_gain":0,"player_choice":"Bought 3 Potions","damage_taken":0,"max_hp_gain":0,"max_hp_loss":0,"event_name":"The Woman in Blue","floor":12,"gold_loss":0}],"is_beta":false,"boss_relics":[],"items_purged_floors":[],"is_endless":false,"potions_floor_spawned":[1,6,8],"killed_by":"Large Slime","ascension_level":2}