{"path_per_floor":["M","M","?","M","?","E","M","R","T","M","M","M","T","$","R","B",null,"M","?","M","?","M","R","M","R","T","R","M","M","R","M","R","B",null,"M","M","?","M","$","R","M","?","T","$","R","$","M","?","R","B"],"character_chosen":"THE_SILENT","items_purchased":["Whetstone","Snake Skull"],"gold_per_floor":[114,125,125,143,143,173,188,188,188,201,220,239,239,18,18,121,121,137,137,156,81,94,94,110,110,184,184,202,215,215,230,230,329,329,340,354,354,366,114,114,125,125,151,26,26,26,37,37,37,37],"floor_reached":51,"campfire_rested":4,"playtime":6273,"current_hp_per_floor":[68,68,75,75,75,52,52,52,52,44,41,41,41,41,64,49,77,67,67,67,67,67,67,48,48,48,48,32,36,36,32,55,29,77,64,55,55,47,47,47,39,29,29,29,52,52,52,52,75,27],"items_purged":["Regret","Masterful Stab","Finisher"],"gold":37,"score":478,"play_id":"df601999-b409-4490-b06a-c507773c4a75","is_prod":false,"is_daily":false,"is_ascension_mode":false,"campfire_upgraded":6,"path_taken":["M","?","?","M","?","E","M","R","T","M","M","?","?","?","R","BOSS","M","?","M","?","M","R","M","R","T","R","?","M","R","?","R","BOSS","M","M","?","M","$","R","M","?","T","$","R","$","M","?","R","BOSS"],"build_version":"2018-02-08-PROD1","purchased_purges":3,"victory":true,"master_deck":["Survivor","Neutralize+1","Cloak And Dagger","Dash","Footwork+1","Dash","Well Laid Plans","Backstab","Burst+1","Bouncing Flask+1","Adrenaline","Bane+1","Acrobatics+1","Catalyst+1","Prepared+1","Catalyst","Corpse Explosion+1","Dodge and Roll","Outmaneuver","Crippling Poison","Expertise+1","Quick Slash","Deflect+1","Madness","Madness","Deadly Poison+1"],"max_hp_per_floor":[70,70,77,77,77,77,77,77,77,77,77,77,77,77,77,77,77,77,77,77,77,77,77,77,77,77,77,77,77,77,77,77,77,77,77,77,77,77,77,77,77,77,77,77,77,77,77,77,77,77],"relics":["Sozu","Strawberry","Pen Nib","Toolbox","Sundial","Whetstone","Lizard Tail","Matryoshka","Pandora\u0027s Box","Snake Skull","Bag of Preparation","War Paint"],"card_choices":[{"not_picked":["Deflect","Quick Slash"],"picked":"Cloak And Dagger"},{"not_picked":["Deadly Poison","Setup"],"picked":"Dash"},{"not_picked":["Malaise","Well Laid Plans"],"picked":"Footwork"},{"not_picked":["Riddle With Holes","Outmaneuver"],"picked":"Dash"},{"not_picked":["Flying Knee","Sucker Punch"],"picked":"Well Laid Plans"},{"not_picked":["Flying Knee","Caltrops"],"picked":"Backstab"},{"not_picked":["Prepared","Endless Agony"],"picked":"Burst"},{"not_picked":["Bane","Backflip"],"picked":"Bouncing Flask"},{"not_picked":["Burst","Tools of the Trade"],"picked":"Adrenaline"},{"not_picked":["Dagger Spray","All Out Attack"],"picked":"Bane"},{"not_picked":["Underhanded Strike","Well Laid Plans"],"picked":"Acrobatics"},{"not_picked":["Expertise","Poisoned Stab"],"picked":"Catalyst"},{"not_picked":["Bouncing Flask","Dagger Spray"],"picked":"Prepared"},{"not_picked":["Flechettes","Backstab"],"picked":"Catalyst"},{"not_picked":["Die Die Die","Tools of the Trade"],"picked":"Corpse Explosion"},{"not_picked":["Bouncing Flask","Cloak And Dagger"],"picked":"Deadly Poison"}],"player_experience":154201,"potions_floor_usage":[],"damage_taken":[{"damage":2.0,"enemies":"Blue Slaver","floor":1.0,"turns":5.0},{"damage":0.0,"enemies":"Cultist","floor":2.0,"turns":4.0},{"damage":0.0,"enemies":"Small Slimes","floor":4.0,"turns":2.0},{"damage":23.0,"enemies":"Lagavulin","floor":6.0,"turns":11.0},{"damage":0.0,"enemies":"Looter","floor":7.0,"turns":3.0},{"damage":8.0,"enemies":"2 Fungi Beasts","floor":10.0,"turns":3.0},{"damage":3.0,"enemies":"Lots of Slimes","floor":11.0,"turns":3.0},{"damage":0.0,"enemies":"Looter","floor":12.0,"turns":2.0},{"damage":15.0,"enemies":"Hexaghost","floor":16.0,"turns":7.0},{"damage":10.0,"enemies":"Shell Parasite","floor":18.0,"turns":4.0},{"damage":0.0,"enemies":"Chosen","floor":20.0,"turns":2.0},{"damage":0.0,"enemies":"Centurion and Healer","floor":22.0,"turns":6.0},{"damage":19.0,"enemies":"Snake Plant","floor":24.0,"turns":5.0},{"damage":16,"enemies":"Cultist and Chosen","floor":28,"turns":5},{"damage":0,"enemies":"Snecko","floor":29,"turns":2},{"damage":8,"enemies":"Sentry and Sphere","floor":31,"turns":4},{"damage":26,"enemies":"Automaton","floor":33,"turns":7},{"damage":13,"enemies":"3 Shapes","floor":35,"turns":5},{"damage":9,"enemies":"Orb Walker","floor":36,"turns":3},{"damage":8,"enemies":"3 Darklings","floor":38,"turns":4},{"damage":8,"enemies":"Sphere and 2 Shapes","floor":41,"turns":4},{"damage":0,"enemies":"Maw","floor":47,"turns":3},{"damage":52,"enemies":"Time Eater","floor":50,"turns":6}],"event_choices":[{"event_name":"Big Fish","player_choice":"Box","floor":3.0,"damage_taken":0.0},{"event_name":"The Woman in Blue","player_choice":"Bought 0 Potions","floor":5.0,"damage_taken":0.0},{"event_name":"Vampires","player_choice":"Ignored","floor":19.0,"damage_taken":0.0},{"event_name":"Beggar","player_choice":"Gave Gold","floor":21.0,"damage_taken":0.0},{"event_name":"Mysterious Sphere","player_choice":"Ignore","floor":37,"damage_taken":0},{"event_name":"Winding Halls","player_choice":"Embrace Madness","floor":42,"damage_taken":0}],"boss_relics":[{"not_picked":["Question Card","Snecko Eye"],"picked":"Pandora\u0027s Box"}],"potions_floor_spawned":[2,7,10,16,18,20,22,24,31,33,35,38,41],"seed_played":"2178157146867914289","ascension_level":0,"is_trial":false}