{"path_per_floor":["M","$","M","$","?","E","R","M","T","M","M","R","E","?","R","B",null,"M","$","M","?","M","R","M"],"character_chosen":"IRONCLAD","items_purchased":["Uppercut","Paper Frog"],"gold_per_floor":[110,39,53,53,53,78,78,95,121,138,154,154,180,180,180,283,283,300,45,60,60,74,74,89],"floor_reached":25,"campfire_rested":3,"playtime":1681,"current_hp_per_floor":[68,68,70,70,70,38,38,29,29,32,35,59,46,39,63,54,80,65,65,56,56,22,46,52],"items_purged":[],"gold":89,"play_id":"a34cd14a-28a7-4a1d-9e01-78c18cc42ea4","is_prod":false,"is_daily":false,"is_ascension_mode":false,"campfire_upgraded":1,"path_taken":["M","?","M","$","?","E","R","M","T","M","?","R","E","?","R","BOSS","M","$","M","?","M","R","M","E"],"build_version":"2018-01-25-PROD3","purchased_purges":0,"victory":false,"master_deck":["Strike_R","Strike_R","Strike_R","Strike_R","Strike_R","Defend_R","Defend_R","Defend_R","Defend_R","Bash","Armaments+1","Thunderclap","Uppercut","Clash","Heavy Blade","Flex","Double Tap","Inflame","Clash","Demon Form","Shrug It Off","Flame Barrier+1","Cleave","Warcry"],"max_hp_per_floor":[80,80,80,80,80,80,80,80,80,80,80,80,80,80,80,80,80,80,80,80,80,80,80,80],"relics":["Burning Blood","Frozen Eye","Pantograph","Bag of Marbles","Gremlin Horn","Philosopher\u0027s Stone","Paper Frog"],"card_choices":[{"not_picked":["Body Slam","Warcry"],"picked":"Armaments"},{"not_picked":["Power Through","Reckless Charge"],"picked":"Thunderclap"},{"not_picked":["Anger","Shockwave"],"picked":"Clash"},{"not_picked":["Thunderclap","Bloodletting"],"picked":"Heavy Blade"},{"not_picked":["Burning Pact","Perfected Strike"],"picked":"Flex"},{"not_picked":["Heavy Blade","True Grit"],"picked":"Double Tap"},{"not_picked":["Clash","Blood for Blood"],"picked":"Inflame"},{"not_picked":["Twin Strike","Dropkick"],"picked":"Clash"},{"not_picked":["Fiend Fire","Brutality"],"picked":"Demon Form"},{"not_picked":["Flame Barrier","Metallicize"],"picked":"Shrug It Off"},{"not_picked":["True Grit","Clothesline"],"picked":"Flame Barrier"},{"not_picked":["Heavy Blade","True Grit"],"picked":"Cleave"},{"not_picked":["Clash","Flex"],"picked":"Warcry"}],"player_experience":11942,"potions_floor_usage":[6,20,25],"damage_taken":[{"damage":18,"enemies":"Blue Slaver","floor":1,"turns":5},{"damage":4,"enemies":"Cultist","floor":3,"turns":3},{"damage":38,"enemies":"3 Sentries","floor":6,"turns":7},{"damage":15,"enemies":"2 Louse","floor":8,"turns":2},{"damage":3,"enemies":"Large Slime","floor":10,"turns":4},{"damage":3,"enemies":"Red Slaver","floor":11,"turns":2},{"damage":19,"enemies":"Lagavulin","floor":13,"turns":5},{"damage":32,"enemies":"The Guardian","floor":16,"turns":7},{"damage":21,"enemies":"Spheric Guardian","floor":18,"turns":4},{"damage":15,"enemies":"3 Byrds","floor":20,"turns":3},{"damage":40,"enemies":"3 Cultists","floor":22,"turns":5},{"damage":0,"enemies":"Snecko","floor":24,"turns":3},{"damage":62,"enemies":"Slavers","floor":25,"turns":3}],"event_choices":[{"event_name":"Big Fish","player_choice":"Box","floor":5,"damage_taken":0},{"event_name":"Golden Wing","player_choice":"Card Removal","floor":14,"damage_taken":0},{"event_name":"Beggar","player_choice":"Ignored","floor":21,"damage_taken":0}],"boss_relics":[{"not_picked":["Lizard Tail","Astrolabe"],"picked":"Philosopher\u0027s Stone"}],"potions_floor_spawned":[1,10,13],"seed_played":"5403695325702046765","killed_by":"Slavers","ascension_level":0,"is_trial":false}