{"path_per_floor":["M","M","M","?","M","E","$","E","T","M","R","M","M","M","R","B",null,"M","M","M","?","?"],"character_chosen":"IRONCLAD","items_purchased":["Offering"],"gold_per_floor":[113,130,141,141,154,185,28,59,107,126,126,139,149,166,166,262,262,276,293,310,310,235,235],"floor_reached":23,"campfire_rested":0,"playtime":974,"current_hp_per_floor":[80,80,73,73,78,56,56,40,40,41,41,41,44,50,50,19,80,83,86,57,41,41,0],"items_purged":[],"gold":235,"score":207,"play_id":"7fdacaba-b7a9-447b-be31-7d4139dd736e","local_time":"20180414152039","is_prod":false,"is_daily":false,"chose_seed":false,"is_ascension_mode":false,"campfire_upgraded":2,"timestamp":1523712039,"path_taken":["M","M","M","?","M","E","$","E","T","M","R","M","M","M","R","BOSS","M","M","M","?","?","E"],"build_version":"2018-04-12","seed_source_timestamp":199770355024115,"purchased_purges":0,"victory":false,"master_deck":["Strike_R","Strike_R","Strike_R","Strike_R","Strike_R","Defend_R","Defend_R","Defend_R","Bash","Pommel Strike+1","Pommel Strike","Inflame","Clothesline","Shrug It Off","Offering","Searing Blow+3","Perfected Strike","Twin Strike","Reaper","Feed","Twin Strike","Pommel Strike"],"max_hp_per_floor":[80,80,80,80,80,80,80,80,80,80,80,80,80,80,80,80,80,83,86,86,86,86,86],"relics":["Burning Blood","Lantern","Darkstone Periapt","Whetstone","Black Star","Nilry\u0027s Codex"],"card_choices":[{"not_picked":["Armaments","Clash"],"picked":"Pommel Strike","floor":1},{"not_picked":["Infernal Blade","Warcry"],"picked":"Pommel Strike","floor":2},{"not_picked":["Anger","Cleave"],"picked":"Inflame","floor":3},{"not_picked":["Reckless Charge","Whirlwind"],"picked":"Clothesline","floor":5},{"not_picked":["Pummel","Ghostly Armor"],"picked":"Shrug It Off","floor":6},{"not_picked":["Berserk","Power Through"],"picked":"Searing Blow","floor":8},{"not_picked":["Thunderclap","Warcry"],"picked":"Perfected Strike","floor":10},{"not_picked":["Power Through","Disarm"],"picked":"Twin Strike","floor":13},{"not_picked":["Metallicize","Flex"],"picked":"Reaper","floor":14},{"not_picked":["Reaper","Immolate"],"picked":"Feed","floor":16},{"not_picked":["Heavy Blade","Iron Wave"],"picked":"Twin Strike","floor":18},{"not_picked":["Cleave","Shockwave"],"picked":"Pommel Strike","floor":19}],"player_experience":272547,"potions_floor_usage":[16],"damage_taken":[{"damage":0,"enemies":"2 Louse","floor":1,"turns":4},{"damage":5,"enemies":"Small Slimes","floor":2,"turns":3},{"damage":13,"enemies":"Jaw Worm","floor":3,"turns":3},{"damage":1,"enemies":"2 Fungi Beasts","floor":5,"turns":4},{"damage":28,"enemies":"Gremlin Nob","floor":6,"turns":5},{"damage":22,"enemies":"Lagavulin","floor":8,"turns":5},{"damage":5,"enemies":"Blue Slaver","floor":10,"turns":2},{"damage":6,"enemies":"Large Slime","floor":12,"turns":4},{"damage":3,"enemies":"Exordium Wildlife","floor":13,"turns":3},{"damage":0,"enemies":"Gremlin Gang","floor":14,"turns":4},{"damage":45,"enemies":"Hexaghost","floor":16,"turns":9},{"damage":10,"enemies":"3 Byrds","floor":18,"turns":6},{"damage":2,"enemies":"Spheric Guardian","floor":19,"turns":3},{"damage":35,"enemies":"Snake Plant","floor":20,"turns":3},{"damage":53,"enemies":"Book of Stabbing","floor":23,"turns":4}],"event_choices":[{"event_name":"Liars Game","player_choice":"disagreed","floor":4,"damage_taken":0},{"event_name":"Cursed Tome","player_choice":"Obtained Book","floor":21,"damage_taken":0},{"event_name":"Beggar","player_choice":"Gave Gold","floor":22,"damage_taken":0}],"boss_relics":[{"not_picked":["White Beast Statue","Pandora\u0027s Box"],"picked":"Black Star"}],"potions_floor_spawned":[2,6,8,19,20],"seed_played":"-241929942487328492","killed_by":"Book of Stabbing","ascension_level":0,"is_trial":false}