{"gold_per_floor":[118,136,150,165,65,98,98,109,133,43,43,70,87,117,117,220,220,239,265,5,21,41,72,72,98,98,198,123,123,138,164,164,262,262,275,275,497,497,514,544,555,586,586,599,632,632,648,678,678,678,678,678,174,201,201],"floor_reached":56,"playtime":4301,"items_purged":["Strike_G","Defend_G+1"],"score":2041,"play_id":"f6ceb397-8ec8-4d12-8e22-7d6ec0a58d0a","local_time":"20190130175640","is_ascension_mode":true,"campfire_choices":[{"floor":11.0,"key":"REST"},{"data":"Footwork","floor":15.0,"key":"SMITH"},{"floor":24.0,"key":"RECALL"},{"floor":29.0,"key":"REST"},{"floor":32.0,"key":"REST"},{"floor":49.0,"key":"REST"},{"floor":52,"key":"REST"}],"neow_cost":"NONE","seed_source_timestamp":563437401597949,"circlet_count":0,"master_deck":["Defend_G+1","Defend_G+1","Defend_G+1","Defend_G+1","Strike_G+1","Strike_G+1","Survivor+1","Neutralize+1","Backstab+1","Deflect+1","Poisoned Stab+1","Caltrops+1","Dagger Spray+1","Poisoned Stab+1","Flash of Steel+1","Burst+1","Footwork+1","Sucker Punch+1","Adrenaline+1","Heel Hook+1","Bouncing Flask+1","Footwork+1","Cloak And Dagger+1","Adrenaline+1","Blur+1","Slice+1","Night Terror+1","Poisoned Stab+1","Poisoned Stab+1","Backflip+1","Poisoned Stab+1","Envenom+1","After Image+1","Expertise+1","Heel Hook+1","Expertise+1","Footwork","Noxious Fumes+1","Prepared+1","Finesse","Magnetism","Dark Shackles","Distraction+1","Escape Plan+1","Envenom","Panacea","Infinite Blades"],"special_seed":0,"relics":["Ring of the Snake","Oddly Smooth Stone","Molten Egg 2","Dream Catcher","Boot","Fusion Hammer","Red Mask","Membership Card","Ninja Scroll","Calipers","The Specimen","Unceasing Top","Mummified Hand","Meat on the Bone","Cursed Key","Mark of the Bloom","Vajra","Ornamental Fan","Strawberry","Bottled Lightning","Whetstone","Turnip","HandDrill","Gremlin Horn"],"potions_floor_usage":[54,55,55,55],"damage_taken":[{"damage":0.0,"enemies":"2 Louse","floor":1.0,"turns":4.0},{"damage":3.0,"enemies":"Jaw Worm","floor":2.0,"turns":3.0},{"damage":0.0,"enemies":"Cultist","floor":3.0,"turns":3.0},{"damage":9.0,"enemies":"2 Fungi Beasts","floor":4.0,"turns":4.0},{"damage":13.0,"enemies":"Gremlin Nob","floor":6.0,"turns":3.0},{"damage":7.0,"enemies":"Exordium Thugs","floor":8.0,"turns":5.0},{"damage":9.0,"enemies":"Lagavulin","floor":12.0,"turns":5.0},{"damage":3.0,"enemies":"Large Slime","floor":13.0,"turns":5.0},{"damage":0.0,"enemies":"Gremlin Nob","floor":14.0,"turns":2.0},{"damage":3.0,"enemies":"Hexaghost","floor":16.0,"turns":12.0},{"damage":3.0,"enemies":"Shell Parasite","floor":18.0,"turns":5.0},{"damage":0.0,"enemies":"Masked Bandits","floor":19.0,"turns":2.0},{"damage":0.0,"enemies":"3 Byrds","floor":21.0,"turns":2.0},{"damage":9.0,"enemies":"3 Cultists","floor":22.0,"turns":5.0},{"damage":0.0,"enemies":"Book of Stabbing","floor":23.0,"turns":4.0},{"damage":7.0,"enemies":"Gremlin Leader","floor":25.0,"turns":7.0},{"damage":0.0,"enemies":"Colosseum Slavers","floor":27.0,"turns":3.0},{"damage":0.0,"enemies":"Colosseum Nobs","floor":27.0,"turns":4.0},{"damage":0.0,"enemies":"Centurion and Healer","floor":30.0,"turns":4.0},{"damage":2.0,"enemies":"Slavers","floor":31.0,"turns":4.0},{"damage":0.0,"enemies":"Automaton","floor":33.0,"turns":8.0},{"damage":0.0,"enemies":"Orb Walker","floor":35.0,"turns":2.0},{"damage":0.0,"enemies":"3 Darklings","floor":39.0,"turns":3.0},{"damage":0.0,"enemies":"Nemesis","floor":40.0,"turns":3.0},{"damage":0.0,"enemies":"Sphere and 2 Shapes","floor":41.0,"turns":3.0},{"damage":0.0,"enemies":"Giant Head","floor":42.0,"turns":5.0},{"damage":0.0,"enemies":"Transient","floor":44.0,"turns":5.0},{"damage":0.0,"enemies":"Reptomancer","floor":45.0,"turns":3.0},{"damage":0.0,"enemies":"Spire Growth","floor":47.0,"turns":3.0},{"damage":0.0,"enemies":"Nemesis","floor":48.0,"turns":3.0},{"damage":0,"enemies":"Awakened One","floor":50,"turns":10},{"damage":0,"enemies":"Shield and Spear","floor":54,"turns":5},{"damage":36,"enemies":"The Heart","floor":55,"turns":7}],"seed_played":"-1253548071049402147","potions_obtained":[{"floor":3.0,"key":"SteroidPotion"},{"floor":4.0,"key":"PowerPotion"},{"floor":6.0,"key":"Energy Potion"},{"floor":13.0,"key":"SteroidPotion"},{"floor":16.0,"key":"Weak Potion"},{"floor":22.0,"key":"SkillPotion"},{"floor":23.0,"key":"Dexterity Potion"},{"floor":31.0,"key":"Fire Potion"},{"floor":35.0,"key":"PowerPotion"},{"floor":39.0,"key":"SteroidPotion"},{"floor":54,"key":"SkillPotion"}],"is_trial":false,"path_per_floor":["M","M","M","M","$","E","?","M","T","$","R","E","M","E","R","B",null,"M","?","$","M","M","E","R","E","T","?","?","R","M","E","R","B",null,"M","?","?","?","M","E","M","E","T","M","E","?","M","E","R","B",null,"R","$","E","B",null],"character_chosen":"THE_SILENT","items_purchased":["Dagger Spray","Flash of Steel+1","Membership Card","Footwork","Cloak And Dagger","Whetstone","Envenom","Turnip","HandDrill","Panacea"],"campfire_rested":5,"item_purchase_floors":[5,10,20,20,20,53,53,53,53,53],"current_hp_per_floor":[63,60,60,51,51,38,31,24,24,24,45,36,33,33,33,30,60,57,57,57,57,48,48,48,41,41,41,41,62,62,60,70,70,70,70,70,70,66,66,66,66,66,66,66,66,56,56,56,56,56,56,56,56,56,20],"gold":201,"neow_bonus":"RANDOM_COMMON_RELIC","is_prod":false,"is_daily":false,"chose_seed":false,"campfire_upgraded":1,"win_rate":0,"timestamp":1548889000,"path_taken":["M","M","M","M","$","E","?","M","T","?","R","E","?","E","R","BOSS","M","?","?","?","M","E","R","E","T","?","?","R","M","E","R","BOSS","M","?","?","?","M","E","M","E","T","M","E","?","M","E","R","BOSS","R","$","E","BOSS"],"build_version":"2019-01-23","purchased_purges":2,"victory":true,"max_hp_per_floor":[70,70,70,70,70,70,70,70,70,70,70,70,70,70,70,70,70,70,70,70,70,70,70,70,70,70,70,70,70,70,70,70,70,70,70,70,70,66,66,66,66,66,66,66,73,73,73,73,73,73,73,73,73,73,73],"card_choices":[{"not_picked":["Deadly Poison","Choke"],"picked":"Backstab","floor":1.0},{"not_picked":["Blade Dance","Outmaneuver"],"picked":"Deflect","floor":2.0},{"not_picked":["Prepared","Choke"],"picked":"Poisoned Stab","floor":3.0},{"not_picked":["Bane","Quick Slash"],"picked":"Caltrops","floor":4.0},{"not_picked":["Flying Knee","Poisoned Stab","Slice"],"picked":"SKIP","floor":6.0},{"not_picked":["Backflip","Deadly Poison"],"picked":"Poisoned Stab+1","floor":8.0},{"not_picked":["Tools of the Trade","Outmaneuver"],"picked":"Burst","floor":12.0},{"not_picked":["Underhanded Strike+1","Flying Knee+1"],"picked":"Footwork","floor":13.0},{"not_picked":["Envenom","Flying Knee+1"],"picked":"Sucker Punch+1","floor":14.0},{"not_picked":["Phantasmal Killer","Night Terror"],"picked":"Adrenaline","floor":16.0},{"not_picked":["Dagger Throw+1","PiercingWail"],"picked":"Heel Hook+1","floor":18.0},{"not_picked":["Dagger Spray+1","Deadly Poison"],"picked":"Bouncing Flask+1","floor":19.0},{"not_picked":["Outmaneuver","Escape Plan"],"picked":"Adrenaline","floor":21.0},{"not_picked":["Blade Dance","Cloak And Dagger"],"picked":"Blur+1","floor":22.0},{"not_picked":["Acrobatics","Poisoned Stab+1"],"picked":"Slice+1","floor":23.0},{"not_picked":["Choke+1","Poisoned Stab+1"],"picked":"Night Terror","floor":25.0},{"not_picked":["Dodge and Roll","Slice+1"],"picked":"Poisoned Stab+1","floor":27.0},{"not_picked":["PiercingWail","Flying Knee+1"],"picked":"Poisoned Stab+1","floor":29.0},{"not_picked":["Deadly Poison+1","Escape Plan"],"picked":"Backflip","floor":30.0},{"not_picked":["Dagger Spray+1","Prepared"],"picked":"Poisoned Stab+1","floor":31.0},{"not_picked":["Deadly Poison","Underhanded Strike+1"],"picked":"Envenom","floor":32.0},{"not_picked":["Die Die Die+1","Glass Knife+1"],"picked":"After Image","floor":33.0},{"not_picked":["Dagger Spray+1","Skewer+1"],"picked":"Expertise+1","floor":35.0},{"not_picked":["Choke+1","Dagger Spray+1"],"picked":"Heel Hook+1","floor":39.0},{"not_picked":["Bouncing Flask+1","Deadly Poison+1"],"picked":"Expertise+1","floor":40.0},{"not_picked":["Flying Knee+1","Prepared"],"picked":"Footwork","floor":41.0},{"not_picked":["Prepared","A Thousand Cuts"],"picked":"Noxious Fumes+1","floor":42.0},{"not_picked":["Underhanded Strike+1","Outmaneuver"],"picked":"Prepared+1","floor":44.0},{"not_picked":["Dagger Throw+1","Underhanded Strike+1","Reflex+1"],"picked":"SKIP","floor":45.0},{"not_picked":["Secret Weapon","Mind Blast+1"],"picked":"Finesse","floor":46.0},{"not_picked":["Apotheosis","Chrysalis"],"picked":"Magnetism","floor":46.0},{"not_picked":["Panacea","Bandage Up"],"picked":"Dark Shackles","floor":46.0},{"not_picked":["Deadly Poison+1","Dagger Spray+1"],"picked":"Distraction+1","floor":47.0},{"not_picked":["Blur+1","Flechettes+1"],"picked":"Escape Plan+1","floor":48.0},{"not_picked":["Finisher+1","Bane+1"],"picked":"Infinite Blades","floor":54}],"player_experience":249200,"relics_obtained":[{"floor":6.0,"key":"Molten Egg 2"},{"floor":12.0,"key":"Dream Catcher"},{"floor":14.0,"key":"Boot"},{"floor":19.0,"key":"Red Mask"},{"floor":23.0,"key":"Ninja Scroll"},{"floor":25.0,"key":"Calipers"},{"floor":26.0,"key":"The Specimen"},{"floor":27.0,"key":"Unceasing Top"},{"floor":27.0,"key":"Mummified Hand"},{"floor":31.0,"key":"Meat on the Bone"},{"floor":40.0,"key":"Vajra"},{"floor":42.0,"key":"Ornamental Fan"},{"floor":45.0,"key":"Strawberry"},{"floor":48.0,"key":"Bottled Lightning"},{"floor":54,"key":"Gremlin Horn"}],"event_choices":[{"cards_removed":["Strike_G"],"damage_healed":0.0,"max_hp_gain":0.0,"max_hp_loss":0.0,"gold_gain":0.0,"event_name":"Golden Wing","player_choice":"Card Removal","floor":7.0,"gold_loss":0.0,"damage_taken":7.0},{"damage_healed":0.0,"max_hp_gain":0.0,"max_hp_loss":0.0,"gold_gain":0.0,"event_name":"Masked Bandits","player_choice":"Fought Bandits","floor":19.0,"gold_loss":0.0,"damage_taken":0.0},{"damage_healed":0.0,"max_hp_gain":0.0,"max_hp_loss":0.0,"gold_gain":0.0,"event_name":"Colosseum","player_choice":"Fight","floor":27.0,"gold_loss":0.0,"damage_taken":0.0},{"damage_healed":0.0,"max_hp_gain":0.0,"max_hp_loss":0.0,"gold_gain":0.0,"event_name":"Colosseum","player_choice":"Fought Nobs","floor":27.0,"gold_loss":0.0,"damage_taken":0.0},{"cards_removed":["Strike_G"],"damage_healed":0.0,"max_hp_gain":0.0,"max_hp_loss":0.0,"gold_gain":0.0,"event_name":"Beggar","player_choice":"Gave Gold","floor":28.0,"gold_loss":75.0,"damage_taken":0.0},{"damage_healed":0.0,"max_hp_gain":0.0,"max_hp_loss":0.0,"gold_gain":0.0,"event_name":"MindBloom","player_choice":"Upgrade","floor":36.0,"gold_loss":0.0,"damage_taken":0.0,"cards_upgraded":["Defend_G","Defend_G","Defend_G","Defend_G","Defend_G","Strike_G","Strike_G","Survivor","Neutralize","Backstab","Deflect","Poisoned Stab","Caltrops","Dagger Spray","Burst","Adrenaline","Footwork","Cloak And Dagger","Adrenaline","Night Terror","Backflip","Envenom","After Image"],"relics_obtained":["Mark of the Bloom"]},{"damage_healed":0.0,"max_hp_gain":0.0,"max_hp_loss":0.0,"gold_gain":222.0,"event_name":"Tomb of Lord Red Mask","player_choice":"Wore Mask","floor":37.0,"gold_loss":0.0,"damage_taken":0.0},{"damage_healed":0.0,"max_hp_gain":0.0,"max_hp_loss":4.0,"gold_gain":0.0,"event_name":"Winding Halls","player_choice":"Max HP","floor":38.0,"gold_loss":0.0,"damage_taken":0.0},{"damage_healed":0.0,"max_hp_gain":0.0,"max_hp_loss":0.0,"gold_gain":0.0,"event_name":"SensoryStone","player_choice":"Memory 3","floor":46.0,"gold_loss":0.0,"damage_taken":10.0}],"is_beta":false,"boss_relics":[{"not_picked":["Orrery","Tiny House"],"picked":"Fusion Hammer"},{"not_picked":["Lizard Tail","Black Star"],"picked":"Cursed Key"}],"items_purged_floors":[5,53],"is_endless":false,"potions_floor_spawned":[3,4,6,13,16,22,23,31,33,35,39,47,48,54],"ascension_level":6}