{"path_per_floor":["M","?","M","$","?","E","M","?","T","$","M","R","M","M","R","B",null,"M","?","?","$","M","R"],"character_chosen":"DEFECT","items_purchased":["Capacitor","FTL","Happy Flower","Redo","Sweeping Beam"],"gold_per_floor":[110,110,125,13,13,57,71,36,63,30,49,49,69,84,84,209,209,222,222,222,5,30,30,30],"floor_reached":24,"campfire_rested":1,"playtime":1738,"item_purchase_floors":[4,10,21,21,21],"current_hp_per_floor":[70,70,57,57,57,21,21,39,39,39,39,39,39,39,61,26,75,41,41,37,37,23,23,0],"items_purged":["Regret"],"gold":30,"score":221,"play_id":"b26d207b-33ce-4122-9055-f70bb4f0a7cb","local_time":"20180604234808","is_prod":false,"is_daily":false,"chose_seed":false,"is_ascension_mode":false,"campfire_upgraded":1,"win_rate":0.0,"timestamp":1528181288,"campfire_choices":[{"data":"Streamline","floor":12,"key":"SMITH"},{"floor":15,"key":"REST"},{"data":"1","floor":23,"key":"LIFT"}],"path_taken":["M","?","M","$","?","E","M","?","T","?","M","R","?","M","R","BOSS","M","?","?","$","?","R","E"],"build_version":"2018-05-31","seed_source_timestamp":165396881459997,"purchased_purges":1,"victory":false,"master_deck":["Strike_B","Strike_B","Strike_B","Strike_B","Defend_B","Defend_B","Defend_B","Defend_B","Zap","Dualcast","Doom and Gloom","Coolheaded","Capacitor","Injury","Streamline+1","BootSequence","FTL","Redo","Tempest","Thunder Strike","Electrodynamics","Regret","Pain","Clumsy","Auto Shields","Static Discharge","Ghostly","Ghostly","Ghostly","Ghostly","Ghostly","Redo","Sweeping Beam","Fusion+1"],"max_hp_per_floor":[75,75,75,75,75,75,75,75,75,75,75,75,75,75,75,75,75,75,75,37,37,37,37,37],"relics":["Cracked Core","Vajra","Golden Idol","Calipers","Anchor","Calling Bell","Dream Catcher","Meat on the Bone","Girya","Happy Flower"],"card_choices":[{"not_picked":["Scrape","Reinforced Body"],"picked":"Doom and Gloom","floor":1},{"not_picked":["Conserve Battery","Streamline"],"picked":"Coolheaded","floor":3},{"not_picked":["Double Energy","Aggregate"],"picked":"Streamline","floor":6},{"not_picked":["Rip and Tear","Cold Snap"],"picked":"BootSequence","floor":7},{"not_picked":["Melter","Coolheaded"],"picked":"Redo","floor":11},{"not_picked":["Loop","Beam Cell"],"picked":"Tempest","floor":13},{"not_picked":["Heatsinks","Auto Shields"],"picked":"Thunder Strike","floor":14},{"not_picked":["Thunder Strike","Reboot"],"picked":"Electrodynamics","floor":16},{"not_picked":["Storm","Darkness"],"picked":"Auto Shields","floor":18},{"not_picked":["Go for the Eyes+1","Coolheaded"],"picked":"Fusion+1","floor":22}],"player_experience":6042,"potions_floor_usage":[],"damage_taken":[{"damage":5,"enemies":"2 Louse","floor":1,"turns":2},{"damage":13,"enemies":"Jaw Worm","floor":3,"turns":2},{"damage":36,"enemies":"Lagavulin","floor":6,"turns":6},{"damage":0,"enemies":"Small Slimes","floor":7,"turns":2},{"damage":0,"enemies":"3 Louse","floor":11,"turns":2},{"damage":0,"enemies":"Looter","floor":13,"turns":2},{"damage":0,"enemies":"Blue Slaver","floor":14,"turns":2},{"damage":35,"enemies":"Slime Boss","floor":16,"turns":5},{"damage":46,"enemies":"Shell Parasite","floor":18,"turns":5},{"damage":26,"enemies":"2 Thieves","floor":22,"turns":3},{"damage":23,"enemies":"Book of Stabbing","floor":24,"turns":4}],"relics_obtained":[{"floor":6,"key":"Calipers"},{"floor":9,"key":"Anchor"},{"floor":17,"key":"Dream Catcher"},{"floor":17,"key":"Meat on the Bone"},{"floor":17,"key":"Girya"}],"event_choices":[{"event_name":"Big Fish","player_choice":"Box","floor":2,"damage_taken":0},{"event_name":"Golden Idol","player_choice":"Take Wound","floor":5,"damage_taken":0},{"event_name":"The Cleric","player_choice":"Healed","floor":8,"damage_taken":0},{"event_name":"The Library","player_choice":"Read","floor":19,"damage_taken":0},{"event_name":"Ghosts","player_choice":"Became a Ghost","floor":20,"damage_taken":0}],"boss_relics":[{"not_picked":["White Beast Statue","Orrery"],"picked":"Calling Bell"}],"items_purged_floors":[4],"potions_floor_spawned":[1,3,7,13,16,22],"seed_played":"2165111577234668191","killed_by":"Book of Stabbing","ascension_level":0,"potions_obtained":[{"floor":1,"key":"Swift Potion"},{"floor":3,"key":"Swift Potion"},{"floor":7,"key":"Strength Potion"},{"floor":13,"key":"FearPotion"},{"floor":16,"key":"Explosive Potion"}],"is_trial":false}