{"gold_per_floor":[112,112,112,9,19,19,48,48,118,118,130,160,174,184,184,257,257,271,283,109,119,119,119],"floor_reached":23,"playtime":998,"items_purged":["Strike_B","Defend_B"],"score":524,"play_id":"2160d7d4-6b9b-4e22-a44f-a11bfd7bf0d3","local_time":"20190226181804","is_ascension_mode":true,"campfire_choices":[{"data":"Zap","floor":6.0,"key":"SMITH"},{"data":"Streamline","floor":8.0,"key":"SMITH"},{"data":"Hologram","floor":15.0,"key":"SMITH"}],"neow_cost":"NONE","seed_source_timestamp":243347862462680,"circlet_count":0,"master_deck":["AscendersBane","Strike_B","Strike_B","Defend_B","Defend_B","Defend_B","Zap+1","Dualcast","FTL","Coolheaded+1","Streamline+1","Conserve Battery","Redo","Hologram+1","All For One","Sunder","Undo","Defragment"],"special_seed":0,"relics":["Cracked Core","NeowsBlessing","Symbiotic Virus","Pocketwatch","Meat on the Bone","Ice Cream","Black Star"],"potions_floor_usage":[23],"damage_taken":[{"damage":0.0,"enemies":"2 Louse","floor":1.0,"turns":1.0},{"damage":0.0,"enemies":"Small Slimes","floor":5.0,"turns":1.0},{"damage":0.0,"enemies":"Lagavulin","floor":7.0,"turns":1.0},{"damage":0.0,"enemies":"Cultist","floor":11.0,"turns":2.0},{"damage":8.0,"enemies":"Gremlin Nob","floor":12.0,"turns":3.0},{"damage":15.0,"enemies":"Large Slime","floor":13.0,"turns":3.0},{"damage":9.0,"enemies":"Red Slaver","floor":14.0,"turns":3.0},{"damage":0.0,"enemies":"The Guardian","floor":16.0,"turns":9.0},{"damage":0.0,"enemies":"Shell Parasite","floor":18.0,"turns":4.0},{"damage":6.0,"enemies":"3 Byrds","floor":19.0,"turns":4.0},{"damage":16.0,"enemies":"Snake Plant","floor":21.0,"turns":5.0},{"damage":31,"enemies":"Book of Stabbing","floor":23,"turns":5}],"seed_played":"-6562426930096324928","potions_obtained":[{"floor":1.0,"key":"Weak Potion"},{"floor":7.0,"key":"AttackPotion"},{"floor":18.0,"key":"SpeedPotion"}],"is_trial":false,"path_per_floor":["M","?","?","$","M","R","E","R","T","?","M","E","M","M","R","B",null,"M","M","$","M","?","E"],"character_chosen":"DEFECT","items_purchased":["Coolheaded","Undo"],"campfire_rested":0,"item_purchase_floors":[4,20],"current_hp_per_floor":[64,53,46,46,46,46,46,46,46,46,46,38,35,38,38,38,63,63,57,57,41,41,10],"gold":119,"neow_bonus":"THREE_ENEMY_KILL","is_prod":false,"is_daily":false,"chose_seed":false,"campfire_upgraded":3,"win_rate":0,"timestamp":1551223084,"path_taken":["M","?","?","$","M","R","E","R","T","?","M","E","M","M","R","BOSS","M","M","$","?","?","E"],"build_version":"2019-01-23","purchased_purges":2,"victory":false,"max_hp_per_floor":[71,71,71,71,71,71,71,71,71,71,71,71,71,71,71,71,71,71,71,71,71,71,71],"card_choices":[{"not_picked":["Ball Lightning","Gash"],"picked":"FTL","floor":1.0},{"not_picked":["Stack","Skim"],"picked":"Streamline","floor":5.0},{"not_picked":["Go for the Eyes","Tempest"],"picked":"Conserve Battery","floor":7.0},{"not_picked":["Coolheaded","Barrage"],"picked":"Redo","floor":11.0},{"not_picked":["Force Field","Rebound"],"picked":"Hologram","floor":12.0},{"not_picked":["Stack","Meteor Strike","Coolheaded"],"picked":"SKIP","floor":13.0},{"not_picked":["Force Field","Beam Cell","Conserve Battery"],"picked":"SKIP","floor":14.0},{"not_picked":["Hyperbeam","Reboot"],"picked":"All For One","floor":16.0},{"not_picked":["Rebound","Stack","Hologram"],"picked":"SKIP","floor":18.0},{"not_picked":["Stack+1","Hello World"],"picked":"Sunder","floor":19.0},{"not_picked":["Recycle","Coolheaded"],"picked":"Defragment","floor":21.0}],"player_experience":583995,"relics_obtained":[{"floor":7.0,"key":"Pocketwatch"},{"floor":9.0,"key":"Meat on the Bone"},{"floor":12.0,"key":"Ice Cream"}],"event_choices":[{"damage_healed":0.0,"max_hp_gain":0.0,"max_hp_loss":0.0,"gold_gain":0.0,"event_name":"Scrap Ooze","player_choice":"Success","floor":2.0,"gold_loss":0.0,"damage_taken":11.0,"relics_obtained":["Symbiotic Virus"]},{"cards_removed":["Strike_B"],"damage_healed":0.0,"max_hp_gain":0.0,"max_hp_loss":0.0,"gold_gain":0.0,"event_name":"Golden Wing","player_choice":"Card Removal","floor":3.0,"gold_loss":0.0,"damage_taken":7.0},{"damage_healed":0.0,"max_hp_gain":0.0,"max_hp_loss":0.0,"gold_gain":0.0,"event_name":"Accursed Blacksmith","player_choice":"Forge","floor":10.0,"gold_loss":0.0,"damage_taken":0.0,"cards_upgraded":["Coolheaded"]},{"damage_healed":0.0,"max_hp_gain":0.0,"max_hp_loss":0.0,"gold_gain":0.0,"event_name":"Match and Keep!","player_choice":"0 cards matched","floor":22.0,"gold_loss":0.0,"damage_taken":0.0,"cards_obtained":[]}],"is_beta":false,"boss_relics":[{"not_picked":["Astrolabe","Fusion Hammer"],"picked":"Black Star"}],"items_purged_floors":[4,20],"is_endless":false,"potions_floor_spawned":[1,7,12,16,18],"killed_by":"Book of Stabbing","ascension_level":18}