{"gold_per_floor":[109,63,63,84,104,104,143,224,224,249,249,268,287,252,252,371,371,396,321,344,363,383,422,422,441,441,441,356,356,390,404,404,533,533,548,548,548,567,13,56,77,113,165,190,190,213,213,88,88,88,88,88,38,72,72],"floor_reached":56,"playtime":9378,"items_purged":["Strike_B","Strike_B","Strike_B"],"score":1299,"play_id":"3a170651-cef0-4492-bf24-3b20e079aefe","local_time":"20190202213220","is_ascension_mode":true,"campfire_choices":[{"data":"Static Discharge","floor":6.0,"key":"SMITH"},{"data":"Go for the Eyes","floor":11.0,"key":"SMITH"},{"data":"Loop","floor":15.0,"key":"SMITH"},{"data":"Meteor Strike","floor":24.0,"key":"SMITH"},{"data":"White Noise","floor":27.0,"key":"SMITH"},{"data":"Coolheaded","floor":29.0,"key":"SMITH"},{"floor":32.0,"key":"REST"},{"data":"Echo Form","floor":45.0,"key":"SMITH"},{"floor":47.0,"key":"RECALL"},{"data":"Buffer","floor":49.0,"key":"SMITH"},{"data":"Machine Learning","floor":52.0,"key":"SMITH"}],"neow_cost":"NONE","seed_source_timestamp":0,"circlet_count":0,"master_deck":["Strike_B","Defend_B","Defend_B","Defend_B","Defend_B","Zap+1","Dualcast","Streamline","Go for the Eyes+1","Leap","Static Discharge+1","White Noise+1","Self Repair","Steam","Loop+1","Machine Learning+1","Melter+1","Meteor Strike+1","Coolheaded+1","Hologram","Echo Form+1","Sweeping Beam","Auto Shields+1","Buffer+1","Hologram","Conserve Battery+1","Glacier+1","Buffer+1","Parasite","Capacitor+1","Loop+1"],"special_seed":0,"relics":["Cracked Core","Golden Idol","Dodecahedron","Ice Cream","Dream Catcher","Snecko Eye","Bottled Lightning","Ginger","PreservedInsect","Letter Opener","White Beast Statue","Mummified Hand","Lee\u0027s Waffle","Frozen Egg 2","Boot","Pen Nib"],"potions_floor_usage":[55],"damage_taken":[{"damage":1.0,"enemies":"Cultist","floor":1.0,"turns":3.0},{"damage":0.0,"enemies":"Small Slimes","floor":4.0,"turns":2.0},{"damage":0.0,"enemies":"2 Louse","floor":5.0,"turns":2.0},{"damage":16.0,"enemies":"3 Sentries","floor":7.0,"turns":6.0},{"damage":23.0,"enemies":"Gremlin Nob","floor":8.0,"turns":3.0},{"damage":0.0,"enemies":"2 Fungi Beasts","floor":10.0,"turns":3.0},{"damage":2.0,"enemies":"Blue Slaver","floor":12.0,"turns":4.0},{"damage":15.0,"enemies":"3 Louse","floor":13.0,"turns":3.0},{"damage":21.0,"enemies":"Slime Boss","floor":16.0,"turns":6.0},{"damage":0.0,"enemies":"Chosen","floor":18.0,"turns":5.0},{"damage":0.0,"enemies":"Spheric Guardian","floor":20.0,"turns":4.0},{"damage":9.0,"enemies":"Centurion and Healer","floor":21.0,"turns":8.0},{"damage":14.0,"enemies":"Cultist and Chosen","floor":22.0,"turns":6.0},{"damage":39.0,"enemies":"Slavers","floor":23.0,"turns":7.0},{"damage":8.0,"enemies":"Shelled Parasite and Fungi","floor":25.0,"turns":6.0},{"damage":0.0,"enemies":"Book of Stabbing","floor":30.0,"turns":3.0},{"damage":15.0,"enemies":"Snake Plant","floor":31.0,"turns":3.0},{"damage":58.0,"enemies":"Collector","floor":33.0,"turns":7.0},{"damage":20.0,"enemies":"Orb Walker","floor":35.0,"turns":4.0},{"damage":5.0,"enemies":"3 Darklings","floor":38.0,"turns":2.0},{"damage":0.0,"enemies":"Giant Head","floor":40.0,"turns":5.0},{"damage":0.0,"enemies":"Spire Growth","floor":41.0,"turns":5.0},{"damage":0.0,"enemies":"Nemesis","floor":42.0,"turns":11.0},{"damage":0.0,"enemies":"Sphere and 2 Shapes","floor":44.0,"turns":4.0},{"damage":0.0,"enemies":"Writhing Mass","floor":46.0,"turns":6.0},{"damage":16.0,"enemies":"Donu and Deca","floor":50.0,"turns":12.0},{"damage":8.0,"enemies":"Shield and Spear","floor":54.0,"turns":6.0},{"damage":20,"enemies":"The Heart","floor":55,"turns":10}],"seed_played":"425966968702570225","potions_obtained":[{"floor":7.0,"key":"FocusPotion"},{"floor":12.0,"key":"FocusPotion"},{"floor":13.0,"key":"Block Potion"},{"floor":20.0,"key":"SpeedPotion"},{"floor":23.0,"key":"Fruit Juice"},{"floor":25.0,"key":"FearPotion"},{"floor":35.0,"key":"Poison Potion"},{"floor":38.0,"key":"FearPotion"},{"floor":40.0,"key":"SpeedPotion"},{"floor":41.0,"key":"Weak Potion"},{"floor":42.0,"key":"AttackPotion"},{"floor":44.0,"key":"SkillPotion"},{"floor":46.0,"key":"SpeedPotion"}],"is_trial":false,"path_per_floor":["M","$","?","M","M","R","E","?","T","M","R","M","M","?","R","B",null,"M","$","M","M","M","E","R","M","T","R","?","R","E","M","R","B",null,"M","?","?","M","$","E","M","E","T","M","R","M","R","$","R","B",null,"R","$","E","B",null],"character_chosen":"DEFECT","items_purchased":["Go for the Eyes","Mummified Hand","Lee\u0027s Waffle","PowerPotion"],"campfire_rested":1,"item_purchase_floors":[2,39,39,53],"current_hp_per_floor":[74,74,56,56,56,56,40,17,17,24,24,22,14,32,32,11,75,75,75,75,73,66,34,34,38,38,38,38,38,45,37,61,10,80,67,67,67,62,87,87,87,87,87,87,87,87,87,87,87,78,87,87,87,87,74],"gold":72,"neow_bonus":"UPGRADE_CARD","is_prod":false,"is_daily":false,"chose_seed":false,"campfire_upgraded":9,"win_rate":0,"timestamp":1549143140,"path_taken":["M","?","?","M","M","R","E","?","T","M","R","M","M","?","R","BOSS","M","$","M","M","M","E","R","M","T","R","?","R","E","M","R","BOSS","M","?","?","M","$","E","M","E","T","M","R","M","R","$","R","BOSS","R","$","E","BOSS"],"build_version":"2019-01-23","purchased_purges":3,"victory":true,"max_hp_per_floor":[75,75,75,75,75,75,75,75,75,75,75,75,75,75,75,75,75,75,75,75,75,75,75,75,80,80,80,80,80,80,80,80,80,80,80,80,80,80,87,87,87,87,87,87,87,87,87,87,87,87,87,87,87,87,87],"card_choices":[{"not_picked":["Ball Lightning","Undo"],"picked":"Streamline","floor":1.0},{"not_picked":["Go for the Eyes","Undo"],"picked":"Leap","floor":4.0},{"not_picked":["Fusion","Ball Lightning"],"picked":"Static Discharge","floor":5.0},{"not_picked":["Lockon","Fusion"],"picked":"White Noise","floor":7.0},{"not_picked":["Double Energy","Gash"],"picked":"Self Repair","floor":8.0},{"not_picked":["Rainbow","Fusion"],"picked":"Steam","floor":10.0},{"not_picked":["Sweeping Beam","Coolheaded"],"picked":"Loop","floor":12.0},{"not_picked":["Gash","Darkness","Steam"],"picked":"SKIP","floor":13.0},{"not_picked":["Thunder Strike","Reboot"],"picked":"Machine Learning","floor":16.0},{"not_picked":["Blizzard+1","Go for the Eyes","Streamline+1"],"picked":"SKIP","floor":18.0},{"not_picked":["Chaos","Steam+1"],"picked":"Melter+1","floor":20.0},{"not_picked":["Rebound+1","Coolheaded"],"picked":"Meteor Strike","floor":21.0},{"not_picked":["Barrage","Steam"],"picked":"Coolheaded","floor":22.0},{"not_picked":["Turbo+1","Undo","Redo"],"picked":"SKIP","floor":23.0},{"not_picked":["Chaos","Cold Snap+1"],"picked":"Hologram","floor":25.0},{"not_picked":["Compile Driver","Glacier"],"picked":"Echo Form","floor":30.0},{"not_picked":["Leap","Hello World"],"picked":"Sweeping Beam","floor":31.0},{"not_picked":["Sweeping Beam","Rebound"],"picked":"Auto Shields+1","floor":32.0},{"not_picked":["Fission","Amplify"],"picked":"Buffer","floor":33.0},{"not_picked":["Undo+1","Steam+1"],"picked":"Hologram","floor":35.0},{"not_picked":["Compile Driver","Cold Snap"],"picked":"Conserve Battery+1","floor":38.0},{"not_picked":["Conserve Battery+1","Chaos"],"picked":"Glacier+1","floor":40.0},{"not_picked":["Streamline","Steam Power","Rebound"],"picked":"SKIP","floor":41.0},{"not_picked":["Turbo","Cold Snap"],"picked":"Buffer+1","floor":42.0},{"not_picked":["Hologram+1","Sweeping Beam","Steam+1"],"picked":"SKIP","floor":44.0},{"not_picked":["Go for the Eyes+1","Beam Cell+1"],"picked":"Capacitor+1","floor":46.0},{"not_picked":["Go for the Eyes+1","Barrage+1"],"picked":"Loop+1","floor":54.0}],"player_experience":335024,"relics_obtained":[{"floor":7.0,"key":"Dodecahedron"},{"floor":8.0,"key":"Ice Cream"},{"floor":9.0,"key":"Dream Catcher"},{"floor":23.0,"key":"Bottled Lightning"},{"floor":26.0,"key":"Ginger"},{"floor":30.0,"key":"Letter Opener"},{"floor":40.0,"key":"Frozen Egg 2"},{"floor":42.0,"key":"Boot"},{"floor":54.0,"key":"Pen Nib"}],"event_choices":[{"damage_healed":0.0,"max_hp_gain":0.0,"max_hp_loss":0.0,"gold_gain":0.0,"event_name":"Golden Idol","player_choice":"Take Damage","floor":3.0,"gold_loss":0.0,"damage_taken":18.0,"relics_obtained":["Golden Idol"]},{"damage_healed":0.0,"max_hp_gain":0.0,"max_hp_loss":0.0,"gold_gain":0.0,"event_name":"Dead Adventurer","player_choice":"Searched \u00271\u0027 times","floor":8.0,"gold_loss":0.0,"damage_taken":0.0},{"damage_healed":18.0,"max_hp_gain":0.0,"max_hp_loss":0.0,"gold_gain":0.0,"event_name":"The Cleric","player_choice":"Healed","floor":14.0,"gold_loss":35.0,"damage_taken":0.0},{"damage_healed":0.0,"max_hp_gain":0.0,"max_hp_loss":0.0,"gold_gain":0.0,"event_name":"Addict","player_choice":"Obtained Relic","floor":28.0,"gold_loss":85.0,"damage_taken":0.0,"relics_obtained":["PreservedInsect"]},{"damage_healed":0.0,"max_hp_gain":0.0,"max_hp_loss":0.0,"gold_gain":0.0,"event_name":"Tomb of Lord Red Mask","player_choice":"Ignored","floor":36.0,"gold_loss":0.0,"damage_taken":0.0},{"damage_healed":0.0,"max_hp_gain":0.0,"max_hp_loss":0.0,"gold_gain":0.0,"event_name":"SensoryStone","player_choice":"Memory 1","floor":37.0,"gold_loss":0.0,"damage_taken":0.0}],"is_beta":false,"boss_relics":[{"not_picked":["Runic Dome","Nuclear Battery"],"picked":"Snecko Eye"},{"not_picked":["Calling Bell","Eternal Feather"],"picked":"White Beast Statue"}],"items_purged_floors":[19,39,48],"is_endless":false,"potions_floor_spawned":[7,12,13,20,23,25,35,38,40,41,42,44,46,54],"ascension_level":1}