{"gold_per_floor":[114,114,128,141,141,167,152,152,177,102,117,144,144,155,155,231,231,241,229,84,84,84,84,109,122,122,122,149,149,176,5,5,79,79,96,111,111,111,111],"floor_reached":39,"playtime":2197,"items_purged":["Strike_G","Strike_G"],"score":870,"play_id":"fef113fb-77a6-45f3-b873-c72adef4798c","local_time":"20180807004846","is_ascension_mode":true,"campfire_choices":[{"data":"Glass Knife","floor":8,"key":"SMITH"},{"floor":13,"key":"REST"},{"data":"Footwork","floor":15,"key":"SMITH"},{"data":"Concentrate","floor":23,"key":"SMITH"},{"data":"Expertise","floor":27,"key":"SMITH"},{"floor":32,"key":"REST"}],"neow_cost":"TEN_PERCENT_HP_LOSS","seed_source_timestamp":74955794698445,"circlet_count":0,"master_deck":["Defend_G","Defend_G","Defend_G","Survivor","Neutralize","AscendersBane","Glass Knife+1","Dagger Throw","Leg Sweep","Blur","Tactician","Dagger Spray","Deadly Poison","Footwork+1","Backflip","Tools of the Trade","Expertise+1","Concentrate+1","Calculated Gamble","PiercingWail","Blur","Well Laid Plans","Grand Finale","Madness","Madness","Purity","Master of Strategy","Dark Shackles"],"relics":["Ring of the Snake","Strawberry","Snake Skull","Lantern","Cursed Key","Regal Pillow","Happy Flower","Anchor","Empty Cage"],"potions_floor_usage":[25,28,39],"damage_taken":[{"damage":0,"enemies":"2 Louse","floor":1,"turns":3},{"damage":5,"enemies":"Small Slimes","floor":3,"turns":4},{"damage":0,"enemies":"Jaw Worm","floor":4,"turns":4},{"damage":32,"enemies":"Gremlin Nob","floor":6,"turns":6},{"damage":1,"enemies":"Exordium Thugs","floor":7,"turns":7},{"damage":0,"enemies":"Looter","floor":11,"turns":3},{"damage":12,"enemies":"Lagavulin","floor":12,"turns":8},{"damage":0,"enemies":"Blue Slaver","floor":14,"turns":4},{"damage":0,"enemies":"The Guardian","floor":16,"turns":16},{"damage":6,"enemies":"Shell Parasite","floor":18,"turns":6},{"damage":11,"enemies":"2 Thieves","floor":19,"turns":4},{"damage":4,"enemies":"Book of Stabbing","floor":24,"turns":11},{"damage":2,"enemies":"Snecko","floor":25,"turns":6},{"damage":11,"enemies":"Slavers","floor":28,"turns":6},{"damage":19,"enemies":"Book of Stabbing","floor":30,"turns":9},{"damage":8,"enemies":"Automaton","floor":33,"turns":20},{"damage":0,"enemies":"Flame Bruiser 1 Orb","floor":35,"turns":6},{"damage":0,"enemies":"3 Darklings","floor":36,"turns":5},{"damage":44,"enemies":"Transient","floor":39,"turns":3}],"seed_played":"-3696099527940363577","potions_obtained":[{"floor":6,"key":"LiquidBronze"},{"floor":11,"key":"Swift Potion"},{"floor":18,"key":"PowerPotion"},{"floor":33,"key":"Explosive Potion"}],"is_trial":false,"path_per_floor":["M","?","M","M","?","E","M","R","T","?","M","E","R","M","R","B",null,"M","M","$","?","?","R","E","M","T","R","E","?","E","$","R","B",null,"M","M","?","?"],"character_chosen":"THE_SILENT","items_purchased":["Concentrate","Well Laid Plans"],"campfire_rested":2,"item_purchase_floors":[20,31],"current_hp_per_floor":[59,59,54,54,47,22,21,21,21,21,21,9,29,29,29,29,58,52,41,41,41,41,41,37,35,35,35,24,24,5,5,40,32,58,58,58,46,36,0],"gold":111,"neow_bonus":"THREE_RARE_CARDS","is_prod":false,"is_daily":false,"chose_seed":false,"campfire_upgraded":4,"win_rate":0,"timestamp":1533570526,"path_taken":["M","?","M","?","?","E","M","R","T","?","M","E","R","M","R","BOSS","M","M","$","?","?","R","E","M","T","R","E","?","E","$","R","BOSS","M","M","?","?","M"],"build_version":"2018-08-02","purchased_purges":2,"victory":false,"max_hp_per_floor":[60,60,60,60,60,67,67,67,67,67,67,67,67,67,67,67,67,67,67,67,67,67,67,67,67,67,67,67,67,67,67,67,67,67,67,67,67,67,67],"card_choices":[{"not_picked":["Bullet Time","Doppelganger"],"picked":"Glass Knife","floor":0},{"not_picked":["Slice","Deflect"],"picked":"Dagger Throw","floor":1},{"not_picked":["Acrobatics","Cloak And Dagger"],"picked":"Leg Sweep","floor":3},{"not_picked":["Blade Dance","Underhanded Strike"],"picked":"Blur","floor":4},{"not_picked":["Doppelganger","Deadly Poison"],"picked":"Tactician","floor":6},{"not_picked":["Backflip","Sucker Punch"],"picked":"Dagger Spray","floor":7},{"not_picked":["Dodge and Roll","Bullet Time"],"picked":"Deadly Poison","floor":11},{"not_picked":["Backflip","Riddle With Holes"],"picked":"Footwork","floor":12},{"not_picked":["Accuracy","Poisoned Stab"],"picked":"Backflip","floor":14},{"not_picked":["Doppelganger","Malaise"],"picked":"Tools of the Trade","floor":16},{"not_picked":["Bane","Dash"],"picked":"Expertise","floor":18},{"not_picked":["Finisher","Dagger Throw","Sucker Punch+1"],"picked":"SKIP","floor":19},{"not_picked":["Terror","Noxious Fumes"],"picked":"Calculated Gamble","floor":24},{"not_picked":["Dodge and Roll","Skewer","Flying Knee"],"picked":"SKIP","floor":25},{"not_picked":["Dodge and Roll","Bane+1"],"picked":"PiercingWail","floor":28},{"not_picked":["Dash","Blade Dance"],"picked":"Blur","floor":30},{"not_picked":["Glass Knife","A Thousand Cuts"],"picked":"Grand Finale","floor":33},{"not_picked":["Quick Slash","Prepared","Deflect"],"picked":"SKIP","floor":35},{"not_picked":["Prepared","Outmaneuver","Dash+1"],"picked":"SKIP","floor":36},{"not_picked":["Secret Weapon","Mind Blast"],"picked":"Purity","floor":38},{"not_picked":["Mind Blast","Dramatic Entrance"],"picked":"Master of Strategy","floor":38},{"not_picked":["Dramatic Entrance","Bandage Up"],"picked":"Dark Shackles","floor":38}],"player_experience":579367,"relics_obtained":[{"floor":6,"key":"Strawberry"},{"floor":9,"key":"Snake Skull"},{"floor":12,"key":"Lantern"},{"floor":24,"key":"Regal Pillow"},{"floor":28,"key":"Happy Flower"},{"floor":30,"key":"Anchor"}],"event_choices":[{"event_name":"Liars Game","player_choice":"disagreed","floor":2,"damage_taken":0},{"event_name":"Golden Wing","player_choice":"Card Removal","floor":5,"damage_taken":0},{"event_name":"The Cleric","player_choice":"Card Removal","floor":10,"damage_taken":0},{"event_name":"Drug Dealer","player_choice":"Ignored","floor":21,"damage_taken":0},{"event_name":"Ghosts","player_choice":"Ignored","floor":22,"damage_taken":0},{"event_name":"Wheel of Change","player_choice":"Card Removal","floor":29,"damage_taken":0},{"event_name":"Winding Halls","player_choice":"Embrace Madness","floor":37,"damage_taken":0},{"event_name":"SensoryStone","player_choice":"Memory 3","floor":38,"damage_taken":0}],"is_beta":false,"boss_relics":[{"not_picked":["Calling Bell","Lizard Tail"],"picked":"Cursed Key"},{"not_picked":["Orrery","WristBlade"],"picked":"Empty Cage"}],"items_purged_floors":[20,31],"is_endless":false,"potions_floor_spawned":[6,11,12,14,16,18,19,33],"killed_by":"Transient","ascension_level":15}