{"gold_per_floor":[118,136,211,211,228,228,228,242,269,282,282,282,294,304,304,409,459,475,475,295,306,323,323,323],"floor_reached":24,"playtime":2380,"items_purged":["Regret"],"score":190,"play_id":"528c6915-5dda-485a-94eb-39e22ae5e724","local_time":"20190103225433","is_ascension_mode":false,"campfire_choices":[{"data":"Bash","floor":6,"key":"SMITH"},{"floor":12,"key":"REST"},{"data":"Flex","floor":15,"key":"SMITH"},{"floor":23,"key":"REST"}],"neow_cost":"","seed_source_timestamp":1202312048274548,"circlet_count":0,"master_deck":["Strike_R","Strike_R","Strike_R","Strike_R","Strike_R","Defend_R","Defend_R","Defend_R","Defend_R","Bash+1","Pommel Strike+1","Iron Wave","Twin Strike","Twin Strike","Flame Barrier","Bludgeon","Flex+1","Juggernaut","Anger","Whirlwind","Headbutt","Mind Blast","Seeing Red","Thunderclap"],"relics":["Burning Blood","Potion Belt","Centennial Puzzle","Tiny House"],"potions_floor_usage":[16,24,24],"damage_taken":[{"damage":7,"enemies":"Cultist","floor":1,"turns":5},{"damage":0,"enemies":"2 Louse","floor":2,"turns":2},{"damage":2,"enemies":"Small Slimes","floor":5,"turns":4},{"damage":8,"enemies":"Blue Slaver","floor":8,"turns":4},{"damage":17,"enemies":"Gremlin Gang","floor":10,"turns":4},{"damage":5,"enemies":"2 Fungi Beasts","floor":13,"turns":4},{"damage":14,"enemies":"Blue Slaver","floor":14,"turns":4},{"damage":52,"enemies":"The Guardian","floor":16,"turns":13},{"damage":32,"enemies":"2 Thieves","floor":18,"turns":5},{"damage":29,"enemies":"Shell Parasite","floor":21,"turns":7},{"damage":31,"enemies":"Cultist and Chosen","floor":22,"turns":6},{"damage":37,"enemies":"Slavers","floor":24,"turns":4}],"seed_played":"5732206080892501045","potions_obtained":[{"floor":1,"key":"Regen Potion"},{"floor":2,"key":"Swift Potion"},{"floor":8,"key":"Dexterity Potion"},{"floor":14,"key":"PowerPotion"},{"floor":17,"key":"Dexterity Potion"},{"floor":18,"key":"PowerPotion"}],"is_trial":false,"path_per_floor":["M","M","?","?","M","R","?","M","T","M","?","R","M","M","R","B",null,"M","?","$","M","M","R","E"],"character_chosen":"IRONCLAD","items_purchased":["Headbutt","Mind Blast"],"campfire_rested":2,"item_purchase_floors":[20,20],"current_hp_per_floor":[79,80,69,69,73,73,73,71,71,60,60,80,80,72,72,41,85,59,59,59,36,11,36,0],"gold":323,"neow_bonus":"","is_prod":false,"is_daily":false,"chose_seed":false,"campfire_upgraded":2,"win_rate":0.0,"timestamp":1546574073,"path_taken":["M","M","?","?","M","R","?","M","T","M","?","R","M","M","R","BOSS","M","?","$","?","M","R","E"],"build_version":"2019-01-03v2","purchased_purges":1,"victory":false,"max_hp_per_floor":[80,80,80,80,80,80,80,80,80,80,80,80,80,80,80,80,85,85,85,85,85,85,85,85],"card_choices":[{"not_picked":["Feel No Pain","Intimidate"],"picked":"Pommel Strike","floor":1},{"not_picked":["Disarm","Rupture"],"picked":"Iron Wave","floor":2},{"not_picked":["Combust","Body Slam"],"picked":"Twin Strike","floor":5},{"not_picked":["Sword Boomerang","Shrug It Off"],"picked":"Twin Strike","floor":8},{"not_picked":["Warcry","Body Slam"],"picked":"Flame Barrier","floor":10},{"not_picked":["Headbutt","Shrug It Off"],"picked":"Bludgeon","floor":13},{"not_picked":["Thunderclap","Cleave"],"picked":"Flex","floor":14},{"not_picked":["Demon Form","Offering"],"picked":"Juggernaut","floor":16},{"not_picked":["Twin Strike","Burning Pact"],"picked":"Anger","floor":17},{"not_picked":["Reckless Charge","Second Wind"],"picked":"Whirlwind","floor":18},{"not_picked":["Clothesline","Sword Boomerang"],"picked":"Seeing Red","floor":21},{"not_picked":["Blood for Blood+1","Clash"],"picked":"Thunderclap","floor":22}],"player_experience":0,"relics_obtained":[{"floor":9,"key":"Centennial Puzzle"}],"event_choices":[{"damage_healed":0,"gold_gain":75,"player_choice":"Gather Gold","damage_taken":11,"max_hp_gain":0,"max_hp_loss":0,"event_name":"World of Goop","floor":3,"gold_loss":0},{"damage_healed":0,"gold_gain":0,"player_choice":"Ignored","damage_taken":0,"max_hp_gain":0,"max_hp_loss":0,"event_name":"Liars Game","floor":4,"gold_loss":0},{"damage_healed":0,"gold_gain":0,"player_choice":"Box","damage_taken":0,"relics_obtained":["Potion Belt"],"max_hp_gain":0,"max_hp_loss":0,"event_name":"Big Fish","floor":7,"gold_loss":0,"cards_obtained":["Regret"]},{"damage_healed":0,"gold_gain":0,"player_choice":"Ignored","damage_taken":0,"max_hp_gain":0,"max_hp_loss":0,"event_name":"Golden Idol","floor":11,"gold_loss":0},{"damage_healed":0,"gold_gain":0,"player_choice":"Bought 0 Potions","damage_taken":0,"max_hp_gain":0,"max_hp_loss":0,"event_name":"The Woman in Blue","floor":19,"gold_loss":0}],"is_beta":false,"boss_relics":[{"not_picked":["Mark of Pain","Snecko Eye"],"picked":"Tiny House"}],"items_purged_floors":[20],"is_endless":false,"potions_floor_spawned":[1,2,8,14,18],"killed_by":"Slavers","ascension_level":0}