{"gold_per_floor":[119,132,21,21,32,32,32,61,61,74,84,100,100,110,110,210,210,223,96,96,96,49,49,0,0,0,0,29,39,57,57,57,161,161,179,179,179,279,299,299,299,317,317,70,81,81,81,94,94,94],"floor_reached":51,"playtime":3177,"items_purged":["Decay"],"score":762,"play_id":"8e992ab9-29c6-439c-b6cb-48db3781934e","local_time":"20190307145049","is_ascension_mode":true,"campfire_choices":[{"data":"Deflect","floor":6.0,"key":"SMITH"},{"floor":13.0,"key":"REST"},{"floor":15.0,"key":"REST"},{"data":"Accuracy","floor":23.0,"key":"SMITH"},{"data":"Footwork","floor":27.0,"key":"SMITH"},{"data":"Infinite Blades","floor":32.0,"key":"SMITH"},{"floor":40.0,"key":"RECALL"}],"neow_cost":"CURSE","seed_source_timestamp":7000635561399535,"circlet_count":0,"master_deck":["Defend_G+1","Defend_G+1","Defend_G+1","Defend_G+1","Strike_G+1","Strike_G+1","Survivor+1","Neutralize+1","Quick Slash+1","Deflect+1","Footwork+1","Backflip+1","Cloak And Dagger+1","Infinite Blades+1","Deflect+1","Noxious Fumes+1","Accuracy+1","PiercingWail+1","Backflip+1","Cloak And Dagger+1","Cloak And Dagger+1","Envenom+1","Deflect+1","Backflip+1"],"special_seed":0,"relics":["Ring of the Snake","Calipers","Pocketwatch","Coffee Dripper","MutagenicStrength","Dodecahedron","WingedGreaves","Empty Cage","Mark of the Bloom","Meat on the Bone","Shuriken"],"potions_floor_usage":[48,50],"damage_taken":[{"damage":2.0,"enemies":"Cultist","floor":1.0,"turns":4.0},{"damage":9.0,"enemies":"2 Louse","floor":2.0,"turns":3.0},{"damage":1.0,"enemies":"Jaw Worm","floor":5.0,"turns":5.0},{"damage":49.0,"enemies":"Gremlin Nob","floor":8.0,"turns":6.0},{"damage":0.0,"enemies":"Exordium Wildlife","floor":10.0,"turns":4.0},{"damage":0.0,"enemies":"3 Louse","floor":11.0,"turns":5.0},{"damage":0.0,"enemies":"Gremlin Gang","floor":12.0,"turns":6.0},{"damage":0.0,"enemies":"Blue Slaver","floor":14.0,"turns":6.0},{"damage":3.0,"enemies":"The Guardian","floor":16.0,"turns":23.0},{"damage":6.0,"enemies":"Spheric Guardian","floor":18.0,"turns":10.0},{"damage":0.0,"enemies":"Gremlin Leader","floor":28.0,"turns":9.0},{"damage":5.0,"enemies":"Shell Parasite","floor":29.0,"turns":7.0},{"damage":0.0,"enemies":"Shelled Parasite and Fungi","floor":30.0,"turns":6.0},{"damage":25.0,"enemies":"Champ","floor":33.0,"turns":17.0},{"damage":0.0,"enemies":"3 Shapes","floor":35.0,"turns":6.0},{"damage":0.0,"enemies":"3 Darklings","floor":39.0,"turns":7.0},{"damage":0.0,"enemies":"Nemesis","floor":41.0,"turns":8.0},{"damage":0.0,"enemies":"Writhing Mass","floor":42.0,"turns":7.0},{"damage":0.0,"enemies":"4 Shapes","floor":45.0,"turns":6.0},{"damage":0,"enemies":"Jaw Worm Horde","floor":48,"turns":5},{"damage":5,"enemies":"Donu and Deca","floor":50,"turns":9}],"seed_played":"-702363918635666069","potions_obtained":[{"floor":2.0,"key":"SkillPotion"},{"floor":8.0,"key":"Strength Potion"},{"floor":10.0,"key":"Poison Potion"},{"floor":14.0,"key":"PowerPotion"},{"floor":16.0,"key":"SmokeBomb"},{"floor":18.0,"key":"GhostInAJar"},{"floor":28.0,"key":"FearPotion"},{"floor":30.0,"key":"GhostInAJar"},{"floor":35.0,"key":"Ancient Potion"}],"is_trial":false,"path_per_floor":["M","M","$","?","M","R","$","E","T","M","M","M","R","M","R","B",null,"M","$","?","?","$","R","$","?","T","R","E","M","M","?","R","B",null,"M","?","?","?","M","R","E","M","T","$","M","$","R","M","R","B",null],"character_chosen":"THE_SILENT","items_purchased":["Footwork","Accuracy","PiercingWail","Backflip","Cloak And Dagger","Shuriken"],"campfire_rested":2,"item_purchase_floors":[3,19,19,22,24,44],"current_hp_per_floor":[68,59,59,59,58,58,58,9,9,9,9,9,30,30,51,48,70,64,64,64,64,64,64,64,64,64,64,64,59,59,59,59,34,70,70,70,70,70,70,70,70,70,70,70,70,70,70,70,70,65],"gold":94,"neow_bonus":"ONE_RARE_RELIC","is_prod":false,"is_daily":false,"chose_seed":false,"campfire_upgraded":4,"win_rate":0,"timestamp":1551988249,"path_taken":["M","?","$","?","M","R","$","E","T","M","M","M","R","M","R","BOSS","M","$","?","?","$","R","?","?","T","R","E","?","M","?","R","BOSS","M","?","?","?","?","R","E","M","T","$","M","$","R","M","R","BOSS"],"build_version":"2019-01-23","purchased_purges":1,"victory":true,"max_hp_per_floor":[70,70,70,70,70,70,70,70,70,70,70,70,70,70,70,70,70,70,70,70,70,70,70,70,70,70,70,70,70,70,70,70,70,70,70,70,70,70,70,70,70,70,70,70,70,70,70,70,70,70],"card_choices":[{"not_picked":["Slice","Riddle With Holes"],"picked":"Quick Slash","floor":1.0},{"not_picked":["Dagger Throw","Setup"],"picked":"Deflect","floor":2.0},{"not_picked":["Deadly Poison","Skewer","Finisher"],"picked":"SKIP","floor":5.0},{"not_picked":["Escape Plan","Dagger Throw","Night Terror"],"picked":"SKIP","floor":8.0},{"not_picked":["Prepared","Choke"],"picked":"Backflip","floor":10.0},{"not_picked":["Slice","Poisoned Stab"],"picked":"Cloak And Dagger","floor":11.0},{"not_picked":["Flying Knee","Escape Plan"],"picked":"Infinite Blades","floor":12.0},{"not_picked":["Dagger Throw","Prepared"],"picked":"Deflect","floor":14.0},{"not_picked":["Flechettes","Flying Knee+1"],"picked":"Noxious Fumes","floor":18.0},{"not_picked":["Dodge and Roll","All Out Attack"],"picked":"Cloak And Dagger","floor":28.0},{"not_picked":["Slice+1","Sucker Punch","Choke"],"picked":"SKIP","floor":29.0},{"not_picked":["Eviscerate","Quick Slash","Flying Knee"],"picked":"SKIP","floor":30.0},{"not_picked":["Grand Finale","Adrenaline"],"picked":"Envenom","floor":33.0},{"not_picked":["Endless Agony","PiercingWail+1","Poisoned Stab"],"picked":"SKIP","floor":35.0},{"not_picked":["Heel Hook","Quick Slash","Outmaneuver+1"],"picked":"SKIP","floor":39.0},{"not_picked":["Flying Knee","Dagger Throw+1"],"picked":"Deflect+1","floor":42.0},{"not_picked":["Eviscerate+1","Bouncing Flask"],"picked":"Backflip+1","floor":45.0},{"not_picked":["PiercingWail+1","Masterful Stab+1","Underhanded Strike+1"],"picked":"SKIP","floor":48}],"player_experience":112599,"relics_obtained":[{"floor":8.0,"key":"Pocketwatch"},{"floor":26.0,"key":"Dodecahedron"},{"floor":28.0,"key":"WingedGreaves"},{"floor":43.0,"key":"Meat on the Bone"}],"event_choices":[{"damage_healed":0.0,"max_hp_gain":0.0,"max_hp_loss":0.0,"gold_gain":0.0,"event_name":"Golden Wing","player_choice":"Ignored","floor":4.0,"gold_loss":0.0,"damage_taken":0.0},{"damage_healed":0.0,"max_hp_gain":0.0,"max_hp_loss":0.0,"gold_gain":0.0,"event_name":"The Mausoleum","player_choice":"Ignored","floor":20.0,"gold_loss":0.0,"damage_taken":0.0},{"damage_healed":0.0,"max_hp_gain":0.0,"max_hp_loss":0.0,"gold_gain":0.0,"event_name":"Drug Dealer","player_choice":"Inject Mutagens","floor":21.0,"gold_loss":0.0,"damage_taken":0.0,"relics_obtained":["MutagenicStrength"]},{"cards_removed":["Strike_G"],"damage_healed":0.0,"max_hp_gain":0.0,"max_hp_loss":0.0,"gold_gain":0.0,"event_name":"Bonfire Elementals","player_choice":"Offered Basic","floor":25.0,"gold_loss":0.0,"damage_taken":0.0},{"damage_healed":0.0,"max_hp_gain":0.0,"max_hp_loss":0.0,"gold_gain":0.0,"event_name":"MindBloom","player_choice":"Upgrade","floor":36.0,"gold_loss":0.0,"damage_taken":0.0,"cards_upgraded":["Defend_G","Defend_G","Defend_G","Defend_G","Strike_G","Strike_G","Strike_G","Survivor","Neutralize","Quick Slash","Backflip","Cloak And Dagger","Deflect","Noxious Fumes","PiercingWail","Backflip","Cloak And Dagger","Cloak And Dagger","Envenom"],"relics_obtained":["Mark of the Bloom"]},{"cards_removed":["Strike_G"],"damage_healed":0.0,"max_hp_gain":0.0,"max_hp_loss":0.0,"gold_gain":0.0,"event_name":"Falling","player_choice":"Removed Attack","floor":37.0,"gold_loss":0.0,"damage_taken":0.0},{"damage_healed":0.0,"max_hp_gain":0.0,"max_hp_loss":0.0,"gold_gain":100.0,"event_name":"Golden Shrine","player_choice":"Pray","floor":38.0,"gold_loss":0.0,"damage_taken":0.0}],"is_beta":false,"boss_relics":[{"not_picked":["Snecko Eye","Busted Crown"],"picked":"Coffee Dripper"},{"not_picked":["Black Star","Astrolabe"],"picked":"Empty Cage"}],"items_purged_floors":[3],"is_endless":false,"potions_floor_spawned":[2,8,10,14,16,18,28,30,35,39,41],"ascension_level":2}