{"gold_per_floor":[113,113,63,76,91,91,16,26,26,26,41,56,73,90,90,90],"floor_reached":16,"playtime":565,"items_purged":["Defend_G"],"score":96,"play_id":"e0478ded-0714-4f15-96fa-b3588a4619b3","local_time":"20180903215157","is_ascension_mode":false,"campfire_choices":[{"data":"Strike_G","floor":6,"key":"PURGE"},{"data":"Defend_G","floor":10,"key":"PURGE"},{"data":"Strike_G","floor":15,"key":"SMITH"}],"neow_cost":"TEN_PERCENT_HP_LOSS","seed_source_timestamp":182744568587618,"circlet_count":0,"master_deck":["Defend_G","Defend_G","Defend_G","Strike_G","Strike_G+1","Strike_G+1","Survivor+1","Neutralize","Slice"],"relics":["Ring of the Snake","Peace Pipe","Singing Bowl"],"potions_floor_usage":[16,16],"damage_taken":[{"damage":0,"enemies":"2 Louse","floor":1,"turns":4},{"damage":0,"enemies":"Jaw Worm","floor":4,"turns":5},{"damage":0,"enemies":"Small Slimes","floor":5,"turns":4},{"damage":5,"enemies":"Exordium Thugs","floor":8,"turns":9},{"damage":1,"enemies":"2 Fungi Beasts","floor":11,"turns":4},{"damage":0,"enemies":"3 Louse","floor":12,"turns":4},{"damage":0,"enemies":"Blue Slaver","floor":13,"turns":5},{"damage":36,"enemies":"Lots of Slimes","floor":14,"turns":8},{"damage":18,"enemies":"Hexaghost","floor":16,"turns":11}],"seed_played":"-8868858617764666099","potions_obtained":[{"floor":5,"key":"Block Potion"},{"floor":8,"key":"Dexterity Potion"},{"floor":13,"key":"SpeedPotion"}],"is_trial":false,"path_per_floor":["M","?","?","M","M","R","$","M","T","R","M","M","M","M","R"],"character_chosen":"THE_SILENT","items_purchased":[],"campfire_rested":0,"item_purchase_floors":[],"current_hp_per_floor":[63,50,50,50,50,50,50,45,45,45,46,48,50,14,14,0],"gold":90,"neow_bonus":"ONE_RARE_RELIC","is_prod":false,"is_daily":false,"chose_seed":false,"campfire_upgraded":1,"win_rate":0,"timestamp":1535979117,"path_taken":["M","?","?","M","?","R","$","M","T","R","M","M","M","M","R","BOSS"],"build_version":"2018-08-30","purchased_purges":1,"victory":false,"max_hp_per_floor":[63,63,63,63,63,63,63,63,63,63,65,67,69,69,69,69],"card_choices":[{"not_picked":["Flying Knee","Deflect","Sucker Punch"],"picked":"SKIP","floor":1},{"not_picked":["Riddle With Holes","Backflip","Deflect"],"picked":"SKIP","floor":4},{"not_picked":["All Out Attack","PiercingWail","Leg Sweep"],"picked":"SKIP","floor":5},{"not_picked":["Quick Slash","Underhanded Strike","Sucker Punch"],"picked":"SKIP","floor":8},{"not_picked":["Setup","Terror","Dagger Spray"],"picked":"Singing Bowl","floor":11},{"not_picked":["Blade Dance","Choke","Catalyst"],"picked":"Singing Bowl","floor":12},{"not_picked":["After Image","Concentrate","Poisoned Stab"],"picked":"Singing Bowl","floor":13},{"not_picked":["Prepared","Infinite Blades"],"picked":"Slice","floor":14}],"player_experience":624270,"relics_obtained":[{"floor":9,"key":"Singing Bowl"}],"event_choices":[{"event_name":"Shining Light","player_choice":"Entered Light","floor":2,"damage_taken":0},{"event_name":"The Cleric","player_choice":"Card Removal","floor":3,"damage_taken":0}],"is_beta":false,"boss_relics":[],"items_purged_floors":[7],"is_endless":false,"potions_floor_spawned":[5,8,13,14],"killed_by":"Hexaghost","ascension_level":0}