{"path_per_floor":["M","M","$","?","M","R","E","T","T","R","$","?","M","M","R","B",null,"M","?","T","M","M","R","M","E","T"],"character_chosen":"DEFECT","items_purchased":["Capacitor","Doom and Gloom","Scrape"],"gold_per_floor":[115,132,5,5,16,16,42,42,42,42,8,8,23,43,43,142,142,158,158,184,197,215,215,235,264,289,289],"floor_reached":27,"campfire_rested":1,"playtime":813,"item_purchase_floors":[3,3,11],"current_hp_per_floor":[68,60,60,45,45,45,10,10,10,47,47,47,47,35,35,36,75,74,74,74,52,39,39,31,13,13,0],"items_purged":[],"gold":289,"score":268,"play_id":"f3afc376-a5bd-4b49-94a4-d22d8d7ed6c9","local_time":"20180520042629","is_prod":false,"is_daily":false,"chose_seed":false,"is_ascension_mode":true,"campfire_upgraded":3,"timestamp":1526757989,"campfire_choices":[{"data":"Doom and Gloom","floor":6,"key":"SMITH"},{"floor":10,"key":"REST"},{"data":"Sunder","floor":15,"key":"SMITH"},{"data":"Glacier","floor":23,"key":"SMITH"}],"path_taken":["M","M","$","?","?","R","E","?","T","R","$","?","M","M","R","BOSS","M","?","?","M","M","R","M","E","T","E"],"build_version":"2018-05-18","seed_source_timestamp":442883773308084,"purchased_purges":0,"victory":false,"master_deck":["Strike_B","Strike_B+1","Strike_B+1","Strike_B","Defend_B","Defend_B","Defend_B","Defend_B","Zap+1","Dualcast","Go for the Eyes","Cold Snap","Consume+1","Capacitor","Doom and Gloom+1","Stack","Rebound","Scrape+1","Sunder+1","Chill","Seek","Skim","Glacier+1","Coolheaded"],"max_hp_per_floor":[75,75,75,75,75,75,75,75,75,75,75,75,75,75,75,75,75,75,75,75,75,75,75,75,75,75,75],"relics":["Cracked Core","Dodecahedron","Regal Pillow","Cables","Inserter","Whetstone","Blood Vial"],"card_choices":[{"not_picked":["Reinforced Body","Steam"],"picked":"Go for the Eyes","floor":0},{"not_picked":["Heatsinks","Scrape"],"picked":"Cold Snap","floor":1},{"not_picked":["Steam","Heatsinks"],"picked":"Consume","floor":2},{"not_picked":["Sweeping Beam","Ball Lightning"],"picked":"Stack","floor":5},{"not_picked":["Loop","Hologram"],"picked":"Rebound","floor":7},{"not_picked":["Redo","Skim"],"picked":"Sunder","floor":13},{"not_picked":["Streamline","Blizzard"],"picked":"Chill","floor":14},{"not_picked":["Electrodynamics","Creative AI"],"picked":"Seek","floor":16},{"not_picked":["Rebound+1","Hello World"],"picked":"Skim","floor":18},{"not_picked":["Genetic Algorithm","Lockon+1","Scrape"],"picked":"SKIP","floor":21},{"not_picked":["Chaos","Blizzard"],"picked":"Glacier","floor":22},{"not_picked":["Capacitor","Gash+1","Ball Lightning+1"],"picked":"SKIP","floor":24},{"not_picked":["Fusion","Scrape"],"picked":"Coolheaded","floor":25}],"player_experience":497241,"potions_floor_usage":[13,16,25,25],"damage_taken":[{"damage":7,"enemies":"Jaw Worm","floor":1,"turns":3},{"damage":8,"enemies":"Small Slimes","floor":2,"turns":2},{"damage":0,"enemies":"Cultist","floor":5,"turns":3},{"damage":35,"enemies":"Lagavulin","floor":7,"turns":6},{"damage":0,"enemies":"Gremlin Gang","floor":13,"turns":2},{"damage":12,"enemies":"Exordium Thugs","floor":14,"turns":3},{"damage":14,"enemies":"The Guardian","floor":16,"turns":9},{"damage":1,"enemies":"Spheric Guardian","floor":18,"turns":3},{"damage":22,"enemies":"2 Thieves","floor":21,"turns":4},{"damage":13,"enemies":"Snecko","floor":22,"turns":3},{"damage":8,"enemies":"Centurion and Healer","floor":24,"turns":7},{"damage":18,"enemies":"Slavers","floor":25,"turns":5},{"damage":20,"enemies":"Gremlin Leader","floor":27,"turns":2}],"relics_obtained":[{"floor":7,"key":"Dodecahedron"},{"floor":8,"key":"Regal Pillow"},{"floor":9,"key":"Cables"},{"floor":20,"key":"Whetstone"},{"floor":26,"key":"Blood Vial"}],"event_choices":[{"event_name":"Shining Light","player_choice":"Entered Light","floor":4,"damage_taken":0},{"event_name":"Upgrade Shrine","player_choice":"Upgraded","floor":12,"damage_taken":0},{"event_name":"Vampires","player_choice":"Ignored","floor":19,"damage_taken":0}],"boss_relics":[{"not_picked":["Calling Bell","Philosopher\u0027s Stone"],"picked":"Inserter"}],"items_purged_floors":[],"potions_floor_spawned":[1,5,7,14,18,22],"seed_played":"-6155820750158857903","killed_by":"Gremlin Leader","ascension_level":3,"potions_obtained":[{"floor":1,"key":"SkillPotion"},{"floor":5,"key":"SpeedPotion"},{"floor":7,"key":"Explosive Potion"},{"floor":14,"key":"Regen Potion"},{"floor":18,"key":"Energy Potion"},{"floor":22,"key":"SteroidPotion"}],"is_trial":false}