{"gold_per_floor":[115,134,134,12,12,12,43,55,103,122,141,141,172,187,187,291,291,303,320,235,135,135,135,169,169,169,180,180,194,194,33,33,129,129,140,151,151,170,189,189,202,202,202,152,152,152,119,129,129,129],"floor_reached":50,"playtime":2783,"items_purged":["Strike_G","Strike_G","Defend_G"],"score":519,"play_id":"d05f229d-eebc-440b-8756-601daf580935","local_time":"20190306221010","is_ascension_mode":true,"campfire_choices":[{"data":"Dagger Spray","floor":6.0,"key":"SMITH"},{"floor":12.0,"key":"REST"},{"floor":15.0,"key":"REST"},{"data":"Infinite Blades","floor":23.0,"key":"SMITH"},{"floor":25,"key":"REST"},{"data":"Blur","floor":28,"key":"SMITH"},{"floor":30,"key":"REST"},{"floor":32,"key":"REST"},{"floor":40,"key":"REST"},{"floor":42,"key":"REST"},{"floor":49,"key":"REST"}],"neow_cost":"NONE","seed_source_timestamp":6941018108086567,"circlet_count":0,"master_deck":["Defend_G","Defend_G","Defend_G","Defend_G","Strike_G","Survivor","Neutralize+1","Blade Dance","Noxious Fumes+1","Dagger Spray+1","Deadly Poison","PiercingWail","Cloak And Dagger","Infinite Blades+1","Malaise","Well Laid Plans","Blade Dance","Blur+1","Cloak And Dagger","After Image","Adrenaline","Dagger Throw+1","Madness","Madness","Backflip","Footwork"],"special_seed":0,"relics":["Ring of the Snake","Anchor","Art of War","Bottled Flame","WristBlade","Mummified Hand","Ginger","Dodecahedron","Busted Crown","Smiling Mask"],"potions_floor_usage":[33,33,50,50],"damage_taken":[{"damage":2.0,"enemies":"Cultist","floor":1.0,"turns":4.0},{"damage":0.0,"enemies":"Small Slimes","floor":2.0,"turns":2.0},{"damage":24.0,"enemies":"Gremlin Nob","floor":7.0,"turns":5.0},{"damage":0.0,"enemies":"Jaw Worm","floor":8.0,"turns":3.0},{"damage":0.0,"enemies":"Exordium Wildlife","floor":10.0,"turns":2.0},{"damage":13.0,"enemies":"Exordium Thugs","floor":11.0,"turns":5.0},{"damage":12.0,"enemies":"Lagavulin","floor":13.0,"turns":7.0},{"damage":0.0,"enemies":"3 Louse","floor":14.0,"turns":2.0},{"damage":40.0,"enemies":"Slime Boss","floor":16.0,"turns":8.0},{"damage":6.0,"enemies":"Shell Parasite","floor":18.0,"turns":5.0},{"damage":3.0,"enemies":"3 Byrds","floor":19.0,"turns":5.0},{"damage":25,"enemies":"Book of Stabbing","floor":24,"turns":6},{"damage":12,"enemies":"Centurion and Healer","floor":27,"turns":6},{"damage":17,"enemies":"3 Cultists","floor":29,"turns":5},{"damage":47,"enemies":"Automaton","floor":33,"turns":11},{"damage":0,"enemies":"Orb Walker","floor":35,"turns":4},{"damage":0,"enemies":"3 Darklings","floor":36,"turns":4},{"damage":5,"enemies":"Sphere and 2 Shapes","floor":38,"turns":6},{"damage":17,"enemies":"4 Shapes","floor":39,"turns":6},{"damage":25,"enemies":"Spire Growth","floor":41,"turns":6},{"damage":14,"enemies":"Transient","floor":48,"turns":5},{"damage":72,"enemies":"Awakened One","floor":50,"turns":13}],"seed_played":"-5503968762716317218","potions_obtained":[{"floor":2.0,"key":"SteroidPotion"},{"floor":8.0,"key":"FearPotion"},{"floor":10.0,"key":"Ancient Potion"},{"floor":19.0,"key":"SteroidPotion"},{"floor":33,"key":"Energy Potion"},{"floor":36,"key":"Weak Potion"}],"is_trial":false,"path_per_floor":["M","M","?","$","?","R","E","M","T","M","M","R","E","M","R","B",null,"M","M","?","$","?","R","E","R","T","M","R","M","R","$","R","B",null,"M","M","?","M","M","R","M","R","T","$","?","?","$","M","R","B"],"character_chosen":"THE_SILENT","items_purchased":["Dagger Spray","After Image","Footwork"],"campfire_rested":8,"item_purchase_floors":[4,31,47],"current_hp_per_floor":[68,68,68,68,73,73,49,49,49,49,36,58,46,46,68,28,75,69,66,66,66,66,66,41,63,63,51,51,34,56,56,75,28,75,75,75,66,61,44,66,41,63,63,63,63,63,63,49,71,0],"gold":129,"neow_bonus":"UPGRADE_CARD","is_prod":false,"is_daily":false,"chose_seed":false,"campfire_upgraded":3,"win_rate":0,"timestamp":1551928210,"path_taken":["M","M","?","$","?","R","E","M","T","M","M","R","E","M","R","BOSS","M","M","?","$","?","R","E","R","T","?","R","M","R","$","R","BOSS","M","M","?","M","M","R","M","R","T","$","?","?","$","M","R","BOSS"],"build_version":"2019-01-23","purchased_purges":3,"victory":false,"max_hp_per_floor":[70,70,70,70,75,75,75,75,75,75,75,75,75,75,75,75,75,75,75,75,75,75,75,75,75,75,75,75,75,75,75,75,75,75,75,75,75,75,75,75,75,75,75,75,75,75,75,75,75,75],"card_choices":[{"not_picked":["Escape Plan","Deflect"],"picked":"Blade Dance","floor":1.0},{"not_picked":["Choke","Sucker Punch"],"picked":"Noxious Fumes","floor":2.0},{"not_picked":["Grand Finale","Prepared"],"picked":"Deadly Poison","floor":7.0},{"not_picked":["Dagger Throw","Flying Knee"],"picked":"PiercingWail","floor":8.0},{"not_picked":["Sucker Punch","PiercingWail"],"picked":"Cloak And Dagger","floor":10.0},{"not_picked":["Underhanded Strike","Eviscerate"],"picked":"Infinite Blades","floor":11.0},{"not_picked":["Acrobatics","Flying Knee","Deadly Poison"],"picked":"SKIP","floor":13.0},{"not_picked":["Flying Knee","Masterful Stab","Outmaneuver"],"picked":"SKIP","floor":14.0},{"not_picked":["Adrenaline","Venomology"],"picked":"Malaise","floor":16.0},{"not_picked":["Dodge and Roll","Outmaneuver+1"],"picked":"Well Laid Plans","floor":18.0},{"not_picked":["Outmaneuver","Dodge and Roll"],"picked":"Blade Dance","floor":19.0},{"not_picked":["Dodge and Roll","Prepared","Leg Sweep"],"picked":"SKIP","floor":24},{"not_picked":["Burst","Deflect"],"picked":"Blur","floor":27},{"not_picked":["Crippling Poison+1","Backstab"],"picked":"Cloak And Dagger","floor":29},{"not_picked":["Doppelganger","Unload"],"picked":"Adrenaline","floor":33},{"not_picked":[],"picked":"Dagger Throw+1","floor":35},{"not_picked":["Underhanded Strike+1"],"picked":"SKIP","floor":36},{"not_picked":[],"picked":"Backflip","floor":38},{"not_picked":["Bane+1"],"picked":"SKIP","floor":39},{"not_picked":["Dodge and Roll+1"],"picked":"SKIP","floor":41},{"not_picked":["Outmaneuver"],"picked":"SKIP","floor":48}],"player_experience":109816,"relics_obtained":[{"floor":7.0,"key":"Anchor"},{"floor":9.0,"key":"Art of War"},{"floor":13.0,"key":"Bottled Flame"},{"floor":24,"key":"Ginger"},{"floor":26,"key":"Dodecahedron"},{"floor":43,"key":"Smiling Mask"}],"event_choices":[{"damage_healed":0.0,"max_hp_gain":0.0,"max_hp_loss":0.0,"gold_gain":0.0,"event_name":"Living Wall","player_choice":"Grow","floor":3.0,"gold_loss":0.0,"damage_taken":0.0,"cards_upgraded":["Noxious Fumes"]},{"damage_healed":0.0,"max_hp_gain":5.0,"max_hp_loss":0.0,"gold_gain":0.0,"event_name":"Big Fish","player_choice":"Donut","floor":5.0,"gold_loss":0.0,"damage_taken":0.0},{"damage_healed":0.0,"max_hp_gain":0.0,"max_hp_loss":0.0,"gold_gain":0.0,"event_name":"Addict","player_choice":"Obtained Relic","floor":20.0,"gold_loss":85.0,"damage_taken":0.0,"relics_obtained":["Mummified Hand"]},{"cards_removed":["Strike_G"],"damage_healed":0.0,"max_hp_gain":0.0,"max_hp_loss":0.0,"gold_gain":0.0,"event_name":"Bonfire Elementals","player_choice":"Offered Basic","floor":22.0,"gold_loss":0.0,"damage_taken":0.0},{"damage_healed":0,"gold_gain":0,"player_choice":"Embrace Madness","damage_taken":9,"max_hp_gain":0,"max_hp_loss":0,"event_name":"Winding Halls","floor":37,"gold_loss":0,"cards_obtained":["Madness","Madness"]},{"cards_removed":["Strike_G"],"damage_healed":0,"gold_gain":0,"player_choice":"Removed Attack","damage_taken":0,"max_hp_gain":0,"max_hp_loss":0,"event_name":"Falling","floor":45,"gold_loss":0},{"damage_healed":0,"gold_gain":0,"player_choice":"Ignored","damage_taken":0,"max_hp_gain":0,"max_hp_loss":0,"event_name":"Mysterious Sphere","floor":46,"gold_loss":0}],"is_beta":false,"boss_relics":[{"not_picked":["Orrery","Black Star"],"picked":"WristBlade"},{"not_picked":["Philosopher\u0027s Stone","Pandora\u0027s Box"],"picked":"Busted Crown"}],"items_purged_floors":[4,21,44],"is_endless":false,"potions_floor_spawned":[2,8,10,11,19,33,36,38],"killed_by":"Awakened One","ascension_level":2}