{"gold_per_floor":[112,127,146,159,84,84,119,119,145,178,192,192,192,211,211,340,403,416,416,430,444,143,143,183,183,207,207,207,207,230,110,110,110],"floor_reached":33,"playtime":1234,"items_purged":["Strike_R","Strike_R","Strike_R"],"score":289,"play_id":"ac067608-6e11-46a9-8fa3-1955464f646d","local_time":"20190306230020","is_ascension_mode":true,"campfire_choices":[{"data":"Rampage","floor":6,"key":"SMITH"},{"data":"Corruption","floor":8,"key":"SMITH"},{"floor":13,"key":"REST"},{"data":"Pommel Strike","floor":15,"key":"SMITH"},{"data":"Pommel Strike","floor":23,"key":"SMITH"},{"data":"Bash","floor":25,"key":"SMITH"},{"data":"Fiend Fire","floor":27,"key":"SMITH"},{"floor":32,"key":"REST"}],"neow_cost":"NONE","seed_source_timestamp":310174572743838,"circlet_count":0,"master_deck":["Strike_R+1","Defend_R","Defend_R","Defend_R","Defend_R","Bash+1","Rampage+1","Pommel Strike+1","Corruption+1","Fiend Fire+1","Pommel Strike+1","Seeing Red","Offering"],"relics":["Burning Blood","Boot","Ancient Tea Set","Smiling Mask","Golden Idol","Tiny House","Shuriken","Gremlin Horn","Bronze Scales"],"potions_floor_usage":[7,16,24,33],"damage_taken":[{"damage":1,"enemies":"Cultist","floor":1,"turns":3},{"damage":11,"enemies":"Jaw Worm","floor":2,"turns":3},{"damage":0,"enemies":"Small Slimes","floor":3,"turns":3},{"damage":14,"enemies":"Red Slaver","floor":4,"turns":5},{"damage":25,"enemies":"Gremlin Nob","floor":7,"turns":4},{"damage":21,"enemies":"Lagavulin","floor":10,"turns":7},{"damage":7,"enemies":"Looter","floor":11,"turns":4},{"damage":0,"enemies":"Large Slime","floor":14,"turns":3},{"damage":25,"enemies":"Slime Boss","floor":16,"turns":9},{"damage":17,"enemies":"Shell Parasite","floor":18,"turns":4},{"damage":12,"enemies":"3 Byrds","floor":20,"turns":6},{"damage":15,"enemies":"Snecko","floor":21,"turns":4},{"damage":24,"enemies":"Gremlin Leader","floor":24,"turns":6},{"damage":12,"enemies":"Colosseum Slavers","floor":29,"turns":3},{"damage":7,"enemies":"Centurion and Healer","floor":30,"turns":5},{"damage":70,"enemies":"Collector","floor":33,"turns":3}],"seed_played":"1431100423014118613","potions_obtained":[{"floor":4,"key":"SteroidPotion"},{"floor":7,"key":"Fire Potion"},{"floor":17,"key":"Ancient Potion"},{"floor":21,"key":"FearPotion"},{"floor":24,"key":"PowerPotion"}],"is_trial":false,"path_per_floor":["M","M","M","M","$","R","E","R","T","E","M","?","R","M","R","B",null,"M","?","M","M","$","R","E","R","T","R","?","?","M","$","R","B"],"character_chosen":"IRONCLAD","items_purchased":["Shuriken","Offering"],"campfire_rested":2,"item_purchase_floors":[22,31],"current_hp_per_floor":[88,83,88,80,80,80,61,61,61,46,45,23,49,55,55,36,93,82,82,76,67,67,67,49,49,49,49,49,43,42,42,69,0],"gold":110,"neow_bonus":"TEN_PERCENT_HP_BONUS","is_prod":false,"is_daily":false,"chose_seed":false,"campfire_upgraded":6,"win_rate":0,"timestamp":1551909620,"path_taken":["M","M","M","M","$","R","E","R","T","E","?","?","R","M","R","BOSS","M","?","?","M","$","R","E","R","T","R","?","?","M","$","R","BOSS"],"build_version":"2019-01-23","purchased_purges":3,"victory":false,"max_hp_per_floor":[88,88,88,88,88,88,88,88,88,88,88,88,88,88,88,88,93,93,93,93,93,93,93,93,93,93,93,93,93,93,93,93,93],"card_choices":[{"not_picked":["Twin Strike","Clash"],"picked":"Rampage","floor":1},{"not_picked":["Cleave","Sword Boomerang"],"picked":"Pommel Strike","floor":2},{"not_picked":["Carnage","Anger"],"picked":"Corruption","floor":3},{"not_picked":["Armaments","Iron Wave","Heavy Blade"],"picked":"SKIP","floor":4},{"not_picked":["Heavy Blade","Thunderclap","Flex"],"picked":"SKIP","floor":7},{"not_picked":["Combust","Body Slam"],"picked":"Fiend Fire","floor":10},{"not_picked":["Armaments","Rage"],"picked":"Pommel Strike","floor":11},{"not_picked":["Flame Barrier","Shrug It Off","Bloodletting"],"picked":"SKIP","floor":14},{"not_picked":["Warcry","Rupture","Body Slam"],"picked":"SKIP","floor":18},{"not_picked":["Disarm","Sever Soul","Havoc"],"picked":"SKIP","floor":20},{"not_picked":["Combust","Perfected Strike","Fire Breathing"],"picked":"SKIP","floor":21},{"not_picked":["Thunderclap","Pummel"],"picked":"Seeing Red","floor":24},{"not_picked":["Seeing Red","Thunderclap","Headbutt"],"picked":"SKIP","floor":30}],"player_experience":1077595,"relics_obtained":[{"floor":7,"key":"Boot"},{"floor":9,"key":"Ancient Tea Set"},{"floor":10,"key":"Smiling Mask"},{"floor":24,"key":"Gremlin Horn"},{"floor":26,"key":"Bronze Scales"}],"event_choices":[{"damage_healed":0,"gold_gain":0,"player_choice":"Take Damage","damage_taken":22,"relics_obtained":["Golden Idol"],"max_hp_gain":0,"max_hp_loss":0,"event_name":"Golden Idol","floor":12,"gold_loss":0},{"damage_healed":0,"gold_gain":0,"player_choice":"Ignored","damage_taken":0,"max_hp_gain":0,"max_hp_loss":0,"event_name":"NoteForYourself","floor":19,"gold_loss":0},{"cards_removed":["Strike_R"],"damage_healed":0,"gold_gain":0,"player_choice":"Elegance","damage_taken":0,"max_hp_gain":0,"max_hp_loss":0,"event_name":"Back to Basics","floor":28,"gold_loss":0},{"damage_healed":0,"gold_gain":0,"player_choice":"Fight","damage_taken":0,"max_hp_gain":0,"max_hp_loss":0,"event_name":"Colosseum","floor":29,"gold_loss":0},{"damage_healed":0,"gold_gain":0,"player_choice":"Fled From Nobs","damage_taken":0,"max_hp_gain":0,"max_hp_loss":0,"event_name":"Colosseum","floor":29,"gold_loss":0}],"is_beta":false,"boss_relics":[{"not_picked":["Runic Cube","Orrery"],"picked":"Tiny House"}],"items_purged_floors":[5,22,31],"is_endless":false,"potions_floor_spawned":[4,7,21,24],"killed_by":"Collector","ascension_level":1}