{"gold_per_floor":[119,42,57,57,57,82,92,92,119,44,64,95,111,111,111,190,190,202,26,26,26,36,36,71,0,0,13,13,25,40,51,51,127,127,144,144,1143,941,941,941,362,362,416,428,428,428,442,461,461,461],"floor_reached":51,"playtime":3172,"items_purged":["Strike_B","Strike_B","Defend_B","Defend_B"],"score":1310,"play_id":"58632a87-e6cf-4f16-ac23-91a29200ef5f","local_time":"20190111192853","is_ascension_mode":true,"campfire_choices":[{"data":"Coolheaded","floor":8,"key":"SMITH"},{"data":"Ball Lightning","floor":15,"key":"SMITH"},{"data":"Defragment","floor":23,"key":"SMITH"},{"data":"Skim","floor":28,"key":"SMITH"},{"floor":32,"key":"REST"},{"data":"Capacitor","floor":40,"key":"SMITH"},{"data":"Ball Lightning","floor":42,"key":"SMITH"},{"data":"Echo Form","floor":45,"key":"SMITH"},{"data":"Rip and Tear","floor":46,"key":"SMITH"},{"floor":49,"key":"REST"}],"neow_cost":"NONE","seed_source_timestamp":228261917960514,"circlet_count":0,"master_deck":["AscendersBane","Defend_B","Defend_B","Zap+1","Dualcast","Coolheaded+1","Glacier","Rip and Tear+1","Cold Snap","BootSequence","Ball Lightning+1","Amplify","Defragment+1","Doom and Gloom","Chill","Skim+1","Rip and Tear","Echo Form+1","Capacitor+1","Ball Lightning+1"],"relics":["Cracked Core","NeowsBlessing","Bag of Marbles","WingedGreaves","Omamori","DataDisk","Pantograph","Sozu","PreservedInsect","Singing Bowl","Busted Crown","Blue Candle","Happy Flower","Lee\u0027s Waffle","Strawberry"],"potions_floor_usage":[16,24],"damage_taken":[{"damage":0,"enemies":"Jaw Worm","floor":1,"turns":1},{"damage":0,"enemies":"2 Louse","floor":3,"turns":1},{"damage":0,"enemies":"Gremlin Nob","floor":6,"turns":1},{"damage":0,"enemies":"Cultist","floor":7,"turns":2},{"damage":5,"enemies":"Exordium Thugs","floor":11,"turns":5},{"damage":11,"enemies":"3 Sentries","floor":12,"turns":7},{"damage":0,"enemies":"Exordium Wildlife","floor":13,"turns":2},{"damage":25,"enemies":"Hexaghost","floor":16,"turns":12},{"damage":2,"enemies":"Shell Parasite","floor":18,"turns":5},{"damage":3,"enemies":"Colosseum Slavers","floor":21,"turns":5},{"damage":0,"enemies":"Spheric Guardian","floor":22,"turns":5},{"damage":17,"enemies":"Book of Stabbing","floor":24,"turns":4},{"damage":6,"enemies":"Snake Plant","floor":27,"turns":4},{"damage":10,"enemies":"Centurion and Healer","floor":29,"turns":9},{"damage":8,"enemies":"Cultist and Chosen","floor":30,"turns":7},{"damage":0,"enemies":"Sentry and Sphere","floor":31,"turns":6},{"damage":8,"enemies":"Collector","floor":33,"turns":12},{"damage":6,"enemies":"Orb Walker","floor":35,"turns":3},{"damage":30,"enemies":"3 Darklings","floor":44,"turns":5},{"damage":28,"enemies":"Jaw Worm Horde","floor":47,"turns":4},{"damage":0,"enemies":"Maw","floor":48,"turns":6},{"damage":53,"enemies":"Awakened One","floor":50,"turns":14}],"seed_played":"6763339286238445201","potions_obtained":[{"floor":12,"key":"Poison Potion"},{"floor":13,"key":"Weak Potion"}],"is_trial":false,"path_per_floor":["M","$","M","?","?","E","M","R","T","$","M","E","M","T","R","B",null,"M","$","?","?","M","R","E","?","T","M","R","M","M","M","R","B",null,"M","?","?","$","T","R","$","R","T","M","R","R","M","M","R","B",null],"character_chosen":"DEFECT","items_purchased":["Glacier","Defragment","Capacitor","Happy Flower","Ball Lightning","Lee\u0027s Waffle"],"campfire_rested":2,"item_purchase_floors":[2,19,38,41,41,41],"current_hp_per_floor":[64,64,64,59,59,59,59,59,59,59,54,43,43,43,43,43,64,62,62,62,59,59,59,42,42,42,38,38,30,24,24,47,64,74,70,70,70,70,70,70,86,86,93,65,65,65,39,41,70,42],"gold":461,"neow_bonus":"THREE_ENEMY_KILL","is_prod":false,"is_daily":false,"chose_seed":false,"campfire_upgraded":8,"win_rate":0,"timestamp":1547252933,"path_taken":["M","$","M","?","?","E","M","R","T","$","M","E","?","?","R","BOSS","M","$","?","?","M","R","E","?","T","M","R","M","M","M","R","BOSS","M","?","?","$","?","R","$","R","T","M","R","R","?","M","R","BOSS"],"build_version":"2019-01-10","purchased_purges":4,"victory":true,"max_hp_per_floor":[71,71,71,71,71,71,71,71,71,71,71,71,71,71,71,71,71,71,71,71,71,71,71,71,71,71,73,73,75,77,77,77,77,77,79,79,79,79,79,79,86,86,93,95,95,95,97,99,99,99],"card_choices":[{"not_picked":["Compile Driver","Conserve Battery"],"picked":"Coolheaded","floor":1},{"not_picked":["Beam Cell","Scrape"],"picked":"Rip and Tear","floor":3},{"not_picked":["Redo","Steam"],"picked":"Cold Snap","floor":6},{"not_picked":["Doom and Gloom","Buffer"],"picked":"BootSequence","floor":7},{"not_picked":["Leap","Conserve Battery"],"picked":"Ball Lightning","floor":11},{"not_picked":["Rebound","Steam","Rip and Tear"],"picked":"SKIP","floor":12},{"not_picked":["Stack","Beam Cell","Cold Snap"],"picked":"SKIP","floor":13},{"not_picked":["Multi-Cast","All For One"],"picked":"Amplify","floor":16},{"not_picked":["Turbo","Coolheaded","Steam"],"picked":"SKIP","floor":18},{"not_picked":["Ball Lightning","Chill","Fusion"],"picked":"SKIP","floor":22},{"not_picked":["BootSequence+1","Hyperbeam"],"picked":"Skim","floor":24},{"not_picked":["Steam","Reinforced Body","Conserve Battery"],"picked":"Singing Bowl","floor":27},{"not_picked":["Coolheaded","Steam+1","Darkness"],"picked":"Singing Bowl","floor":29},{"not_picked":["Auto Shields","Barrage","Ball Lightning"],"picked":"Singing Bowl","floor":30},{"not_picked":["Recycle","Hologram"],"picked":"Rip and Tear","floor":31},{"not_picked":["Core Surge","Biased Cognition"],"picked":"Echo Form","floor":33},{"not_picked":["Storm"],"picked":"Singing Bowl","floor":35},{"not_picked":["Gash+1"],"picked":"Singing Bowl","floor":44},{"not_picked":["Streamline"],"picked":"Singing Bowl","floor":47},{"not_picked":["Compile Driver"],"picked":"Singing Bowl","floor":48}],"player_experience":458112,"relics_obtained":[{"floor":6,"key":"WingedGreaves"},{"floor":9,"key":"Omamori"},{"floor":12,"key":"DataDisk"},{"floor":14,"key":"Pantograph"},{"floor":24,"key":"PreservedInsect"},{"floor":26,"key":"Singing Bowl"},{"floor":39,"key":"Blue Candle"},{"floor":43,"key":"Strawberry"}],"event_choices":[{"damage_healed":0,"gold_gain":0,"player_choice":"Success","damage_taken":5,"relics_obtained":["Bag of Marbles"],"max_hp_gain":0,"max_hp_loss":0,"event_name":"Scrap Ooze","floor":4,"gold_loss":0},{"damage_healed":0,"gold_gain":0,"player_choice":"Forge","damage_taken":0,"max_hp_gain":0,"max_hp_loss":0,"event_name":"Accursed Blacksmith","floor":5,"gold_loss":0,"cards_upgraded":["Zap"]},{"damage_healed":0,"gold_gain":0,"cards_transformed":["Strike_B","Strike_B"],"player_choice":"Became Test Subject","damage_taken":0,"max_hp_gain":0,"max_hp_loss":0,"event_name":"Drug Dealer","floor":20,"gold_loss":0,"cards_obtained":["Doom and Gloom","Chill"]},{"damage_healed":0,"gold_gain":0,"player_choice":"Fight","damage_taken":0,"max_hp_gain":0,"max_hp_loss":0,"event_name":"Colosseum","floor":21,"gold_loss":0},{"damage_healed":0,"gold_gain":0,"player_choice":"Fled From Nobs","damage_taken":0,"max_hp_gain":0,"max_hp_loss":0,"event_name":"Colosseum","floor":21,"gold_loss":0},{"damage_healed":0,"gold_gain":0,"player_choice":"Paid Fearfully","damage_taken":0,"max_hp_gain":0,"max_hp_loss":0,"event_name":"Masked Bandits","floor":25,"gold_loss":71},{"damage_healed":0,"gold_gain":0,"player_choice":"Ignored","damage_taken":0,"max_hp_gain":0,"max_hp_loss":0,"event_name":"Mysterious Sphere","floor":36,"gold_loss":0},{"damage_healed":0,"gold_gain":999,"player_choice":"Gold","damage_taken":0,"max_hp_gain":0,"max_hp_loss":0,"event_name":"MindBloom","floor":37,"gold_loss":0,"cards_obtained":["Normality","Normality"]}],"is_beta":true,"boss_relics":[{"not_picked":["White Beast Statue","Philosopher\u0027s Stone"],"picked":"Sozu"},{"not_picked":["Coffee Dripper","Black Star"],"picked":"Busted Crown"}],"items_purged_floors":[10,19,38,41],"is_endless":false,"potions_floor_spawned":[12,13,18,24,47],"ascension_level":18}