{"gold_per_floor":[112,75,90,102,117,145,508,538,538,492,492,492,505,505,505,600,600,616,383,396,396,408,408,428,428,481,481,500,519,519],"floor_reached":30,"playtime":1756,"items_purged":["Terror"],"score":317,"play_id":"aae60357-0f0e-4428-9181-83c63d0f366f","local_time":"20190122085418","daily_mods":["SealedDeck"],"is_ascension_mode":false,"campfire_choices":[{"data":"Well Laid Plans","floor":11,"key":"SMITH"},{"data":"Well Laid Plans","floor":15,"key":"SMITH"},{"data":"Blur","floor":23,"key":"SMITH"},{"data":"Caltrops","floor":25,"key":"SMITH"},{"floor":27,"key":"RECALL"}],"neow_cost":"","seed_source_timestamp":0,"circlet_count":0,"master_deck":["Cloak And Dagger","Poisoned Stab","Escape Plan","Deadly Poison","Deadly Poison","Deflect","Deflect","Deflect","Deadly Poison","Deadly Poison","Well Laid Plans+1","Dash","Deflect","Well Laid Plans+1","Grand Finale","Catalyst+1","Blur+1","Noxious Fumes","Caltrops+1"],"relics":["Ring of the Snake","Ninja Scroll","Old Coin","Bottled Lightning","Shuriken","Meat on the Bone","Black Star"],"potions_floor_usage":[6,18,24],"damage_taken":[{"damage":0,"enemies":"Cultist","floor":1,"turns":3},{"damage":0,"enemies":"Jaw Worm","floor":3,"turns":2},{"damage":0,"enemies":"2 Louse","floor":4,"turns":3},{"damage":2,"enemies":"Blue Slaver","floor":5,"turns":3},{"damage":6,"enemies":"Lagavulin","floor":6,"turns":5},{"damage":3,"enemies":"Gremlin Nob","floor":7,"turns":3},{"damage":0,"enemies":"3 Sentries","floor":8,"turns":6},{"damage":0,"enemies":"Red Slaver","floor":13,"turns":2},{"damage":54,"enemies":"Slime Boss","floor":16,"turns":15},{"damage":5,"enemies":"2 Thieves","floor":18,"turns":4},{"damage":0,"enemies":"Shell Parasite","floor":20,"turns":3},{"damage":3,"enemies":"3 Cultists","floor":22,"turns":3},{"damage":10,"enemies":"Snake Plant","floor":24,"turns":3},{"damage":1,"enemies":"Chosen and Byrds","floor":28,"turns":4},{"damage":7,"enemies":"Shelled Parasite and Fungi","floor":29,"turns":5},{"damage":45,"enemies":"Gremlin Leader","floor":30,"turns":4}],"seed_played":"5593477211174286711","potions_obtained":[{"floor":1,"key":"Fire Potion"},{"floor":5,"key":"Weak Potion"},{"floor":6,"key":"GhostInAJar"},{"floor":16,"key":"Fire Potion"},{"floor":20,"key":"GhostInAJar"},{"floor":22,"key":"Fire Potion"}],"is_trial":true,"path_per_floor":["M","$","M","M","M","E","?","E","T","?","R","?","M","?","R","B",null,"M","$","M","?","M","R","M","R","T","R","M","M","E"],"character_chosen":"THE_SILENT","items_purchased":["Well Laid Plans","Blur","Noxious Fumes"],"campfire_rested":0,"item_purchase_floors":[2,19,19],"current_hp_per_floor":[70,70,70,70,68,62,59,59,59,59,59,56,56,70,70,28,70,65,65,65,65,62,62,52,52,52,52,51,44,0],"gold":519,"neow_bonus":"","is_prod":false,"is_daily":false,"chose_seed":false,"campfire_upgraded":4,"win_rate":0,"timestamp":1548165258,"path_taken":["M","$","M","M","M","E","?","E","T","?","R","?","M","?","R","BOSS","M","$","M","?","M","R","M","R","T","R","M","?","E"],"build_version":"2019-01-17v2","purchased_purges":1,"victory":false,"max_hp_per_floor":[70,70,70,70,70,70,70,70,70,70,70,70,70,70,70,70,70,70,70,70,70,70,70,70,70,70,70,70,70,70],"card_choices":[{"not_picked":["Dagger Throw","Heel Hook"],"picked":"Deadly Poison","floor":1},{"not_picked":["Masterful Stab","Tactician"],"picked":"Dash","floor":3},{"not_picked":["Backflip","Quick Slash"],"picked":"Deflect","floor":4},{"not_picked":["Flying Knee","PiercingWail"],"picked":"Well Laid Plans","floor":5},{"not_picked":["Eviscerate","Bouncing Flask","Slice"],"picked":"SKIP","floor":6},{"not_picked":["Dagger Throw","Concentrate","Bane"],"picked":"SKIP","floor":8},{"not_picked":["Crippling Poison","Storm of Steel","Sucker Punch"],"picked":"SKIP","floor":13},{"not_picked":["Unload","A Thousand Cuts"],"picked":"Grand Finale","floor":16},{"not_picked":["Backstab","Dagger Spray+1"],"picked":"Catalyst","floor":18},{"not_picked":["Accuracy","Outmaneuver+1","Prepared"],"picked":"SKIP","floor":20},{"not_picked":["Masterful Stab","Dagger Spray","Sucker Punch"],"picked":"SKIP","floor":22},{"not_picked":["Outmaneuver","Terror"],"picked":"Caltrops","floor":24},{"not_picked":["Backflip","Concentrate","Acrobatics+1"],"picked":"SKIP","floor":28},{"not_picked":["Quick Slash+1","Bane+1","Flying Knee"],"picked":"SKIP","floor":29}],"player_experience":481799,"relics_obtained":[{"floor":6,"key":"Ninja Scroll"},{"floor":8,"key":"Bottled Lightning"},{"floor":9,"key":"Shuriken"}],"event_choices":[{"damage_healed":0,"gold_gain":0,"player_choice":"Searched \u00273\u0027 times","damage_taken":0,"relics_obtained":["Old Coin"],"max_hp_gain":0,"max_hp_loss":0,"event_name":"Dead Adventurer","floor":7,"gold_loss":0},{"damage_healed":0,"gold_gain":0,"player_choice":"Left Gold","damage_taken":0,"max_hp_gain":0,"max_hp_loss":0,"event_name":"World of Goop","floor":10,"gold_loss":46},{"damage_healed":0,"gold_gain":0,"player_choice":"Success","damage_taken":3,"relics_obtained":["Meat on the Bone"],"max_hp_gain":0,"max_hp_loss":0,"event_name":"Scrap Ooze","floor":12,"gold_loss":0},{"damage_healed":23,"gold_gain":0,"player_choice":"Banana","damage_taken":0,"max_hp_gain":0,"max_hp_loss":0,"event_name":"Big Fish","floor":14,"gold_loss":0},{"damage_healed":0,"gold_gain":0,"player_choice":"Upgraded","damage_taken":0,"max_hp_gain":0,"max_hp_loss":0,"event_name":"Upgrade Shrine","floor":21,"gold_loss":0,"cards_upgraded":["Catalyst"]}],"is_beta":false,"boss_relics":[{"not_picked":["Ectoplasm","Philosopher\u0027s Stone"],"picked":"Black Star"}],"items_purged_floors":[19],"is_endless":false,"potions_floor_spawned":[1,5,6,16,20,22],"killed_by":"Gremlin Leader","ascension_level":0}