{"gold_per_floor":[114,3,3,78,92,121,81,115,115,115,150,170,170,199,199,276,276,286,297,317,331,331,331],"floor_reached":23,"playtime":1885,"items_purged":[],"score":488,"play_id":"66bf9f62-cf29-4934-8650-ea74a9120f7c","local_time":"20190308043005","is_ascension_mode":true,"campfire_choices":[{"floor":10,"key":"REST"},{"floor":15,"key":"REST"}],"neow_cost":"NONE","seed_source_timestamp":50251676069264,"circlet_count":0,"master_deck":["AscendersBane","Strike_B","Strike_B","Strike_B","Strike_B","Defend_B","Defend_B","Defend_B","Defend_B","Zap","Dualcast","Coolheaded+1","Ball Lightning","Sweeping Beam","Core Surge","Self Repair","Echo Form","BootSequence","FTL","Buffer","Cold Snap","Blizzard","Capacitor","Pain"],"relics":["FrozenCore","NeowsBlessing","Ice Cream","Bottled Tornado","Matryoshka","Smiling Mask","Orichalcum","WarpedTongs"],"potions_floor_usage":[8,14,21,21],"damage_taken":[{"damage":0,"enemies":"Small Slimes","floor":1,"turns":1},{"damage":0,"enemies":"2 Louse","floor":5,"turns":1},{"damage":0,"enemies":"3 Sentries","floor":6,"turns":1},{"damage":25,"enemies":"Lagavulin","floor":8,"turns":7},{"damage":40,"enemies":"3 Sentries","floor":11,"turns":5},{"damage":2,"enemies":"Jaw Worm","floor":12,"turns":3},{"damage":18,"enemies":"Gremlin Nob","floor":14,"turns":4},{"damage":31,"enemies":"Hexaghost","floor":16,"turns":9},{"damage":23,"enemies":"3 Byrds","floor":18,"turns":6},{"damage":11,"enemies":"Shell Parasite","floor":19,"turns":7},{"damage":20,"enemies":"Centurion and Healer","floor":20,"turns":9},{"damage":5,"enemies":"Snake Plant","floor":21,"turns":7},{"damage":63,"enemies":"Gremlin Leader","floor":23,"turns":6}],"seed_played":"6536285863346373554","potions_obtained":[{"floor":8,"key":"Weak Potion"},{"floor":16,"key":"FocusPotion"},{"floor":20,"key":"EssenceOfSteel"}],"is_trial":false,"path_per_floor":["M","$","?","?","M","E","$","E","T","R","E","M","?","E","R","B",null,"M","M","M","M","?","E"],"character_chosen":"DEFECT","items_purchased":["Ball Lightning","PowerPotion","Self Repair"],"campfire_rested":2,"item_purchase_floors":[2,2,7],"current_hp_per_floor":[64,64,69,58,58,58,58,40,40,62,36,34,34,23,45,21,62,53,56,50,59,59,0],"gold":331,"neow_bonus":"THREE_ENEMY_KILL","is_prod":false,"is_daily":false,"chose_seed":false,"campfire_upgraded":0,"win_rate":0,"timestamp":1552015805,"path_taken":["M","$","?","?","?","E","$","E","T","R","E","M","?","E","R","BOSS","M","M","M","M","?","E"],"build_version":"2019-02-06","purchased_purges":0,"victory":false,"max_hp_per_floor":[71,71,76,76,76,76,76,76,76,76,76,76,76,76,76,76,76,76,76,76,76,76,76],"card_choices":[{"not_picked":["Darkness","Scrape"],"picked":"Coolheaded","floor":1},{"not_picked":["Conserve Battery","Steam"],"picked":"Sweeping Beam","floor":5},{"not_picked":["Beam Cell","Stack"],"picked":"Core Surge","floor":6},{"not_picked":["Tempest","Cold Snap"],"picked":"Echo Form","floor":8},{"not_picked":["Barrage","Doom and Gloom"],"picked":"BootSequence","floor":11},{"not_picked":["Coolheaded","Scrape","Blizzard"],"picked":"SKIP","floor":12},{"not_picked":["Steam","Skim"],"picked":"FTL","floor":14},{"not_picked":["Echo Form","Fission"],"picked":"Buffer","floor":16},{"not_picked":["Genetic Algorithm","Coolheaded"],"picked":"Cold Snap","floor":18},{"not_picked":["Consume","Cold Snap"],"picked":"Blizzard","floor":19},{"not_picked":["Leap","Reinforced Body","Stack+1"],"picked":"SKIP","floor":20},{"not_picked":["Go for the Eyes","Double Energy"],"picked":"Capacitor","floor":21}],"player_experience":1357994,"relics_obtained":[{"floor":6,"key":"Ice Cream"},{"floor":8,"key":"Bottled Tornado"},{"floor":9,"key":"Matryoshka"},{"floor":11,"key":"Smiling Mask"},{"floor":14,"key":"Orichalcum"}],"event_choices":[{"damage_healed":0,"gold_gain":0,"player_choice":"Donut","damage_taken":0,"max_hp_gain":5,"max_hp_loss":0,"event_name":"Big Fish","floor":3,"gold_loss":0},{"damage_healed":0,"gold_gain":75,"player_choice":"Gather Gold","damage_taken":11,"max_hp_gain":0,"max_hp_loss":0,"event_name":"World of Goop","floor":4,"gold_loss":0},{"damage_healed":0,"gold_gain":0,"player_choice":"Grow","damage_taken":0,"max_hp_gain":0,"max_hp_loss":0,"event_name":"Living Wall","floor":13,"gold_loss":0,"cards_upgraded":["Coolheaded"]},{"damage_healed":0,"gold_gain":0,"player_choice":"Rummage","damage_taken":0,"relics_obtained":["WarpedTongs"],"max_hp_gain":0,"max_hp_loss":0,"event_name":"Accursed Blacksmith","floor":22,"gold_loss":0,"cards_obtained":["Pain"]}],"is_beta":true,"boss_relics":[{"not_picked":["Tiny House","Lizard Tail"],"picked":"FrozenCore"}],"items_purged_floors":[],"is_endless":false,"potions_floor_spawned":[8,16,20],"killed_by":"Gremlin Leader","ascension_level":20}