{"gold_per_floor":[118,134,134,151,171,171,196,212,212,226,226,240,240,251,251,251],"floor_reached":16,"playtime":3440,"items_purged":[],"score":106,"play_id":"ad62d557-9fc9-497b-81b2-5db8daba2855","local_time":"20190221153408","is_ascension_mode":false,"campfire_choices":[{"data":"Double Tap","floor":6,"key":"SMITH"},{"data":"True Grit","floor":11,"key":"SMITH"},{"data":"Disarm","floor":13,"key":"SMITH"},{"data":"Flex","floor":15,"key":"SMITH"}],"neow_cost":"TEN_PERCENT_HP_LOSS","seed_source_timestamp":24121551979772,"circlet_count":0,"master_deck":["Strike_R","Strike_R","Strike_R","Strike_R","Strike_R","Defend_R","Defend_R","Defend_R","Defend_R","Bash","Double Tap+1","Dual Wield","Evolve","Disarm+1","Flex+1","Pummel","Headbutt","True Grit+1","Anger"],"relics":["Burning Blood","Happy Flower","Anchor","Shuriken"],"potions_floor_usage":[7,7,16,16],"damage_taken":[{"damage":1,"enemies":"Jaw Worm","floor":1,"turns":3},{"damage":1,"enemies":"Cultist","floor":2,"turns":3},{"damage":10,"enemies":"Small Slimes","floor":4,"turns":4},{"damage":15,"enemies":"Looter","floor":5,"turns":3},{"damage":21,"enemies":"Lagavulin","floor":7,"turns":8},{"damage":16,"enemies":"Large Slime","floor":8,"turns":6},{"damage":10,"enemies":"Blue Slaver","floor":10,"turns":4},{"damage":0,"enemies":"2 Fungi Beasts","floor":12,"turns":2},{"damage":0,"enemies":"Large Slime","floor":14,"turns":5},{"damage":42,"enemies":"The Guardian","floor":16,"turns":13}],"seed_played":"1164359036974021525","potions_obtained":[{"floor":1,"key":"Strength Potion"},{"floor":2,"key":"SkillPotion"},{"floor":5,"key":"Block Potion"},{"floor":10,"key":"Weak Potion"},{"floor":14,"key":"Swift Potion"}],"is_trial":false,"path_per_floor":["M","M","?","M","M","R","E","M","T","M","R","M","R","M","R","B"],"character_chosen":"IRONCLAD","items_purchased":[],"campfire_rested":0,"item_purchase_floors":[],"current_hp_per_floor":[72,72,72,68,59,59,44,34,34,30,30,36,36,42,42,0],"gold":251,"neow_bonus":"THREE_RARE_CARDS","is_prod":false,"is_daily":false,"chose_seed":false,"campfire_upgraded":4,"win_rate":0,"timestamp":1550763248,"path_taken":["M","M","?","M","?","R","E","M","T","M","R","M","R","M","R","BOSS"],"build_version":"2019-01-23","purchased_purges":0,"victory":false,"max_hp_per_floor":[72,72,72,72,72,72,72,72,72,72,72,72,72,72,72,72],"card_choices":[{"not_picked":["Offering","Berserk"],"picked":"Double Tap","floor":0},{"not_picked":["Power Through","Warcry"],"picked":"Dual Wield","floor":1},{"not_picked":["Entrench","Body Slam"],"picked":"Evolve","floor":2},{"not_picked":["Combust","Warcry"],"picked":"Disarm","floor":4},{"not_picked":["Clothesline","Thunderclap"],"picked":"Flex","floor":5},{"not_picked":["Wild Strike","Flex"],"picked":"Pummel","floor":7},{"not_picked":["Twin Strike","Battle Trance"],"picked":"Headbutt","floor":8},{"not_picked":["Pommel Strike","Reaper"],"picked":"True Grit","floor":10},{"not_picked":["Corruption","Perfected Strike"],"picked":"Anger","floor":12},{"not_picked":["Iron Wave","Rupture","Shockwave"],"picked":"SKIP","floor":14}],"player_experience":407448,"relics_obtained":[{"floor":7,"key":"Anchor"},{"floor":9,"key":"Shuriken"}],"event_choices":[{"damage_healed":0,"gold_gain":0,"player_choice":"Gave Potion","damage_taken":0,"relics_obtained":["Happy Flower"],"max_hp_gain":0,"max_hp_loss":0,"event_name":"WeMeetAgain","floor":3,"gold_loss":0}],"is_beta":false,"boss_relics":[],"items_purged_floors":[],"is_endless":false,"potions_floor_spawned":[1,2,5,10,14],"killed_by":"The Guardian","ascension_level":0}