{"gold_per_floor":[116,130,147,147,162,162,180,180,180,180,205,49,63,80,80,176,176,186,203,203],"floor_reached":20,"playtime":1075,"items_purged":["Strike_G"],"score":178,"play_id":"e007c6b5-2b78-4bf8-8e1c-c0d605d6705c","local_time":"20180809050152","is_ascension_mode":false,"campfire_choices":[{"data":"Expertise","floor":6,"key":"SMITH"},{"data":"Crippling Poison","floor":8,"key":"SMITH"},{"data":"Neutralize","floor":15,"key":"SMITH"}],"neow_cost":"NONE","seed_source_timestamp":149139877540368,"circlet_count":0,"master_deck":["Defend_G","Defend_G","Defend_G","Defend_G","Defend_G","Strike_G","Strike_G","Strike_G","Survivor","Neutralize+1","Venomology","Expertise+1","Crippling Poison+1","Backflip","Well Laid Plans","Dagger Throw","Wraith Form v2","Footwork+1"],"relics":["Ring of the Snake","Pantograph","Letter Opener","Sozu"],"potions_floor_usage":[11,11,16,18,19],"damage_taken":[{"damage":0,"enemies":"Small Slimes","floor":1,"turns":4},{"damage":12,"enemies":"Jaw Worm","floor":2,"turns":6},{"damage":5,"enemies":"2 Louse","floor":3,"turns":3},{"damage":0,"enemies":"Exordium Wildlife","floor":5,"turns":6},{"damage":3,"enemies":"2 Fungi Beasts","floor":7,"turns":4},{"damage":8,"enemies":"3 Sentries","floor":11,"turns":6},{"damage":7,"enemies":"Gremlin Gang","floor":13,"turns":5},{"damage":3,"enemies":"3 Louse","floor":14,"turns":3},{"damage":31,"enemies":"The Guardian","floor":16,"turns":21},{"damage":17,"enemies":"Shell Parasite","floor":18,"turns":6},{"damage":16,"enemies":"Spheric Guardian","floor":19,"turns":6}],"seed_played":"-6807572093028252267","potions_obtained":[{"floor":1,"key":"Energy Potion"}],"is_trial":false,"path_per_floor":["M","M","M","?","M","R","M","R","T","T","E","$","M","M","R","B",null,"M","M"],"character_chosen":"THE_SILENT","items_purchased":["Well Laid Plans"],"campfire_rested":0,"item_purchase_floors":[12],"current_hp_per_floor":[70,58,53,53,53,53,50,50,50,50,42,42,35,32,32,26,70,53,37,37],"gold":203,"neow_bonus":"ONE_RANDOM_RARE_CARD","is_prod":false,"is_daily":false,"chose_seed":false,"campfire_upgraded":3,"win_rate":0,"timestamp":1533758512,"path_taken":["M","M","M","?","M","R","M","R","T","?","E","$","M","M","R","BOSS","M","M","$"],"build_version":"2018-08-02","purchased_purges":1,"victory":false,"max_hp_per_floor":[70,70,70,70,70,70,70,70,70,70,70,70,70,70,70,70,70,70,70,70],"card_choices":[{"not_picked":["Quick Slash","Accuracy"],"picked":"Expertise","floor":1},{"not_picked":["Sucker Punch","Masterful Stab"],"picked":"Crippling Poison","floor":2},{"not_picked":["Blade Dance","Flying Knee"],"picked":"Backflip","floor":3},{"not_picked":["Poisoned Stab","Blur","Dodge and Roll"],"picked":"SKIP","floor":5},{"not_picked":["PiercingWail","Predator","Skewer"],"picked":"SKIP","floor":7},{"not_picked":["Doppelganger","Sucker Punch","Dagger Spray"],"picked":"SKIP","floor":11},{"not_picked":["Quick Slash","Blade Dance","Eviscerate"],"picked":"SKIP","floor":13},{"not_picked":["Flying Knee","Slice"],"picked":"Dagger Throw","floor":14},{"not_picked":["Corpse Explosion","Storm of Steel"],"picked":"Wraith Form v2","floor":16},{"not_picked":["Outmaneuver","Prepared","PiercingWail+1"],"picked":"SKIP","floor":18},{"not_picked":["Dagger Throw","Quick Slash"],"picked":"Footwork+1","floor":19}],"player_experience":596413,"relics_obtained":[{"floor":9,"key":"Pantograph"},{"floor":10,"key":"Letter Opener"}],"event_choices":[{"event_name":"Living Wall","player_choice":"Forget","floor":4,"damage_taken":0}],"is_beta":false,"boss_relics":[{"not_picked":["Philosopher\u0027s Stone","Fusion Hammer"],"picked":"Sozu"}],"items_purged_floors":[12],"is_endless":false,"potions_floor_spawned":[1,3,7,16,19],"ascension_level":0}