{"gold_per_floor":[119,136,155,80,97,97,123,139,139,139,139],"floor_reached":11,"playtime":376,"items_purged":["Normality"],"score":150,"play_id":"73aefa57-995a-442c-aca9-2e1f4ee4c60c","local_time":"20181015201552","is_ascension_mode":true,"campfire_choices":[{"data":"Predator","floor":6,"key":"SMITH"},{"data":"Deadly Poison","floor":10,"key":"SMITH"}],"neow_cost":"CURSE","seed_source_timestamp":11076872899059,"circlet_count":0,"master_deck":["Defend_G","Defend_G","Defend_G","Defend_G","Defend_G","Strike_G","Strike_G","Strike_G","Strike_G","Strike_G","Survivor","Neutralize","AscendersBane","Sucker Punch","Predator+1","Deadly Poison+1","Backstab"],"relics":["Ring of the Snake","Calipers","Bag of Marbles","Happy Flower"],"potions_floor_usage":[7],"damage_taken":[{"damage":4,"enemies":"Jaw Worm","floor":1,"turns":7},{"damage":2,"enemies":"2 Louse","floor":2,"turns":5},{"damage":0,"enemies":"Cultist","floor":3,"turns":4},{"damage":1,"enemies":"2 Fungi Beasts","floor":5,"turns":5},{"damage":35,"enemies":"Lagavulin","floor":7,"turns":10},{"damage":0,"enemies":"Blue Slaver","floor":8,"turns":3},{"damage":18,"enemies":"Exordium Wildlife","floor":11,"turns":1}],"seed_played":"-7368624236509993237","potions_obtained":[{"floor":5,"key":"Dexterity Potion"},{"floor":7,"key":"Fire Potion"}],"is_trial":false,"path_per_floor":["M","M","M","$","M","R","E","M","T","R"],"character_chosen":"THE_SILENT","items_purchased":[],"campfire_rested":0,"item_purchase_floors":[],"current_hp_per_floor":[55,53,53,53,52,52,17,17,17,17,0],"gold":139,"neow_bonus":"ONE_RARE_RELIC","is_prod":false,"is_daily":false,"chose_seed":false,"campfire_upgraded":2,"win_rate":0,"timestamp":1539602152,"path_taken":["M","M","M","$","M","R","E","M","T","R","M"],"build_version":"2018-10-11","purchased_purges":1,"victory":false,"max_hp_per_floor":[66,66,66,66,66,66,66,66,66,66,66],"card_choices":[{"not_picked":["Sucker Punch","Backflip","Flechettes"],"picked":"SKIP","floor":1},{"not_picked":["Backflip","Flechettes"],"picked":"Sucker Punch","floor":1},{"not_picked":["PiercingWail","A Thousand Cuts","Expertise"],"picked":"SKIP","floor":2},{"not_picked":["Prepared","Calculated Gamble"],"picked":"Predator","floor":3},{"not_picked":["Concentrate","Catalyst","Crippling Poison"],"picked":"SKIP","floor":5},{"not_picked":["Prepared","Leg Sweep"],"picked":"Deadly Poison","floor":7},{"not_picked":["Finisher","Predator"],"picked":"Backstab","floor":8}],"player_experience":703548,"relics_obtained":[{"floor":7,"key":"Bag of Marbles"},{"floor":9,"key":"Happy Flower"}],"event_choices":[],"is_beta":false,"boss_relics":[],"items_purged_floors":[4],"is_endless":false,"potions_floor_spawned":[5,7],"killed_by":"Exordium Wildlife","ascension_level":20}