{"gold_per_floor":[19,94,104,29,47,47,62,62,140,151,185,185,204,221,221,326,326,337,337,252,252,177,177,177,177,224,224,250,250,262,273,273,273],"floor_reached":33,"playtime":1091,"items_purged":[],"score":417,"play_id":"da4593b0-dbe8-4493-9e0e-f6cc100fc70c","local_time":"20181105124606","is_ascension_mode":true,"campfire_choices":[{"data":"Hologram","floor":6,"key":"SMITH"},{"floor":12,"key":"REST"},{"floor":15,"key":"REST"},{"data":"Storm","floor":23,"key":"SMITH"},{"floor":29,"key":"REST"},{"data":"Chaos","floor":32,"key":"SMITH"}],"neow_cost":"NO_GOLD","seed_source_timestamp":10202799398060322,"circlet_count":0,"master_deck":["AscendersBane","Strike_B+1","Strike_B+1","Defend_B+1","Defend_B+1","Defend_B+1","Defend_B+1","Zap","Dualcast","Thunder Strike","Ball Lightning","Reprogram","Ball Lightning","Hologram+1","Leap","Leap","Ball Lightning","Thunder Strike","Beam Cell","Leap","Seek","Coolheaded","Storm+1","White Noise","Storm","Hello World","Go for the Eyes","Ball Lightning","Ball Lightning","Chill","Ball Lightning","Chaos+1"],"relics":["Cracked Core","Juzu Bracelet","Tiny Chest","Bag of Preparation","Orrery","Blue Candle","Regal Pillow","Red Mask"],"potions_floor_usage":[16,16,28,28,33],"damage_taken":[{"damage":0,"enemies":"2 Louse","floor":1,"turns":2},{"damage":2,"enemies":"Jaw Worm","floor":3,"turns":3},{"damage":3,"enemies":"Cultist","floor":5,"turns":3},{"damage":14,"enemies":"3 Louse","floor":7,"turns":3},{"damage":5,"enemies":"Large Slime","floor":10,"turns":4},{"damage":12,"enemies":"3 Sentries","floor":11,"turns":5},{"damage":5,"enemies":"Exordium Wildlife","floor":13,"turns":3},{"damage":7,"enemies":"3 Louse","floor":14,"turns":3},{"damage":2,"enemies":"Hexaghost","floor":16,"turns":7},{"damage":6,"enemies":"3 Byrds","floor":18,"turns":2},{"damage":39,"enemies":"Masked Bandits","floor":28,"turns":4},{"damage":10,"enemies":"Spheric Guardian","floor":30,"turns":3},{"damage":4,"enemies":"Cultist and Chosen","floor":31,"turns":4},{"damage":32,"enemies":"Collector","floor":33,"turns":5}],"seed_played":"2463476620162491706","potions_obtained":[{"floor":10,"key":"PowerPotion"},{"floor":11,"key":"Block Potion"},{"floor":16,"key":"Fire Potion"},{"floor":19,"key":"PowerPotion"},{"floor":30,"key":"SpeedPotion"},{"floor":31,"key":"Poison Potion"}],"is_trial":false,"path_per_floor":["M","?","M","$","M","R","M","?","T","M","E","R","M","M","R","B",null,"M","?","?","?","?","R","?","?","T","?","?","R","M","M","R","B"],"character_chosen":"DEFECT","items_purchased":["Ball Lightning","Hologram"],"campfire_rested":3,"item_purchase_floors":[4,4],"current_hp_per_floor":[68,57,55,55,52,52,38,20,20,15,3,25,20,13,35,33,65,59,59,59,59,59,59,59,45,45,45,6,45,35,31,31,0],"gold":273,"neow_bonus":"THREE_RARE_CARDS","is_prod":false,"is_daily":false,"chose_seed":false,"campfire_upgraded":3,"win_rate":0,"timestamp":1541450766,"path_taken":["M","?","M","$","M","R","M","?","T","M","E","R","M","M","R","BOSS","M","?","?","?","?","R","?","?","T","?","?","R","M","M","R","BOSS"],"build_version":"2018-11-01","purchased_purges":0,"victory":false,"max_hp_per_floor":[75,75,75,75,75,75,75,75,75,75,75,75,75,75,75,75,75,75,75,75,75,75,75,75,80,80,80,80,80,80,80,80,80],"card_choices":[{"not_picked":["Fission","Rainbow"],"picked":"Thunder Strike","floor":0},{"not_picked":["Leap","Streamline"],"picked":"Ball Lightning","floor":1},{"not_picked":["Heatsinks","Loop"],"picked":"Reprogram","floor":3},{"not_picked":["Gash","Streamline"],"picked":"Leap","floor":5},{"not_picked":["Reinforced Body","Undo"],"picked":"Leap","floor":7},{"not_picked":["Rebound","Conserve Battery"],"picked":"Ball Lightning","floor":10},{"not_picked":["Fusion","Cold Snap"],"picked":"Thunder Strike","floor":11},{"not_picked":["Compile Driver","Coolheaded"],"picked":"Beam Cell","floor":13},{"not_picked":["Sweeping Beam","Rebound"],"picked":"Leap","floor":14},{"not_picked":["Hyperbeam","Meteor Strike"],"picked":"Seek","floor":16},{"not_picked":["Recycle","Heatsinks"],"picked":"Coolheaded","floor":17},{"not_picked":["Hologram","Force Field"],"picked":"Storm","floor":17},{"not_picked":["Streamline","Gash"],"picked":"White Noise","floor":17},{"not_picked":["Skim","Reinforced Body"],"picked":"Storm","floor":17},{"not_picked":["BootSequence","Go for the Eyes"],"picked":"Hello World","floor":17},{"not_picked":["Aggregate","Blizzard+1"],"picked":"Go for the Eyes","floor":18},{"not_picked":["Double Energy","Conserve Battery"],"picked":"Chill","floor":28},{"not_picked":["Steam","Cold Snap"],"picked":"Ball Lightning","floor":30},{"not_picked":["Rebound","Sweeping Beam"],"picked":"Chaos","floor":31}],"player_experience":352351,"relics_obtained":[{"floor":9,"key":"Tiny Chest"},{"floor":11,"key":"Bag of Preparation"},{"floor":26,"key":"Regal Pillow"},{"floor":28,"key":"Red Mask"}],"event_choices":[{"damage_healed":0,"gold_gain":75,"player_choice":"Gather Gold","damage_taken":11,"max_hp_gain":0,"max_hp_loss":0,"event_name":"World of Goop","floor":2,"gold_loss":0},{"damage_healed":0,"gold_gain":0,"player_choice":"Success","damage_taken":18,"relics_obtained":["Juzu Bracelet"],"max_hp_gain":0,"max_hp_loss":0,"event_name":"Scrap Ooze","floor":8,"gold_loss":0},{"damage_healed":0,"gold_gain":0,"player_choice":"Got Potions","damage_taken":0,"max_hp_gain":0,"max_hp_loss":0,"event_name":"Lab","floor":19,"gold_loss":0},{"damage_healed":0,"gold_gain":0,"player_choice":"Obtained Relic","damage_taken":0,"relics_obtained":["Blue Candle"],"max_hp_gain":0,"max_hp_loss":0,"event_name":"Addict","floor":20,"gold_loss":85},{"damage_healed":0,"gold_gain":0,"player_choice":"Read","damage_taken":0,"max_hp_gain":0,"max_hp_loss":0,"event_name":"The Library","floor":21,"gold_loss":0,"cards_obtained":["Ball Lightning"]},{"cards_removed":["Strike_B"],"damage_healed":0,"gold_gain":0,"player_choice":"Gave Gold","damage_taken":0,"max_hp_gain":0,"max_hp_loss":0,"event_name":"Beggar","floor":22,"gold_loss":75},{"damage_healed":0,"gold_gain":0,"player_choice":"Simplicity","damage_taken":0,"max_hp_gain":0,"max_hp_loss":0,"event_name":"Back to Basics","floor":24,"gold_loss":0,"cards_upgraded":["Strike_B","Strike_B","Strike_B","Defend_B","Defend_B","Defend_B","Defend_B"]},{"damage_healed":0,"gold_gain":0,"player_choice":"Shed Blood","damage_taken":19,"max_hp_gain":5,"max_hp_loss":0,"event_name":"Forgotten Altar","floor":25,"gold_loss":0},{"damage_healed":0,"gold_gain":0,"cards_transformed":["Strike_B"],"player_choice":"Transformed","damage_taken":0,"max_hp_gain":0,"max_hp_loss":0,"event_name":"Transmorgrifier","floor":27,"gold_loss":0,"cards_obtained":["Ball Lightning"]},{"damage_healed":0,"gold_gain":0,"player_choice":"Fought Bandits","damage_taken":0,"max_hp_gain":0,"max_hp_loss":0,"event_name":"Masked Bandits","floor":28,"gold_loss":0}],"is_beta":false,"boss_relics":[{"not_picked":["White Beast Statue","Calling Bell"],"picked":"Orrery"}],"items_purged_floors":[],"is_endless":false,"potions_floor_spawned":[10,11,13,16,30,31],"killed_by":"Collector","ascension_level":12}