{"path_per_floor":["M","M","?","$","M","R","E","?","T","M","R","M","R","M","R","B",null,"M","M","?","$","M","R","E","?","T","R","E","M","E","M","R","B",null,"M","?","M","M","M","R","E","M","T","E","M","M","?","?","R","B"],"character_chosen":"IRONCLAD","items_purchased":["Spot Weakness","Brutality"],"gold_per_floor":[110,127,77,3,22,22,52,110,110,122,122,133,133,151,151,254,254,267,286,286,131,146,146,172,204,204,204,236,253,280,297,297,396,426,443,443,457,473,490,490,519,536,610,641,656,671,671,671,671,671],"floor_reached":51,"campfire_rested":1,"playtime":3473,"item_purchase_floors":[4,21],"current_hp_per_floor":[80,80,80,80,80,80,56,54,54,59,59,60,60,61,61,62,80,71,73,73,73,74,74,62,63,73,73,59,61,61,62,62,61,95,95,83,76,59,59,59,58,56,56,29,19,20,20,20,63,37],"items_purged":[],"gold":671,"score":896,"play_id":"16da94a0-ce5b-4bad-a5ad-789dd4097e5f","local_time":"20180607021053","is_prod":false,"is_daily":false,"chose_seed":false,"is_ascension_mode":false,"campfire_upgraded":8,"win_rate":0,"timestamp":1528362653,"campfire_choices":[{"data":"Spot Weakness","floor":6,"key":"SMITH"},{"data":"Anger","floor":11,"key":"SMITH"},{"data":"Heavy Blade","floor":13,"key":"SMITH"},{"data":"Flex","floor":15,"key":"SMITH"},{"data":"Brutality","floor":23,"key":"SMITH"},{"data":"Offering","floor":27,"key":"SMITH"},{"data":"Armaments","floor":32,"key":"SMITH"},{"data":"Double Tap","floor":40,"key":"SMITH"},{"floor":49,"key":"REST"}],"path_taken":["M","M","?","$","M","R","E","?","T","M","R","M","R","M","R","BOSS","M","M","?","$","M","R","E","?","T","R","E","M","E","M","R","BOSS","M","?","M","?","M","R","E","M","T","E","M","M","?","?","R","BOSS"],"build_version":"2018-05-31","seed_source_timestamp":345017498522647,"purchased_purges":0,"victory":true,"master_deck":["Strike_R+1","Strike_R+1","Strike_R+1","Strike_R+1","Strike_R+1","Defend_R+1","Defend_R+1","Defend_R+1","Bash","Clash","Anger+1","Heavy Blade+1","Spot Weakness+1","Flex+1","Thunderclap","Seeing Red+1","Thunderclap","Rage+1","Offering+1","Heavy Blade","Flex+1","Brutality+1","Ghostly Armor","Flex","Heavy Blade","Heavy Blade","Armaments+1","Sword Boomerang","Pommel Strike+1","Double Tap+1","Spot Weakness+1","Sever Soul+1","Madness","Madness+1","Dropkick+1","Blood for Blood+1","Uppercut","Spot Weakness+1","Searing Blow","Demon Form","Flex","Cleave"],"max_hp_per_floor":[80,80,80,80,80,80,80,80,80,80,80,80,80,80,80,80,80,80,80,80,80,80,80,80,80,90,90,90,90,90,90,90,90,95,95,95,95,95,95,95,95,95,95,95,95,95,95,95,95,95],"relics":["Burning Blood","Self Forming Clay","Orichalcum","Lantern","Runic Cube","Bottled Lightning","Red Mask","Pear","Pen Nib","Shuriken","Tiny House","Regal Pillow","Centennial Puzzle","War Paint"],"card_choices":[{"not_picked":["Iron Wave","True Grit"],"picked":"Clash","floor":0},{"not_picked":["Clothesline","Inflame"],"picked":"Anger","floor":1},{"not_picked":["True Grit","Uppercut"],"picked":"Heavy Blade","floor":2},{"not_picked":["True Grit","Power Through"],"picked":"Carnage","floor":5},{"not_picked":["Clothesline","Iron Wave"],"picked":"Flex","floor":7},{"not_picked":["Corruption","Shrug It Off"],"picked":"Thunderclap","floor":8},{"not_picked":["Body Slam","Berserk"],"picked":"Seeing Red","floor":10},{"not_picked":["Headbutt","True Grit"],"picked":"Thunderclap","floor":12},{"not_picked":["Perfected Strike","Shrug It Off"],"picked":"Rage","floor":14},{"not_picked":["Brutality","Feed"],"picked":"Offering","floor":16},{"not_picked":["Armaments","Rage"],"picked":"Heavy Blade","floor":18},{"not_picked":["Dual Wield","Corruption"],"picked":"Flex+1","floor":19},{"not_picked":["Wild Strike","Iron Wave"],"picked":"Ghostly Armor","floor":22},{"not_picked":["Uppercut","Armaments"],"picked":"Flex","floor":24},{"not_picked":["Clash","Immolate"],"picked":"Heavy Blade","floor":25},{"not_picked":["Warcry","Perfected Strike+1"],"picked":"Heavy Blade","floor":28},{"not_picked":["Whirlwind","Body Slam"],"picked":"Armaments","floor":29},{"not_picked":["Twin Strike","Wild Strike"],"picked":"Sword Boomerang","floor":30},{"not_picked":["Whirlwind+1","Clash"],"picked":"Pommel Strike+1","floor":31},{"not_picked":["Immolate","Limit Break"],"picked":"Double Tap","floor":33},{"not_picked":["Seeing Red+1","Twin Strike"],"picked":"Spot Weakness+1","floor":34},{"not_picked":["Clothesline","Burning Pact"],"picked":"Sever Soul+1","floor":35},{"not_picked":["Clothesline","Corruption+1"],"picked":"Dropkick+1","floor":37},{"not_picked":["Headbutt+1","Heavy Blade"],"picked":"Blood for Blood+1","floor":38},{"not_picked":["Warcry+1","Perfected Strike"],"picked":"Uppercut","floor":39},{"not_picked":["Infernal Blade","Cleave+1"],"picked":"Spot Weakness+1","floor":41},{"not_picked":["Perfected Strike","Power Through+1"],"picked":"Searing Blow","floor":42},{"not_picked":["Armaments","Reaper"],"picked":"Demon Form","floor":44},{"not_picked":["Shrug It Off+1","Feel No Pain+1"],"picked":"Flex","floor":45},{"not_picked":["Clothesline","Battle Trance+1"],"picked":"Cleave","floor":46}],"player_experience":41638,"potions_floor_usage":[24,33,33,33,50,50,50,50,50],"damage_taken":[{"damage":0,"enemies":"2 Louse","floor":1,"turns":3},{"damage":1,"enemies":"Jaw Worm","floor":2,"turns":2},{"damage":0,"enemies":"Small Slimes","floor":5,"turns":3},{"damage":30,"enemies":"Gremlin Nob","floor":7,"turns":4},{"damage":8,"enemies":"3 Sentries","floor":8,"turns":4},{"damage":1,"enemies":"Blue Slaver","floor":10,"turns":2},{"damage":5,"enemies":"Exordium Wildlife","floor":12,"turns":2},{"damage":5,"enemies":"Looter","floor":14,"turns":2},{"damage":5,"enemies":"Slime Boss","floor":16,"turns":7},{"damage":15,"enemies":"Spheric Guardian","floor":18,"turns":4},{"damage":4,"enemies":"2 Thieves","floor":19,"turns":2},{"damage":5,"enemies":"Sentry and Sphere","floor":22,"turns":2},{"damage":18,"enemies":"Slavers","floor":24,"turns":3},{"damage":5,"enemies":"Masked Bandits","floor":25,"turns":2},{"damage":20,"enemies":"Gremlin Leader","floor":28,"turns":4},{"damage":4,"enemies":"Centurion and Healer","floor":29,"turns":1},{"damage":6,"enemies":"Slavers","floor":30,"turns":3},{"damage":5,"enemies":"Slaver and Parasite","floor":31,"turns":2},{"damage":7,"enemies":"Champ","floor":33,"turns":3},{"damage":5,"enemies":"3 Darklings","floor":35,"turns":2},{"damage":13,"enemies":"3 Shapes","floor":37,"turns":1},{"damage":23,"enemies":"Maw","floor":38,"turns":4},{"damage":6,"enemies":"3 Darklings","floor":39,"turns":3},{"damage":7,"enemies":"2 Orb Walkers","floor":41,"turns":2},{"damage":8,"enemies":"4 Shapes","floor":42,"turns":2},{"damage":33,"enemies":"Nemesis","floor":44,"turns":3},{"damage":16,"enemies":"Sphere and 2 Shapes","floor":45,"turns":1},{"damage":5,"enemies":"3 Darklings","floor":46,"turns":2},{"damage":32,"enemies":"Time Eater","floor":50,"turns":4}],"relics_obtained":[{"floor":7,"key":"Self Forming Clay"},{"floor":9,"key":"Lantern"},{"floor":24,"key":"Bottled Lightning"},{"floor":25,"key":"Red Mask"},{"floor":26,"key":"Pear"},{"floor":28,"key":"Pen Nib"},{"floor":30,"key":"Shuriken"},{"floor":41,"key":"Regal Pillow"},{"floor":43,"key":"Centennial Puzzle"},{"floor":44,"key":"War Paint"}],"event_choices":[{"event_name":"The Cleric","player_choice":"Card Removal","floor":3,"damage_taken":0},{"event_name":"Dead Adventurer","player_choice":"Searched \u00272\u0027 times","floor":8,"damage_taken":0},{"event_name":"Back to Basics","player_choice":"Simplicity","floor":20,"damage_taken":0},{"event_name":"Masked Bandits","player_choice":"Fought over 172 gold","floor":25,"damage_taken":0},{"event_name":"Winding Halls","player_choice":"Embrace Madness","floor":36,"damage_taken":0},{"event_name":"Mysterious Sphere","player_choice":"Ignore","floor":47,"damage_taken":0}],"boss_relics":[{"not_picked":["Calling Bell","Black Blood"],"picked":"Runic Cube"},{"not_picked":["Snecko Eye","Velvet Choker"],"picked":"Tiny House"}],"items_purged_floors":[],"potions_floor_spawned":[5,8,10,12,14,19,25,30,31,37,39,41],"seed_played":"7677594286434490103","ascension_level":0,"potions_obtained":[{"floor":5,"key":"EssenceOfSteel"},{"floor":8,"key":"SteroidPotion"},{"floor":10,"key":"GamblersBrew"},{"floor":19,"key":"Fire Potion"},{"floor":25,"key":"Poison Potion"},{"floor":30,"key":"AttackPotion"},{"floor":34,"key":"SkillPotion"},{"floor":37,"key":"SteroidPotion"},{"floor":39,"key":"Ancient Potion"},{"floor":41,"key":"EntropicBrew"}],"is_trial":false}