{"path_per_floor":["M","M","?","M","?","R","E","R","T","R","M","M","$","E","R"],"character_chosen":"THE_SILENT","items_purchased":["Escape Plan"],"gold_per_floor":[20,36,36,52,52,52,86,86,109,109,132,157,1,32,32,32],"floor_reached":16,"campfire_rested":2,"playtime":726,"current_hp_per_floor":[56,56,33,33,33,33,11,30,30,64,64,63,63,37,37,0],"items_purged":["Strike_G"],"gold":32,"score":193,"play_id":"7d84fd34-cfe1-4b42-8294-f1ce1d25181e","local_time":"20180408030411","is_prod":false,"is_daily":false,"is_ascension_mode":true,"campfire_upgraded":2,"timestamp":1523124251,"path_taken":["M","M","?","M","?","R","E","R","T","R","M","?","$","E","R","BOSS"],"build_version":"2018-04-05v2","purchased_purges":1,"victory":false,"master_deck":["Defend_G","Defend_G","Defend_G","Defend_G","Strike_G","Strike_G","Survivor","Neutralize","AscendersBane","Predator+1","PiercingWail","Riddle With Holes","Cloak And Dagger+1","Flying Knee","PiercingWail","Deflect","Slice","Leg Sweep","Escape Plan"],"max_hp_per_floor":[66,66,66,66,66,66,66,66,66,66,66,66,66,66,66,66],"relics":["Ring of the Snake","Golden Idol","Oddly Smooth Stone","Regal Pillow","Dream Catcher"],"card_choices":[{"not_picked":["Infinite Blades","Outmaneuver"],"picked":"Riddle With Holes","floor":1},{"not_picked":["Flechettes","Poisoned Stab"],"picked":"Cloak And Dagger","floor":2},{"not_picked":["Poisoned Stab","Cloak And Dagger"],"picked":"Flying Knee","floor":4},{"not_picked":["Flying Knee","Quick Slash"],"picked":"Deflect","floor":7},{"not_picked":["Riddle With Holes","Bane"],"picked":"Slice","floor":11},{"not_picked":["Flechettes","Bane"],"picked":"Leg Sweep","floor":12}],"player_experience":413431,"potions_floor_usage":[7,16],"damage_taken":[{"damage":3,"enemies":"Small Slimes","floor":1,"turns":6},{"damage":0,"enemies":"Jaw Worm","floor":2,"turns":5},{"damage":0,"enemies":"2 Louse","floor":4,"turns":3},{"damage":34,"enemies":"3 Sentries","floor":7,"turns":11},{"damage":0,"enemies":"2 Fungi Beasts","floor":11,"turns":5},{"damage":1,"enemies":"Red Slaver","floor":12,"turns":5},{"damage":26,"enemies":"Lagavulin","floor":14,"turns":11},{"damage":37,"enemies":"Slime Boss","floor":16,"turns":9}],"event_choices":[{"event_name":"Golden Idol","player_choice":"Take Damage","floor":3,"damage_taken":0},{"event_name":"Transmorgrifier","player_choice":"Transform","floor":5,"damage_taken":0}],"boss_relics":[],"potions_floor_spawned":[1,2,14],"seed_played":"-8371733020889522598","killed_by":"Slime Boss","ascension_level":15,"is_trial":false}