{"gold_per_floor":[111,124,139,159,159,159,193,193,220,230,243,257,257,257,257,356,356,372,382,382,382,382,382,123,123,149,166,81,93,93,123,123,123],"floor_reached":33,"playtime":855,"items_purged":["Defend_R"],"score":292,"play_id":"920a9271-af94-4862-b6dc-8243bf1fbef5","local_time":"20190306040023","is_ascension_mode":false,"campfire_choices":[{"floor":6,"key":"REST"},{"floor":8,"key":"REST"},{"floor":15,"key":"REST"},{"data":"Flex","floor":23,"key":"SMITH"},{"floor":25,"key":"REST"},{"data":"Limit Break","floor":32,"key":"SMITH"}],"neow_cost":"NONE","seed_source_timestamp":28847086916481,"circlet_count":0,"master_deck":["Strike_R","Strike_R","Strike_R","Strike_R","Strike_R","Defend_R","Bash","Flex+1","Flex","Dropkick","Rampage","Sword Boomerang","Whirlwind","Demon Form","Sever Soul","Feed","Shame","Clumsy","Regret","Sword Boomerang","Spot Weakness+1","Shockwave","Thunderclap","Limit Break+1","Battle Trance+1","Writhe","Sever Soul"],"relics":["Burning Blood","Dream Catcher","Bronze Scales","Happy Flower","PreservedInsect","Calling Bell","Juzu Bracelet","Darkstone Periapt","Torii","MutagenicStrength","Red Skull","Vajra","Toxic Egg 2","Orichalcum","Omamori"],"potions_floor_usage":[11,16,16,33,33],"damage_taken":[{"damage":17,"enemies":"Small Slimes","floor":1,"turns":4},{"damage":5,"enemies":"2 Louse","floor":2,"turns":2},{"damage":6,"enemies":"Cultist","floor":3,"turns":3},{"damage":19,"enemies":"2 Fungi Beasts","floor":4,"turns":3},{"damage":64,"enemies":"Gremlin Nob","floor":7,"turns":6},{"damage":20,"enemies":"Looter","floor":10,"turns":2},{"damage":0,"enemies":"3 Louse","floor":11,"turns":1},{"damage":0,"enemies":"2 Fungi Beasts","floor":12,"turns":2},{"damage":35,"enemies":"Slime Boss","floor":16,"turns":4},{"damage":43,"enemies":"Spheric Guardian","floor":18,"turns":5},{"damage":13,"enemies":"Chosen","floor":19,"turns":4},{"damage":28,"enemies":"3 Cultists","floor":27,"turns":4},{"damage":8,"enemies":"Snecko","floor":29,"turns":3},{"damage":21,"enemies":"Book of Stabbing","floor":31,"turns":3},{"damage":56,"enemies":"Automaton","floor":33,"turns":6}],"seed_played":"3325253095763428922","potions_obtained":[{"floor":2,"key":"Swift Potion"},{"floor":3,"key":"SteroidPotion"},{"floor":4,"key":"Dexterity Potion"},{"floor":10,"key":"Explosive Potion"},{"floor":27,"key":"Explosive Potion"},{"floor":29,"key":"EssenceOfSteel"}],"is_trial":false,"path_per_floor":["M","M","M","M","?","R","E","R","T","M","M","M","?","?","R","B",null,"M","M","?","?","?","R","$","R","T","M","?","M","?","E","R","B"],"character_chosen":"IRONCLAD","items_purchased":["Red Skull","Thunderclap"],"campfire_rested":4,"item_purchase_floors":[24,24],"current_hp_per_floor":[69,70,70,57,50,74,16,40,40,26,32,38,38,31,55,26,80,46,42,42,42,42,42,42,67,67,48,48,46,52,40,40,0],"gold":123,"neow_bonus":"RANDOM_COMMON_RELIC","is_prod":false,"is_daily":false,"chose_seed":false,"campfire_upgraded":2,"win_rate":0,"timestamp":1551812423,"path_taken":["M","M","M","M","?","R","E","R","T","M","M","M","?","?","R","BOSS","M","M","?","?","?","R","$","R","T","M","?","M","?","E","R","BOSS"],"build_version":"2019-01-23","purchased_purges":1,"victory":false,"max_hp_per_floor":[80,80,80,80,80,80,80,80,80,80,80,80,80,80,80,80,80,83,86,86,86,86,86,86,86,86,89,89,89,95,98,98,98],"card_choices":[{"not_picked":["Wild Strike","Clothesline","Headbutt"],"picked":"SKIP","floor":1},{"not_picked":["Corruption","Shrug It Off","Evolve"],"picked":"SKIP","floor":2},{"not_picked":["Havoc","Twin Strike","True Grit"],"picked":"SKIP","floor":3},{"not_picked":["Impervious","Clothesline"],"picked":"Flex","floor":4},{"not_picked":["Headbutt","Cleave"],"picked":"Flex","floor":6},{"not_picked":["Impervious","Flex"],"picked":"Dropkick","floor":7},{"not_picked":["Twin Strike","Havoc"],"picked":"Rampage","floor":8},{"not_picked":["Clash","Infernal Blade"],"picked":"Sword Boomerang","floor":10},{"not_picked":["Dual Wield","Perfected Strike"],"picked":"Whirlwind","floor":11},{"not_picked":["Cleave","Wild Strike"],"picked":"Demon Form","floor":12},{"not_picked":["Havoc","Combust"],"picked":"Sever Soul","floor":15},{"not_picked":["Immolate","Exhume"],"picked":"Feed","floor":16},{"not_picked":["True Grit","Ghostly Armor"],"picked":"Sword Boomerang","floor":18},{"not_picked":["Flame Barrier","Anger"],"picked":"Spot Weakness+1","floor":19},{"not_picked":["Fire Breathing","Twin Strike"],"picked":"Limit Break","floor":27},{"not_picked":["Clash","Uppercut"],"picked":"Battle Trance+1","floor":29},{"not_picked":["Ghostly Armor+1","Pommel Strike"],"picked":"Sever Soul","floor":31}],"player_experience":116509,"relics_obtained":[{"floor":7,"key":"Bronze Scales"},{"floor":9,"key":"Happy Flower"},{"floor":17,"key":"Juzu Bracelet"},{"floor":17,"key":"Darkstone Periapt"},{"floor":17,"key":"Torii"},{"floor":26,"key":"Vajra"},{"floor":31,"key":"Omamori"}],"event_choices":[{"cards_removed":["Defend_R"],"damage_healed":0,"gold_gain":0,"player_choice":"Card Removal","damage_taken":7,"max_hp_gain":0,"max_hp_loss":0,"event_name":"Golden Wing","floor":5,"gold_loss":0},{"damage_healed":0,"gold_gain":0,"player_choice":"Searched \u00270\u0027 times","damage_taken":0,"max_hp_gain":0,"max_hp_loss":0,"event_name":"Dead Adventurer","floor":13,"gold_loss":0},{"damage_healed":0,"gold_gain":0,"player_choice":"Success","damage_taken":7,"relics_obtained":["PreservedInsect"],"max_hp_gain":0,"max_hp_loss":0,"event_name":"Scrap Ooze","floor":14,"gold_loss":0},{"damage_healed":0,"gold_gain":0,"cards_transformed":["Defend_R"],"player_choice":"Transformed","damage_taken":0,"max_hp_gain":0,"max_hp_loss":0,"event_name":"Transmorgrifier","floor":20,"gold_loss":0,"cards_obtained":["Shockwave"]},{"damage_healed":0,"gold_gain":0,"player_choice":"Ignored","damage_taken":0,"max_hp_gain":0,"max_hp_loss":0,"event_name":"Ghosts","floor":21,"gold_loss":0},{"damage_healed":0,"gold_gain":0,"player_choice":"Inject Mutagens","damage_taken":0,"relics_obtained":["MutagenicStrength"],"max_hp_gain":0,"max_hp_loss":0,"event_name":"Drug Dealer","floor":22,"gold_loss":0},{"damage_healed":0,"gold_gain":0,"player_choice":"Obtained Relic","damage_taken":0,"relics_obtained":["Toxic Egg 2"],"max_hp_gain":0,"max_hp_loss":0,"event_name":"Addict","floor":28,"gold_loss":85},{"damage_healed":0,"gold_gain":0,"player_choice":"Opened","damage_taken":0,"relics_obtained":["Orichalcum"],"max_hp_gain":0,"max_hp_loss":0,"event_name":"The Mausoleum","floor":30,"gold_loss":0,"cards_obtained":["Writhe"]}],"is_beta":false,"boss_relics":[{"not_picked":["White Beast Statue","Runic Cube"],"picked":"Calling Bell"}],"items_purged_floors":[24],"is_endless":false,"potions_floor_spawned":[2,3,4,10,27,29],"killed_by":"Automaton","ascension_level":0}