{"gold_per_floor":[118,118,130,15,31,62,77,77,77,77,89,102,119,41,41,138,138,154,169,169,169,182,182],"floor_reached":23,"playtime":2209,"items_purged":[],"score":195,"play_id":"d552bcd1-129b-477c-8323-2fec4d39fc69","local_time":"20190305171522","is_ascension_mode":false,"campfire_choices":[{"floor":8,"key":"REST"},{"data":"Leap","floor":10,"key":"SMITH"},{"floor":15,"key":"REST"}],"neow_cost":"TEN_PERCENT_HP_LOSS","seed_source_timestamp":87638303590176,"circlet_count":0,"master_deck":["Strike_B","Strike_B","Strike_B","Strike_B","Defend_B","Defend_B","Defend_B","Zap","Dualcast","Ball Lightning","Steam","Leap+1","Go for the Eyes","Turbo","Amplify","Coolheaded","Genetic Algorithm","Tempest","Leap","Streamline","Redo","Coolheaded","Electrodynamics","Sweeping Beam","Glacier","Melter","Recycle"],"relics":["Cracked Core","Ice Cream","Vajra","Matryoshka","Eternal Feather"],"potions_floor_usage":[6,16,22,22,23],"damage_taken":[{"damage":0,"enemies":"2 Louse","floor":1,"turns":4},{"damage":0,"enemies":"Cultist","floor":3,"turns":2},{"damage":8,"enemies":"Small Slimes","floor":5,"turns":2},{"damage":35,"enemies":"3 Sentries","floor":6,"turns":7},{"damage":1,"enemies":"Looter","floor":7,"turns":3},{"damage":15,"enemies":"Lots of Slimes","floor":11,"turns":4},{"damage":1,"enemies":"3 Louse","floor":12,"turns":2},{"damage":4,"enemies":"Gremlin Gang","floor":13,"turns":5},{"damage":30,"enemies":"Hexaghost","floor":16,"turns":11},{"damage":4,"enemies":"Shell Parasite","floor":18,"turns":7},{"damage":8,"enemies":"Spheric Guardian","floor":19,"turns":4},{"damage":18,"enemies":"Snake Plant","floor":22,"turns":5},{"damage":47,"enemies":"Book of Stabbing","floor":23,"turns":7}],"seed_played":"6397721680829517797","potions_obtained":[{"floor":1,"key":"Regen Potion"},{"floor":5,"key":"GamblersBrew"},{"floor":7,"key":"Dexterity Potion"},{"floor":16,"key":"Fruit Juice"},{"floor":18,"key":"EssenceOfSteel"}],"is_trial":false,"path_per_floor":["?","$","M","$","?","?","M"],"character_chosen":"DEFECT","items_purchased":["Leap","Go for the Eyes","Turbo","Redo","Coolheaded"],"campfire_rested":2,"item_purchase_floors":[4,4,4,14,14],"current_hp_per_floor":[68,68,68,68,60,34,33,53,53,53,38,37,33,33,53,23,68,64,56,56,56,43,0],"gold":182,"neow_bonus":"ONE_RARE_RELIC","is_prod":false,"is_daily":false,"chose_seed":false,"campfire_upgraded":1,"win_rate":0.0,"timestamp":1551802522,"path_taken":["M","?","M","?","M","E","M","R","T","R","?","M","M","?","R","BOSS","M","M","?","?","?","E"],"build_version":"2019-01-23","purchased_purges":0,"victory":false,"max_hp_per_floor":[68,68,68,68,68,68,68,68,68,68,68,68,68,68,68,68,68,68,68,68,68,73,73],"card_choices":[{"not_picked":["Static Discharge","Cold Snap"],"picked":"Ball Lightning","floor":1},{"not_picked":["Heatsinks","Turbo"],"picked":"Steam","floor":3},{"not_picked":["Barrage","Hello World"],"picked":"Amplify","floor":5},{"not_picked":["FTL","Barrage"],"picked":"Coolheaded","floor":6},{"not_picked":["Steam Power","White Noise"],"picked":"Genetic Algorithm","floor":7},{"not_picked":["Gash","Undo"],"picked":"Tempest","floor":11},{"not_picked":["Cold Snap","Rip and Tear"],"picked":"Leap","floor":12},{"not_picked":["Static Discharge","Compile Driver"],"picked":"Streamline","floor":13},{"not_picked":["Thunder Strike","Amplify"],"picked":"Electrodynamics","floor":16},{"not_picked":["Lockon","Compile Driver+1"],"picked":"Sweeping Beam","floor":18},{"not_picked":["Compile Driver","Sweeping Beam"],"picked":"Glacier","floor":19},{"not_picked":["Scrape","Stack"],"picked":"Recycle","floor":22}],"player_experience":28576,"relics_obtained":[{"floor":6,"key":"Vajra"},{"floor":9,"key":"Matryoshka"}],"event_choices":[{"cards_removed":["Flash of Steel"],"damage_healed":0,"gold_gain":0,"player_choice":"Took Card","damage_taken":0,"max_hp_gain":0,"max_hp_loss":0,"event_name":"NoteForYourself","floor":2,"gold_loss":0,"cards_obtained":["Flash of Steel"]},{"damage_healed":0,"gold_gain":0,"player_choice":"Read","damage_taken":0,"max_hp_gain":0,"max_hp_loss":0,"event_name":"The Library","floor":20,"gold_loss":0,"cards_obtained":["Melter"]},{"cards_removed":["Defend_B"],"damage_healed":0,"gold_gain":0,"player_choice":"Offered Basic","damage_taken":0,"max_hp_gain":0,"max_hp_loss":0,"event_name":"Bonfire Elementals","floor":21,"gold_loss":0}],"is_beta":false,"boss_relics":[{"not_picked":["Cursed Key","Fusion Hammer"],"picked":"Eternal Feather"}],"items_purged_floors":[],"is_endless":false,"potions_floor_spawned":[1,5,7,16,18],"killed_by":"Book of Stabbing","ascension_level":0}