{"gold_per_floor":[118,133,133,149,165,165,176,205,205,0,0,31,44,64,64,138,138,156,176,195,110,120,120,136,167,222,263,275,321,333,363,375,387],"floor_reached":33,"playtime":1435,"items_purged":[],"score":606,"play_id":"51df304f-3dda-4ffa-a488-2695d67b44bc","local_time":"20190217211835","is_ascension_mode":true,"campfire_choices":[{"data":"Anger","floor":6.0,"key":"SMITH"},{"data":"Whirlwind","floor":11.0,"key":"SMITH"},{"floor":15.0,"key":"REST"},{"data":"Uppercut","floor":23.0,"key":"SMITH"},{"data":"Barricade","floor":28.0,"key":"SMITH"},{"data":"Flame Barrier","floor":32.0,"key":"SMITH"}],"neow_cost":"PERCENT_DAMAGE","seed_source_timestamp":0,"circlet_count":0,"master_deck":["AscendersBane","Strike_R","Strike_R","Strike_R","Defend_R","Defend_R","Defend_R","Defend_R","Anger+1","Cleave","Feel No Pain","Reckless Charge","Flame Barrier","Whirlwind+1","True Grit","Flame Barrier+1","Iron Wave","Shrug It Off","Uppercut+1","Barricade+1","Seeing Red+1","Iron Wave+1","Shrug It Off","Twin Strike","J.A.X."],"special_seed":0,"relics":["Burning Blood","Regal Pillow","Dream Catcher","Bronze Scales","PreservedInsect","Busted Crown","Mercury Hourglass","Red Skull","MawBank","Centennial Puzzle","Shuriken"],"potions_floor_usage":[33],"damage_taken":[{"damage":10.0,"enemies":"Small Slimes","floor":1.0,"turns":5.0},{"damage":1.0,"enemies":"Cultist","floor":2.0,"turns":4.0},{"damage":2.0,"enemies":"Jaw Worm","floor":4.0,"turns":3.0},{"damage":1.0,"enemies":"2 Fungi Beasts","floor":5.0,"turns":3.0},{"damage":8.0,"enemies":"3 Louse","floor":7.0,"turns":3.0},{"damage":35.0,"enemies":"Lagavulin","floor":8.0,"turns":8.0},{"damage":27.0,"enemies":"Gremlin Nob","floor":12.0,"turns":4.0},{"damage":0.0,"enemies":"Exordium Wildlife","floor":13.0,"turns":2.0},{"damage":6.0,"enemies":"Exordium Thugs","floor":14.0,"turns":3.0},{"damage":14.0,"enemies":"The Guardian","floor":16.0,"turns":13.0},{"damage":8.0,"enemies":"2 Thieves","floor":18.0,"turns":4.0},{"damage":0.0,"enemies":"3 Byrds","floor":19.0,"turns":2.0},{"damage":33.0,"enemies":"Shelled Parasite and Fungi","floor":20.0,"turns":6.0},{"damage":0.0,"enemies":"3 Cultists","floor":22.0,"turns":2.0},{"damage":0.0,"enemies":"Snake Plant","floor":24.0,"turns":2.0},{"damage":21.0,"enemies":"Book of Stabbing","floor":25.0,"turns":5.0},{"damage":15.0,"enemies":"Slavers","floor":27.0,"turns":2.0},{"damage":0.0,"enemies":"Gremlin Leader","floor":29.0,"turns":4.0},{"damage":1.0,"enemies":"Cultist and Chosen","floor":31.0,"turns":3.0},{"damage":93,"enemies":"Champ","floor":33,"turns":11}],"seed_played":"-2783001168036395894","potions_obtained":[{"floor":1.0,"key":"SneckoOil"},{"floor":4.0,"key":"Energy Potion"},{"floor":5.0,"key":"Dexterity Potion"},{"floor":12.0,"key":"Energy Potion"},{"floor":16.0,"key":"Strength Potion"},{"floor":18.0,"key":"Strength Potion"},{"floor":22.0,"key":"Regen Potion"},{"floor":25.0,"key":"PowerPotion"},{"floor":31.0,"key":"BloodPotion"}],"is_trial":false,"path_per_floor":["M","M","?","M","M","R","M","E","T","$","R","E","M","M","R","B",null,"M","M","M","?","M","R","M","E","T","E","R","E","?","M","R","B"],"character_chosen":"IRONCLAD","items_purchased":["Bronze Scales","True Grit"],"campfire_rested":1,"item_purchase_floors":[10,10],"current_hp_per_floor":[46,51,51,55,60,60,58,29,29,29,29,8,14,14,51,43,67,65,71,44,44,50,50,56,55,55,46,46,52,52,57,57,0],"gold":387,"neow_bonus":"REMOVE_TWO","is_prod":false,"is_daily":false,"chose_seed":false,"campfire_upgraded":5,"win_rate":0,"timestamp":1550456315,"path_taken":["M","M","?","M","M","R","M","E","T","?","R","E","M","M","R","BOSS","M","M","M","?","M","R","M","E","T","E","R","E","?","M","R","BOSS"],"build_version":"2019-01-23","purchased_purges":0,"victory":false,"max_hp_per_floor":[75,75,75,75,75,75,75,75,75,75,75,75,75,75,75,75,75,75,75,75,75,75,75,75,75,75,75,75,75,75,75,75,75],"card_choices":[{"not_picked":["Headbutt","Wild Strike"],"picked":"Anger","floor":1.0},{"not_picked":["Combust","Havoc"],"picked":"Cleave","floor":2.0},{"not_picked":["Rupture","Twin Strike"],"picked":"Feel No Pain","floor":4.0},{"not_picked":["Perfected Strike","Rupture"],"picked":"Reckless Charge","floor":5.0},{"not_picked":["Clash","True Grit"],"picked":"Flame Barrier","floor":7.0},{"not_picked":["Hemokinesis","Thunderclap"],"picked":"Whirlwind","floor":8.0},{"not_picked":["Hemokinesis","Rupture"],"picked":"Flame Barrier","floor":12.0},{"not_picked":["Shockwave","Sword Boomerang"],"picked":"Iron Wave","floor":13.0},{"not_picked":["Intimidate","Warcry"],"picked":"Shrug It Off","floor":14.0},{"not_picked":["Flex","Clash"],"picked":"Uppercut","floor":15.0},{"not_picked":["Feed","Exhume"],"picked":"Barricade","floor":16.0},{"not_picked":[],"picked":"Seeing Red+1","floor":18.0},{"not_picked":[],"picked":"Iron Wave+1","floor":19.0},{"not_picked":["Sword Boomerang"],"picked":"SKIP","floor":20.0},{"not_picked":["Clash"],"picked":"SKIP","floor":22.0},{"not_picked":[],"picked":"Shrug It Off","floor":24.0},{"not_picked":[],"picked":"Twin Strike","floor":25.0},{"not_picked":["Clothesline"],"picked":"SKIP","floor":27.0},{"not_picked":["Anger"],"picked":"SKIP","floor":29.0},{"not_picked":["Cleave"],"picked":"SKIP","floor":31.0}],"player_experience":468715,"relics_obtained":[{"floor":8.0,"key":"Regal Pillow"},{"floor":9.0,"key":"Dream Catcher"},{"floor":12.0,"key":"PreservedInsect"},{"floor":25.0,"key":"Red Skull"},{"floor":26.0,"key":"MawBank"},{"floor":27.0,"key":"Centennial Puzzle"},{"floor":29.0,"key":"Shuriken"}],"event_choices":[{"cards_removed":["Bash"],"damage_healed":0.0,"max_hp_gain":0.0,"max_hp_loss":0.0,"gold_gain":0.0,"event_name":"Bonfire Elementals","player_choice":"Offered Basic","floor":3.0,"gold_loss":0.0,"damage_taken":0.0},{"damage_healed":0.0,"max_hp_gain":0.0,"max_hp_loss":0.0,"gold_gain":0.0,"event_name":"Addict","player_choice":"Obtained Relic","floor":21.0,"gold_loss":85.0,"damage_taken":0.0,"relics_obtained":["Mercury Hourglass"]},{"damage_healed":0.0,"max_hp_gain":0.0,"max_hp_loss":0.0,"gold_gain":0.0,"event_name":"Drug Dealer","player_choice":"Obtain J.A.X.","floor":30.0,"gold_loss":0.0,"damage_taken":0.0,"cards_obtained":["J.A.X."]}],"is_beta":false,"boss_relics":[{"not_picked":["Pandora\u0027s Box","Empty Cage"],"picked":"Busted Crown"}],"items_purged_floors":[],"is_endless":false,"potions_floor_spawned":[1,4,5,12,16,18,22,25,31],"killed_by":"Champ","ascension_level":15}