{"gold_per_floor":[114,129,129,144,219,219,234,264,264,264,279,318,333,29,29,129,129,144,159,174,174,189,189,204,204,279,294,24,54,54,69,69,169,169,184,199,41,56,70,70,85,100,150,180,195,220,220,220,220,220],"floor_reached":51,"playtime":4272,"items_purged":["Strike_R"],"score":653,"play_id":"356ca065-67dc-4830-a4f7-e7efffb6dddf","local_time":"20190209044613","daily_mods":["Chimera","Uncertain Future","Binary"],"is_ascension_mode":false,"campfire_choices":[{"data":"Bash","floor":6.0,"key":"SMITH"},{"data":"Melter","floor":10.0,"key":"SMITH"},{"floor":15.0,"key":"REST"},{"data":"Beam Cell","floor":23.0,"key":"SMITH"},{"floor":30.0,"key":"REST"},{"data":"Buffer","floor":32.0,"key":"SMITH"},{"data":"Go for the Eyes","floor":40,"key":"SMITH"},{"data":"Go for the Eyes","floor":47,"key":"SMITH"},{"floor":49,"key":"REST"}],"neow_cost":"","seed_source_timestamp":0,"circlet_count":0,"master_deck":["Bash+1","Survivor","Zap+1","Strike_G+1","Strike_B+1","Defend_R","Defend_G","Defend_B","Melter+1","Hello World","Auto Shields","Beam Cell+1","Conserve Battery","Steam","Go for the Eyes+1","Reboot","All For One","Tempest+1","Ball Lightning+1","Go for the Eyes+1","Coolheaded+1","FTL","Bandage Up","Chill","Buffer+1","Steam+1","Core Surge","Ball Lightning+1","BootSequence+1","Ball Lightning+1","Steam+1","Tempest+1"],"special_seed":17936,"relics":["FrozenCore","Omamori","The Courier","Lantern","Whetstone","CultistMask","Enchiridion","Gremlin Horn","Membership Card","Juzu Bracelet","Cursed Key","Anchor","Oddly Smooth Stone","Nunchaku","Vajra","Bronze Scales","Art of War"],"potions_floor_usage":[41,50,50],"damage_taken":[{"damage":0.0,"enemies":"Small Slimes","floor":1.0,"turns":3.0},{"damage":0.0,"enemies":"2 Louse","floor":2.0,"turns":2.0},{"damage":0.0,"enemies":"Cultist","floor":4.0,"turns":3.0},{"damage":0.0,"enemies":"2 Fungi Beasts","floor":7.0,"turns":4.0},{"damage":11.0,"enemies":"Gremlin Nob","floor":8.0,"turns":4.0},{"damage":0.0,"enemies":"Looter","floor":11.0,"turns":3.0},{"damage":25.0,"enemies":"Lagavulin Event","floor":12.0,"turns":5.0},{"damage":0.0,"enemies":"Exordium Thugs","floor":13.0,"turns":4.0},{"damage":7.0,"enemies":"The Guardian","floor":16.0,"turns":10.0},{"damage":0.0,"enemies":"Chosen","floor":18.0,"turns":4.0},{"damage":5.0,"enemies":"3 Byrds","floor":19.0,"turns":7.0},{"damage":0.0,"enemies":"Sentry and Sphere","floor":20.0,"turns":3.0},{"damage":6.0,"enemies":"Cultist and Chosen","floor":22.0,"turns":7.0},{"damage":5.0,"enemies":"3 Cultists","floor":24.0,"turns":5.0},{"damage":16.0,"enemies":"Snake Plant","floor":27.0,"turns":4.0},{"damage":13.0,"enemies":"Book of Stabbing","floor":29.0,"turns":5.0},{"damage":3.0,"enemies":"Chosen and Byrds","floor":31.0,"turns":4.0},{"damage":22.0,"enemies":"Champ","floor":33.0,"turns":9.0},{"damage":8,"enemies":"3 Darklings","floor":35,"turns":4},{"damage":0,"enemies":"3 Shapes","floor":36,"turns":4},{"damage":1,"enemies":"Maw","floor":38,"turns":6},{"damage":13,"enemies":"2 Orb Walkers","floor":39,"turns":7},{"damage":8,"enemies":"Writhing Mass","floor":41,"turns":5},{"damage":6,"enemies":"3 Darklings","floor":42,"turns":6},{"damage":11,"enemies":"Nemesis","floor":44,"turns":7},{"damage":0,"enemies":"4 Shapes","floor":45,"turns":3},{"damage":20,"enemies":"Time Eater","floor":50,"turns":9}],"seed_played":"-7331181694979665872","potions_obtained":[{"floor":1.0,"key":"SneckoOil"},{"floor":2.0,"key":"Poison Potion"},{"floor":12.0,"key":"LiquidBronze"},{"floor":16.0,"key":"FocusPotion"},{"floor":24.0,"key":"SkillPotion"},{"floor":27.0,"key":"Energy Potion"},{"floor":29.0,"key":"AttackPotion"},{"floor":41,"key":"Strength Potion"},{"floor":42,"key":"SteroidPotion"},{"floor":44,"key":"Fire Potion"}],"is_trial":false,"path_per_floor":["M","M","?","M","?","R","M","E","T","R","M","?","M","$","R","B",null,"M","M","M","?","M","R","M","?","T","M","$","E","R","M","R","B",null,"M","M","$","M","?","R","M","M","T","E","M","T","R","?","R","B",null],"character_chosen":"DEFECT","items_purchased":["Steam","Go for the Eyes","Whetstone","Reboot","Membership Card","Bandage Up","Chill","Buffer","Anchor","Oddly Smooth Stone"],"campfire_rested":3,"item_purchase_floors":[14,14,14,14,28,28,28,28,37,37],"current_hp_per_floor":[75,75,75,75,64,64,64,53,53,53,53,28,28,28,50,43,75,75,70,70,70,64,64,59,43,43,27,27,18,40,41,41,23,75,71,71,71,74,62,62,58,56,56,49,49,49,49,49,70,51],"gold":220,"neow_bonus":"","is_prod":false,"is_daily":true,"chose_seed":false,"campfire_upgraded":6,"win_rate":0,"timestamp":1549683973,"path_taken":["M","M","?","M","?","R","M","E","T","R","M","?","M","$","R","BOSS","M","M","M","?","?","R","M","?","T","M","$","E","R","M","R","BOSS","M","M","$","M","?","R","M","M","T","E","M","?","R","?","R","BOSS"],"build_version":"2019-02-06","purchased_purges":1,"victory":true,"max_hp_per_floor":[75,75,75,75,75,75,75,75,75,75,75,75,75,75,75,75,75,75,75,75,75,75,75,75,75,75,75,75,75,75,75,75,75,75,75,75,75,75,75,75,75,75,75,75,75,75,75,71,71,71],"card_choices":[{"not_picked":["Gash"],"picked":"Melter","floor":1.0},{"not_picked":["Tempest"],"picked":"Hello World","floor":2.0},{"not_picked":["Streamline","Steam"],"picked":"SKIP","floor":4.0},{"not_picked":["Coolheaded"],"picked":"Auto Shields","floor":7.0},{"not_picked":["Streamline","Scrape"],"picked":"SKIP","floor":8.0},{"not_picked":["Rebound","Gash"],"picked":"SKIP","floor":11.0},{"not_picked":["Skim"],"picked":"Beam Cell","floor":12.0},{"not_picked":["Reinforced Body"],"picked":"Conserve Battery","floor":13.0},{"not_picked":["Echo Form"],"picked":"All For One","floor":16.0},{"not_picked":["Go for the Eyes"],"picked":"Tempest+1","floor":18.0},{"not_picked":["Steam"],"picked":"Ball Lightning+1","floor":19.0},{"not_picked":["Conserve Battery"],"picked":"Go for the Eyes","floor":20.0},{"not_picked":["Undo","Stack"],"picked":"SKIP","floor":22.0},{"not_picked":["Ball Lightning"],"picked":"Coolheaded+1","floor":24.0},{"not_picked":["Gash+1"],"picked":"FTL","floor":27.0},{"not_picked":["Tempest","Sunder"],"picked":"SKIP","floor":29.0},{"not_picked":["Streamline"],"picked":"Steam+1","floor":31.0},{"not_picked":["Fission"],"picked":"Core Surge","floor":33.0},{"not_picked":["Turbo","Ball Lightning"],"picked":"SKIP","floor":35},{"not_picked":["Ball Lightning","Hologram"],"picked":"SKIP","floor":36},{"not_picked":["Scrape"],"picked":"Ball Lightning+1","floor":38},{"not_picked":["Hologram"],"picked":"BootSequence+1","floor":39},{"not_picked":["Turbo","Ball Lightning"],"picked":"SKIP","floor":41},{"not_picked":["Turbo"],"picked":"Ball Lightning+1","floor":42},{"not_picked":["BootSequence"],"picked":"Steam+1","floor":44},{"not_picked":["Chill"],"picked":"Tempest+1","floor":45}],"player_experience":1187958,"relics_obtained":[{"floor":8.0,"key":"Omamori"},{"floor":9.0,"key":"The Courier"},{"floor":25.0,"key":"Enchiridion"},{"floor":26.0,"key":"Gremlin Horn"},{"floor":29.0,"key":"Juzu Bracelet"},{"floor":39,"key":"Nunchaku"},{"floor":43,"key":"Vajra"},{"floor":44,"key":"Bronze Scales"},{"floor":46,"key":"Art of War"}],"event_choices":[{"damage_healed":0.0,"max_hp_gain":0.0,"max_hp_loss":0.0,"gold_gain":0.0,"event_name":"Living Wall","player_choice":"Grow","floor":3.0,"gold_loss":0.0,"damage_taken":0.0,"cards_upgraded":["Zap"]},{"damage_healed":0.0,"max_hp_gain":0.0,"max_hp_loss":0.0,"gold_gain":75.0,"event_name":"World of Goop","player_choice":"Gather Gold","floor":5.0,"gold_loss":0.0,"damage_taken":11.0},{"damage_healed":0.0,"max_hp_gain":0.0,"max_hp_loss":0.0,"gold_gain":30.0,"event_name":"Dead Adventurer","player_choice":"Searched \u00273\u0027 times","floor":12.0,"gold_loss":0.0,"damage_taken":0.0,"relics_obtained":["Lantern"]},{"damage_healed":0.0,"max_hp_gain":0.0,"max_hp_loss":0.0,"gold_gain":0.0,"event_name":"FaceTrader","player_choice":"Trade","floor":21.0,"gold_loss":0.0,"damage_taken":0.0,"relics_obtained":["CultistMask"]},{"damage_healed":0.0,"max_hp_gain":0.0,"max_hp_loss":0.0,"gold_gain":0.0,"event_name":"Cursed Tome","player_choice":"Obtained Book","floor":25.0,"gold_loss":0.0,"damage_taken":16.0},{"damage_healed":0,"gold_gain":0,"player_choice":"Fight","damage_taken":0,"max_hp_gain":0,"max_hp_loss":0,"event_name":"Mysterious Sphere","floor":39,"gold_loss":0},{"damage_healed":0,"gold_gain":0,"player_choice":"Max HP","damage_taken":0,"max_hp_gain":0,"max_hp_loss":4,"event_name":"Winding Halls","floor":48,"gold_loss":0}],"is_beta":true,"boss_relics":[{"not_picked":["Philosopher\u0027s Stone","Nuclear Battery"],"picked":"FrozenCore"},{"not_picked":["Black Star","Velvet Choker"],"picked":"Cursed Key"}],"items_purged_floors":[37],"is_endless":false,"potions_floor_spawned":[1,2,12,16,24,27,29,41,42,44],"ascension_level":0}