{"gold_per_floor":[113,126,144,144,160,171,186,186,186,186,200,200,200,211,211,313,313,325,350,364,364,381,381,381],"floor_reached":24,"playtime":831,"items_purged":[],"score":192,"play_id":"c7b752f9-e528-4638-bd28-63f143cf34fe","local_time":"20181215112558","is_ascension_mode":false,"campfire_choices":[{"data":"Spot Weakness","floor":8,"key":"SMITH"},{"data":"Heavy Blade","floor":10,"key":"SMITH"},{"data":"Flame Barrier","floor":13,"key":"SMITH"},{"floor":15,"key":"REST"},{"floor":23,"key":"REST"}],"neow_cost":"NONE","seed_source_timestamp":197887609395678,"circlet_count":0,"master_deck":["Strike_R","Strike_R","Strike_R+1","Strike_R","Strike_R","Defend_R","Defend_R","Defend_R","Defend_R","Bash","Spot Weakness+1","Heavy Blade+1","Cleave+1","Pommel Strike","Heavy Blade+1","Flame Barrier+1","Rage","Heavy Blade","Barricade","Iron Wave+1","Flex","Flex+1"],"relics":["Burning Blood","Question Card","Black Star","Red Mask"],"potions_floor_usage":[16,16,22,24],"damage_taken":[{"damage":10,"enemies":"Cultist","floor":1,"turns":4},{"damage":5,"enemies":"Jaw Worm","floor":2,"turns":4},{"damage":11,"enemies":"2 Louse","floor":3,"turns":3},{"damage":18,"enemies":"Lots of Slimes","floor":5,"turns":4},{"damage":9,"enemies":"2 Fungi Beasts","floor":6,"turns":3},{"damage":12,"enemies":"Blue Slaver","floor":7,"turns":3},{"damage":8,"enemies":"Red Slaver","floor":11,"turns":3},{"damage":0,"enemies":"2 Fungi Beasts","floor":14,"turns":2},{"damage":15,"enemies":"Slime Boss","floor":16,"turns":12},{"damage":10,"enemies":"Spheric Guardian","floor":18,"turns":3},{"damage":24,"enemies":"Masked Bandits","floor":19,"turns":4},{"damage":19,"enemies":"2 Thieves","floor":20,"turns":3},{"damage":33,"enemies":"Cultist and Chosen","floor":22,"turns":6},{"damage":51,"enemies":"Slavers","floor":24,"turns":2}],"seed_played":"-5226140553471098104","potions_obtained":[{"floor":2,"key":"Ancient Potion"},{"floor":14,"key":"SpeedPotion"},{"floor":19,"key":"Dexterity Potion"},{"floor":22,"key":"Strength Potion"}],"is_trial":false,"path_per_floor":["M","M","M","?","M","M","M","R","T","R","M","?","R","M","R","B",null,"M","?","M","?","M","R","E"],"character_chosen":"IRONCLAD","items_purchased":[],"campfire_rested":2,"item_purchase_floors":[],"current_hp_per_floor":[84,85,80,62,50,47,41,41,41,41,39,39,39,45,71,62,88,84,66,53,45,18,44,0],"gold":381,"neow_bonus":"TEN_PERCENT_HP_BONUS","is_prod":false,"is_daily":false,"chose_seed":false,"campfire_upgraded":3,"win_rate":0,"timestamp":1544891158,"path_taken":["M","?","M","?","M","M","M","R","T","R","M","?","R","?","R","BOSS","M","?","M","?","?","R","E"],"build_version":"2018-12-13","purchased_purges":0,"victory":false,"max_hp_per_floor":[88,88,88,88,88,88,88,88,88,88,88,88,88,88,88,88,88,88,88,88,88,88,88,88],"card_choices":[{"not_picked":["Perfected Strike","Iron Wave"],"picked":"Spot Weakness","floor":1},{"not_picked":["Ghostly Armor","Clash"],"picked":"Heavy Blade","floor":2},{"not_picked":["Shockwave","Body Slam"],"picked":"Cleave","floor":3},{"not_picked":["Body Slam","Armaments"],"picked":"Pommel Strike","floor":5},{"not_picked":["Clothesline","Havoc"],"picked":"Heavy Blade","floor":6},{"not_picked":["Sentinel","Fire Breathing"],"picked":"Flame Barrier","floor":7},{"not_picked":["Corruption","Searing Blow","Uppercut"],"picked":"Rage","floor":11},{"not_picked":["Shrug It Off","Corruption","Cleave"],"picked":"Heavy Blade","floor":14},{"not_picked":["Feed","Exhume","Demon Form"],"picked":"Barricade","floor":16},{"not_picked":["True Grit","Pommel Strike","Sword Boomerang"],"picked":"Iron Wave+1","floor":18},{"not_picked":["Juggernaut","Clothesline","Flame Barrier"],"picked":"Flex","floor":19},{"not_picked":["Shrug It Off","Clothesline","Bloodletting"],"picked":"Flex+1","floor":20},{"not_picked":["Anger+1","Sword Boomerang","Armaments+1","Perfected Strike"],"picked":"SKIP","floor":22}],"player_experience":311123,"relics_obtained":[{"floor":9,"key":"Question Card"},{"floor":19,"key":"Red Mask"}],"event_choices":[{"damage_healed":0,"gold_gain":0,"player_choice":"Entered Light","damage_taken":18,"max_hp_gain":0,"max_hp_loss":0,"event_name":"Shining Light","floor":4,"gold_loss":0,"cards_upgraded":["Strike_R","Cleave"]},{"damage_healed":0,"gold_gain":0,"player_choice":"Forge","damage_taken":0,"max_hp_gain":0,"max_hp_loss":0,"event_name":"Accursed Blacksmith","floor":12,"gold_loss":0,"cards_upgraded":["Heavy Blade"]},{"damage_healed":0,"gold_gain":0,"player_choice":"Fought Bandits","damage_taken":0,"max_hp_gain":0,"max_hp_loss":0,"event_name":"Masked Bandits","floor":19,"gold_loss":0},{"damage_healed":0,"gold_gain":0,"player_choice":"","damage_taken":8,"max_hp_gain":0,"max_hp_loss":0,"event_name":"Knowing Skull","floor":21,"potions_obtained":[],"gold_loss":0,"cards_obtained":[]}],"is_beta":false,"boss_relics":[{"not_picked":["White Beast Statue","Fusion Hammer"],"picked":"Black Star"}],"items_purged_floors":[],"is_endless":false,"potions_floor_spawned":[2,14,19,22],"killed_by":"Slavers","ascension_level":0}