{"gold_per_floor":[117,127,127,77,38,38,68,68,95,112,128,161,174,193,193,289,289,307,307,307,321,332,332,382,382,382,399,418,13,29,42,42,143,143,163,173,17,117,129,129,142,160,160,160,460,474,484,500,500,500,500,500,42,68,68],"floor_reached":55,"playtime":2685,"items_purged":["Strike_B+1"],"score":767,"play_id":"ffbc6510-1131-4dbd-b0a2-60572e9bd0fa","local_time":"20181120131426","is_ascension_mode":false,"campfire_choices":[{"data":"Defragment","floor":6,"key":"SMITH"},{"data":"Hologram","floor":8,"key":"SMITH"},{"floor":15,"key":"REST"},{"floor":23,"key":"RECALL"},{"data":"Zap","floor":25,"key":"SMITH"},{"floor":32,"key":"REST"},{"floor":40,"key":"REST"},{"floor":44,"key":"REST"},{"floor":49,"key":"REST"},{"floor":52,"key":"REST"}],"neow_cost":"NONE","seed_source_timestamp":11498522559820420,"circlet_count":0,"master_deck":["Strike_B+1","Strike_B+1","Defend_B+1","Defend_B+1","Defend_B+1","Defend_B+1","Zap+1","Dualcast","Streamline","Coolheaded","Sunder+1","Defragment+1","Hologram+1","Hologram","Heatsinks+1","Capacitor+1","Beam Cell","Core Surge","Ball Lightning+1","Storm+1","Force Field","Capacitor+1","Beam Cell","Heatsinks+1","Leap","Beam Cell","Gash","Turbo","Beam Cell+1","Loop+1","Biased Cognition+1","Hologram+1","Consume","Coolheaded+1","Blizzard+1","Creative AI+1","Hello World+1","Turbo+1","Parasite","Thunder Strike","Heatsinks+1","Chill"],"relics":["Cracked Core","Frozen Egg 2","Pen Nib","Nuclear Battery","Mango","Bag of Preparation","Fusion Hammer","Du-Vu Doll","Darkstone Periapt","Potion Belt","Oddly Smooth Stone"],"potions_floor_usage":[16,28,30,30,33,33,38,38,39,46,55,55],"damage_taken":[{"damage":6,"enemies":"Jaw Worm","floor":1,"turns":3},{"damage":0,"enemies":"2 Louse","floor":2,"turns":2},{"damage":9,"enemies":"Lagavulin","floor":7,"turns":8},{"damage":0,"enemies":"Cultist","floor":10,"turns":2},{"damage":4,"enemies":"3 Louse","floor":11,"turns":2},{"damage":22,"enemies":"3 Sentries","floor":12,"turns":7},{"damage":9,"enemies":"2 Fungi Beasts","floor":13,"turns":4},{"damage":6,"enemies":"Large Slime","floor":14,"turns":4},{"damage":7,"enemies":"Slime Boss","floor":16,"turns":8},{"damage":20,"enemies":"3 Byrds","floor":18,"turns":5},{"damage":12,"enemies":"2 Thieves","floor":21,"turns":3},{"damage":8,"enemies":"Snecko","floor":22,"turns":4},{"damage":10,"enemies":"Cultist and Chosen","floor":27,"turns":4},{"damage":14,"enemies":"Snake Plant","floor":28,"turns":4},{"damage":5,"enemies":"Chosen and Byrds","floor":30,"turns":2},{"damage":0,"enemies":"Centurion and Healer","floor":31,"turns":3},{"damage":39,"enemies":"Automaton","floor":33,"turns":7},{"damage":0,"enemies":"3 Shapes","floor":35,"turns":3},{"damage":8,"enemies":"3 Darklings","floor":36,"turns":3},{"damage":34,"enemies":"Mind Bloom Boss Battle","floor":38,"turns":5},{"damage":5,"enemies":"Writhing Mass","floor":39,"turns":3},{"damage":0,"enemies":"4 Shapes","floor":41,"turns":5},{"damage":2,"enemies":"Sphere and 2 Shapes","floor":42,"turns":4},{"damage":0,"enemies":"3 Darklings","floor":46,"turns":3},{"damage":26,"enemies":"Writhing Mass","floor":47,"turns":5},{"damage":5,"enemies":"Jaw Worm Horde","floor":48,"turns":3},{"damage":67,"enemies":"Time Eater","floor":50,"turns":7},{"damage":63,"enemies":"Shield and Spear","floor":54,"turns":5},{"damage":37,"enemies":"The Heart","floor":55,"turns":3}],"seed_played":"5326935594171795475","potions_obtained":[{"floor":7,"key":"Dexterity Potion"},{"floor":12,"key":"Regen Potion"},{"floor":14,"key":"Explosive Potion"},{"floor":22,"key":"AttackPotion"},{"floor":28,"key":"AttackPotion"},{"floor":31,"key":"Weak Potion"},{"floor":35,"key":"Poison Potion"},{"floor":36,"key":"Poison Potion"},{"floor":38,"key":"Explosive Potion"},{"floor":39,"key":"SkillPotion"},{"floor":42,"key":"SteroidPotion"}],"is_trial":false,"path_per_floor":["M","M","?","?","$","R","E","R","T","M","M","E","M","M","R","B",null,"M","?","?","M","M","R","?","R","T","M","M","$","M","M","R","B",null,"M","M","$","?","M","R","M","M","T","R","?","M","M","M","R","B",null,"R","$","E","B"],"character_chosen":"DEFECT","items_purchased":["Defragment","Heatsinks+1","Bag of Preparation","Leap","Beam Cell","Gash","Turbo","Consume","FocusPotion","FocusPotion","Heatsinks+1","Potion Belt","SpeedPotion","Chill"],"campfire_rested":6,"item_purchase_floors":[5,29,29,29,29,29,29,37,53,53,53,53,53,53],"current_hp_per_floor":[69,69,69,69,69,69,60,60,60,60,56,34,25,19,41,34,75,55,55,41,29,21,21,21,21,35,25,23,23,18,18,46,7,94,94,86,86,52,47,75,75,73,73,94,94,94,74,69,99,32,100,100,100,37,0],"gold":68,"neow_bonus":"THREE_CARDS","is_prod":false,"is_daily":false,"chose_seed":false,"campfire_upgraded":3,"win_rate":0,"timestamp":1542748466,"path_taken":["M","M","?","?","?","R","E","R","T","?","M","E","M","M","R","BOSS","M","?","?","M","M","R","?","R","T","M","M","$","M","?","R","BOSS","M","?","$","?","M","R","M","M","T","R","?","M","M","?","R","BOSS","R","$","E","BOSS"],"build_version":"2018-11-15","purchased_purges":1,"victory":false,"max_hp_per_floor":[75,75,75,75,75,75,75,75,75,75,75,75,75,75,75,75,75,75,75,80,80,80,80,80,80,94,94,94,94,94,94,94,94,94,94,94,94,94,94,94,94,94,94,94,94,94,100,100,100,100,100,100,100,100,100],"card_choices":[{"not_picked":["Skim","Fusion"],"picked":"Streamline","floor":0},{"not_picked":["Compile Driver","Melter"],"picked":"Coolheaded","floor":1},{"not_picked":["Rebound","Reinforced Body"],"picked":"Sunder","floor":2},{"not_picked":["Steam","Loop"],"picked":"Hologram","floor":7},{"not_picked":["Auto Shields","Static Discharge+1"],"picked":"Hologram","floor":10},{"not_picked":["Steam Power","Reinforced Body"],"picked":"Heatsinks+1","floor":11},{"not_picked":["Steam","Chaos"],"picked":"Capacitor+1","floor":12},{"not_picked":["Turbo","Steam"],"picked":"Beam Cell","floor":13},{"not_picked":["Compile Driver","Turbo","Sweeping Beam"],"picked":"SKIP","floor":14},{"not_picked":["Thunder Strike","Fission"],"picked":"Core Surge","floor":16},{"not_picked":["Aggregate","Compile Driver+1"],"picked":"Ball Lightning+1","floor":18},{"not_picked":["Darkness+1","Streamline"],"picked":"Storm+1","floor":21},{"not_picked":["Sweeping Beam","Gash+1"],"picked":"Force Field","floor":22},{"not_picked":["Beam Cell","Sunder"],"picked":"Capacitor+1","floor":27},{"not_picked":["Steam","Compile Driver+1"],"picked":"Beam Cell","floor":28},{"not_picked":["Cold Snap","Reprogram"],"picked":"Beam Cell+1","floor":30},{"not_picked":["Ball Lightning","Leap+1"],"picked":"Loop+1","floor":31},{"not_picked":["Electrodynamics+1","Reboot"],"picked":"Biased Cognition+1","floor":33},{"not_picked":["Genetic Algorithm+1","Reprogram"],"picked":"Hologram+1","floor":35},{"not_picked":["Genetic Algorithm","Stack","Redo"],"picked":"SKIP","floor":36},{"not_picked":["Cold Snap+1","Hologram"],"picked":"Coolheaded+1","floor":38},{"not_picked":["Leap+1","Hologram"],"picked":"Blizzard+1","floor":39},{"not_picked":["Streamline+1","Rebound+1"],"picked":"Creative AI+1","floor":41},{"not_picked":["Genetic Algorithm+1","Beam Cell+1"],"picked":"Hello World+1","floor":42},{"not_picked":["Stack+1","Sweeping Beam"],"picked":"Turbo+1","floor":46},{"not_picked":["Steam","Beam Cell","Hologram"],"picked":"SKIP","floor":47},{"not_picked":["Fusion+1","Streamline+1"],"picked":"Thunder Strike","floor":48},{"not_picked":["Redo","Cold Snap+1","Rebound"],"picked":"SKIP","floor":54}],"player_experience":440444,"relics_obtained":[{"floor":7,"key":"Frozen Egg 2"},{"floor":12,"key":"Pen Nib"},{"floor":26,"key":"Mango"},{"floor":38,"key":"Du-Vu Doll"},{"floor":43,"key":"Darkstone Periapt"},{"floor":54,"key":"Oddly Smooth Stone"}],"event_choices":[{"damage_healed":0,"gold_gain":0,"player_choice":"Grow","damage_taken":0,"max_hp_gain":0,"max_hp_loss":0,"event_name":"Living Wall","floor":3,"gold_loss":0,"cards_upgraded":["Sunder"]},{"cards_removed":["Strike_B"],"damage_healed":0,"gold_gain":0,"player_choice":"Card Removal","damage_taken":0,"max_hp_gain":0,"max_hp_loss":0,"event_name":"The Cleric","floor":4,"gold_loss":50},{"damage_healed":0,"gold_gain":0,"player_choice":"Simplicity","damage_taken":0,"max_hp_gain":0,"max_hp_loss":0,"event_name":"Back to Basics","floor":19,"gold_loss":0,"cards_upgraded":["Strike_B","Strike_B","Strike_B","Defend_B","Defend_B","Defend_B","Defend_B"]},{"damage_healed":0,"gold_gain":0,"player_choice":"Shed Blood","damage_taken":19,"max_hp_gain":5,"max_hp_loss":0,"event_name":"Forgotten Altar","floor":20,"gold_loss":0},{"damage_healed":0,"gold_gain":100,"player_choice":"Bet on Murderer","damage_taken":0,"max_hp_gain":0,"max_hp_loss":0,"event_name":"The Joust","floor":24,"gold_loss":50},{"damage_healed":0,"gold_gain":0,"player_choice":"Fight","damage_taken":0,"max_hp_gain":0,"max_hp_loss":0,"event_name":"MindBloom","floor":38,"gold_loss":0},{"damage_healed":0,"gold_gain":300,"player_choice":"Gold","damage_taken":0,"max_hp_gain":0,"max_hp_loss":0,"event_name":"Wheel of Change","floor":45,"gold_loss":0}],"is_beta":false,"boss_relics":[{"not_picked":["Ectoplasm","Velvet Choker"],"picked":"Nuclear Battery"},{"not_picked":["Calling Bell","Orrery"],"picked":"Fusion Hammer"}],"items_purged_floors":[37],"is_endless":false,"potions_floor_spawned":[7,12,14,22,27,28,31,35,36,38,39,42],"killed_by":"The Heart","ascension_level":0}