{"gold_per_floor":[110,110,385,398,415,449,461,487,513,105,124,124,143,171,171,250,250,266,285,285,8,28,54,54,54],"floor_reached":25,"playtime":1439,"items_purged":["Regret"],"score":499,"play_id":"3d83fb4f-e8ed-4516-8663-102ea4a2809a","local_time":"20190227183922","is_ascension_mode":true,"campfire_choices":[{"data":"Disarm","floor":12.0,"key":"SMITH"},{"data":"Body Slam","floor":15,"key":"SMITH"},{"data":"True Grit","floor":24,"key":"SMITH"}],"neow_cost":"NONE","seed_source_timestamp":330797995545777,"circlet_count":0,"master_deck":["AscendersBane","Defend_R+1","Defend_R","Defend_R","Defend_R+1","Bash+1","Armaments","Power Through","Disarm+1","Shrug It Off","Sever Soul","Brutality","Twin Strike","Thunderclap","Body Slam+1","Demon Form","True Grit+1","Bite","Bite","Bite","Bite","Bite","Warcry+1","True Grit+1"],"special_seed":0,"relics":["Burning Blood","NeowsBlessing","War Paint","PreservedInsect","Orichalcum","Happy Flower","Whetstone","Champion Belt","Runic Pyramid","Toxic Egg 2","Centennial Puzzle"],"potions_floor_usage":[23,23],"damage_taken":[{"damage":0.0,"enemies":"Small Slimes","floor":1.0,"turns":1.0},{"damage":0.0,"enemies":"Jaw Worm","floor":4.0,"turns":1.0},{"damage":0.0,"enemies":"Cultist","floor":5.0,"turns":1.0},{"damage":31.0,"enemies":"3 Sentries","floor":6.0,"turns":14.0},{"damage":10.0,"enemies":"Blue Slaver","floor":7.0,"turns":5.0},{"damage":10.0,"enemies":"Gremlin Nob","floor":8.0,"turns":4.0},{"damage":16.0,"enemies":"Exordium Wildlife","floor":11.0,"turns":9.0},{"damage":6.0,"enemies":"Gremlin Gang","floor":13.0,"turns":7.0},{"damage":19.0,"enemies":"3 Sentries","floor":14.0,"turns":8.0},{"damage":23,"enemies":"Hexaghost","floor":16,"turns":12},{"damage":21,"enemies":"Shell Parasite","floor":18,"turns":6},{"damage":31,"enemies":"Spheric Guardian","floor":19,"turns":7},{"damage":23,"enemies":"Snake Plant","floor":22,"turns":6},{"damage":11,"enemies":"Book of Stabbing","floor":23,"turns":4},{"damage":22,"enemies":"Slavers","floor":25,"turns":2}],"seed_played":"7078198735194131420","potions_obtained":[{"floor":1.0,"key":"Fire Potion"},{"floor":6.0,"key":"Block Potion"},{"floor":7.0,"key":"Poison Potion"},{"floor":11.0,"key":"Swift Potion"},{"floor":19,"key":"Fire Potion"},{"floor":22,"key":"AttackPotion"}],"is_trial":false,"path_per_floor":["M","?","?","M","M","E","M","E","T","$","M","R","M","E","R","B",null,"M","M","?","$","M","E","R","E"],"character_chosen":"IRONCLAD","items_purchased":["Happy Flower","Whetstone","Toxic Egg 2"],"campfire_rested":0,"item_purchase_floors":[10,10,21],"current_hp_per_floor":[74,63,63,69,75,50,46,42,42,42,34,34,36,25,25,10,59,46,23,23,23,17,20,20,0],"gold":54,"neow_bonus":"THREE_ENEMY_KILL","is_prod":false,"is_daily":false,"chose_seed":false,"campfire_upgraded":3,"win_rate":0,"timestamp":1551310762,"path_taken":["M","?","?","M","?","E","M","E","T","$","M","R","M","E","R","BOSS","M","M","?","$","M","E","R","E"],"build_version":"2019-01-23","purchased_purges":1,"victory":false,"max_hp_per_floor":[75,75,75,75,75,75,75,75,75,75,75,75,75,75,75,75,75,75,75,75,75,75,75,75,75],"card_choices":[{"not_picked":["Corruption","Perfected Strike"],"picked":"Armaments","floor":1.0},{"not_picked":["Flex","Seeing Red"],"picked":"Power Through","floor":4.0},{"not_picked":["Reckless Charge","Perfected Strike"],"picked":"Disarm","floor":5.0},{"not_picked":["Rage","Warcry"],"picked":"Shrug It Off","floor":6.0},{"not_picked":["Sword Boomerang","Heavy Blade"],"picked":"Sever Soul","floor":7.0},{"not_picked":["Ghostly Armor","Blood for Blood"],"picked":"Brutality","floor":8.0},{"not_picked":["Havoc","Flex"],"picked":"Twin Strike","floor":11.0},{"not_picked":["Sever Soul","Twin Strike"],"picked":"Thunderclap","floor":13.0},{"not_picked":["Ghostly Armor","Hemokinesis"],"picked":"Body Slam","floor":14},{"not_picked":["Offering","Barricade"],"picked":"Demon Form","floor":16},{"not_picked":["Wild Strike","Armaments","Hemokinesis"],"picked":"SKIP","floor":18},{"not_picked":["Flex","Body Slam"],"picked":"True Grit","floor":19},{"not_picked":["Battle Trance+1","Wild Strike"],"picked":"Warcry+1","floor":22},{"not_picked":["Limit Break+1","Sever Soul"],"picked":"True Grit+1","floor":23}],"player_experience":598757,"relics_obtained":[{"floor":6.0,"key":"PreservedInsect"},{"floor":8.0,"key":"Blood Vial"},{"floor":9.0,"key":"Orichalcum"},{"floor":14,"key":"Champion Belt"},{"floor":23,"key":"Centennial Puzzle"}],"event_choices":[{"damage_healed":0.0,"max_hp_gain":0.0,"max_hp_loss":0.0,"gold_gain":0.0,"event_name":"Scrap Ooze","player_choice":"Success","floor":2.0,"gold_loss":0.0,"damage_taken":11.0,"relics_obtained":["War Paint"]},{"damage_healed":0.0,"max_hp_gain":0.0,"max_hp_loss":0.0,"gold_gain":275.0,"event_name":"Golden Shrine","player_choice":"Desecrate","floor":3.0,"gold_loss":0.0,"damage_taken":0.0,"cards_obtained":["Regret"]},{"damage_healed":0,"gold_gain":0,"player_choice":"Became a vampire (Vial)","damage_taken":0,"max_hp_gain":0,"max_hp_loss":0,"event_name":"Vampires","floor":20,"relics_lost":["Blood Vial"],"gold_loss":0,"cards_obtained":["Bite","Bite","Bite","Bite","Bite"]}],"is_beta":false,"boss_relics":[{"not_picked":["Runic Cube","Pandora\u0027s Box"],"picked":"Runic Pyramid"}],"items_purged_floors":[10],"is_endless":false,"potions_floor_spawned":[1,6,7,11,19,22],"killed_by":"Slavers","ascension_level":19}