{"gold_per_floor":[114,114,114,41,53,53,68,93,177,177],"floor_reached":10,"playtime":370,"items_purged":[],"score":83,"play_id":"8f909fa5-d0b8-4086-b401-8284dc007339","local_time":"20190117221340","is_ascension_mode":true,"campfire_choices":[{"data":"Bloodletting","floor":6,"key":"SMITH"}],"neow_cost":"NONE","seed_source_timestamp":626175959935300,"circlet_count":0,"master_deck":["Strike_R","Strike_R","Strike_R+1","Strike_R","Strike_R","Defend_R","Defend_R","Defend_R+1","Defend_R","Bash+1","Perfected Strike+1","Corruption","Bloodletting+1","Juggernaut","Rage"],"relics":["Burning Blood","Lantern","Tiny Chest"],"potions_floor_usage":[10],"damage_taken":[{"damage":4,"enemies":"2 Louse","floor":1,"turns":4},{"damage":0,"enemies":"Cultist","floor":5,"turns":2},{"damage":4,"enemies":"Small Slimes","floor":7,"turns":3},{"damage":40,"enemies":"Gremlin Nob","floor":8,"turns":5},{"damage":57,"enemies":"Lagavulin","floor":10,"turns":6}],"seed_played":"-4078879748409527532","potions_obtained":[{"floor":8,"key":"Weak Potion"}],"is_trial":false,"path_per_floor":["M","?","?","$","M","R","M","E","T","E"],"character_chosen":"IRONCLAD","items_purchased":["Corruption"],"campfire_rested":0,"item_purchase_floors":[4],"current_hp_per_floor":[80,64,64,64,70,70,72,38,38,0],"gold":177,"neow_bonus":"UPGRADE_CARD","is_prod":false,"is_daily":false,"chose_seed":false,"campfire_upgraded":1,"win_rate":0,"timestamp":1547792020,"path_taken":["M","?","?","$","?","R","M","E","T","E"],"build_version":"2019-01-17","purchased_purges":0,"victory":false,"max_hp_per_floor":[80,80,80,80,80,80,80,80,80,80],"card_choices":[{"not_picked":["Clash","Flex"],"picked":"Perfected Strike","floor":1},{"not_picked":["Intimidate","Warcry"],"picked":"Bloodletting","floor":5},{"not_picked":["Bloodletting","Ghostly Armor"],"picked":"Juggernaut","floor":7},{"not_picked":["Iron Wave","Cleave"],"picked":"Rage","floor":8}],"player_experience":527509,"relics_obtained":[{"floor":8,"key":"Lantern"},{"floor":9,"key":"Tiny Chest"}],"event_choices":[{"damage_healed":0,"gold_gain":0,"player_choice":"Entered Light","damage_taken":16,"max_hp_gain":0,"max_hp_loss":0,"event_name":"Shining Light","floor":2,"gold_loss":0,"cards_upgraded":["Strike_R","Defend_R"]},{"damage_healed":0,"gold_gain":0,"player_choice":"Forge","damage_taken":0,"max_hp_gain":0,"max_hp_loss":0,"event_name":"Accursed Blacksmith","floor":3,"gold_loss":0,"cards_upgraded":["Perfected Strike"]}],"is_beta":false,"boss_relics":[],"items_purged_floors":[],"is_endless":false,"potions_floor_spawned":[8],"killed_by":"Lagavulin","ascension_level":5}