{"gold_per_floor":[116,42,42,53,53,117,127,159,185,205,215,235,255,180,180,284,284,299,299,199,199,212,212,87,87,112,123,123,140,140,239,239,239],"floor_reached":33,"playtime":1398,"items_purged":["Strike_R","Cleave","Wild Strike"],"score":360,"play_id":"c7dc8e8e-32ab-4480-bfa0-349e434dcaca","local_time":"20181112173615","is_ascension_mode":true,"campfire_choices":[{"data":"Searing Blow","floor":15,"key":"SMITH"},{"data":"Searing Blow+1","floor":23,"key":"SMITH"},{"data":"Searing Blow+2","floor":25,"key":"SMITH"},{"data":"Searing Blow+3","floor":28,"key":"SMITH"},{"data":"Searing Blow+4","floor":32,"key":"SMITH"}],"neow_cost":"NONE","seed_source_timestamp":717509424030185,"circlet_count":0,"master_deck":["Bash+1","Reaper","Twin Strike","Metallicize","Inflame","True Grit","Iron Wave","Searing Blow+5","True Grit","Fiend Fire","Armaments","Body Slam","Sword Boomerang","Carnage","Thunderclap","Spot Weakness","Inflame+1","Burning Pact","Shrug It Off+1"],"relics":["Burning Blood","Bronze Scales","Tiny Chest","Vajra","Orichalcum","Pandora\u0027s Box","Smiling Mask","Bottled Flame"],"potions_floor_usage":[8,16,27,29,33],"damage_taken":[{"damage":2,"enemies":"2 Louse","floor":1,"turns":4},{"damage":12,"enemies":"Jaw Worm","floor":4,"turns":3},{"damage":38,"enemies":"Lagavulin","floor":6,"turns":7},{"damage":12,"enemies":"Small Slimes","floor":7,"turns":4},{"damage":35,"enemies":"3 Sentries","floor":8,"turns":9},{"damage":1,"enemies":"Blue Slaver","floor":10,"turns":4},{"damage":12,"enemies":"Large Slime","floor":11,"turns":5},{"damage":7,"enemies":"Looter","floor":12,"turns":4},{"damage":1,"enemies":"3 Louse","floor":13,"turns":3},{"damage":36,"enemies":"Hexaghost","floor":16,"turns":9},{"damage":0,"enemies":"Chosen","floor":18,"turns":4},{"damage":6,"enemies":"Spheric Guardian","floor":22,"turns":3},{"damage":28,"enemies":"Centurion and Healer","floor":27,"turns":6},{"damage":19,"enemies":"Shelled Parasite and Fungi","floor":29,"turns":3},{"damage":84,"enemies":"Collector","floor":33,"turns":6}],"seed_played":"-293136145093914013","potions_obtained":[{"floor":1,"key":"Regen Potion"},{"floor":8,"key":"AttackPotion"},{"floor":11,"key":"Weak Potion"},{"floor":13,"key":"LiquidBronze"},{"floor":16,"key":"Explosive Potion"},{"floor":29,"key":"Poison Potion"}],"is_trial":false,"path_per_floor":["M","$","?","M","?","E","M","E","T","M","M","M","M","$","R","B",null,"M","?","$","?","M","R","$","R","T","M","R","M","T","?","R","B"],"character_chosen":"IRONCLAD","items_purchased":["Metallicize"],"campfire_rested":0,"item_purchase_floors":[2],"current_hp_per_floor":[80,80,80,74,71,43,46,44,44,56,50,56,69,69,69,46,72,78,78,78,78,78,78,78,78,78,64,64,51,51,51,51,0],"gold":239,"neow_bonus":"ONE_RANDOM_RARE_CARD","is_prod":false,"is_daily":false,"chose_seed":false,"campfire_upgraded":5,"win_rate":0,"timestamp":1542062175,"path_taken":["M","$","?","M","?","E","M","E","T","M","M","M","M","$","R","BOSS","M","?","$","?","M","R","$","R","T","M","R","M","?","?","R","BOSS"],"build_version":"2018-11-08","purchased_purges":3,"victory":false,"max_hp_per_floor":[80,80,80,80,80,80,80,80,80,80,80,80,80,80,80,80,80,80,80,80,80,80,80,80,80,80,80,80,80,80,80,80,80],"card_choices":[{"not_picked":["Pommel Strike","Sword Boomerang"],"picked":"Twin Strike","floor":1},{"not_picked":["Combust","Wild Strike","Clothesline"],"picked":"SKIP","floor":4},{"not_picked":["Anger","Twin Strike"],"picked":"Inflame","floor":6},{"not_picked":["Dropkick","Inflame"],"picked":"True Grit","floor":7},{"not_picked":["Exhume","Clash"],"picked":"Iron Wave","floor":8},{"not_picked":["Inflame","Iron Wave"],"picked":"Searing Blow","floor":10},{"not_picked":["Flex","Pommel Strike","Body Slam"],"picked":"SKIP","floor":11},{"not_picked":["Anger","Juggernaut"],"picked":"True Grit","floor":12},{"not_picked":["Clash","Armaments","True Grit"],"picked":"SKIP","floor":13},{"not_picked":["Reaper","Impervious"],"picked":"Fiend Fire","floor":16},{"not_picked":["Infernal Blade","Shrug It Off"],"picked":"Spot Weakness","floor":18},{"not_picked":["Anger","Combust"],"picked":"Inflame+1","floor":22},{"not_picked":["Havoc","Clash"],"picked":"Burning Pact","floor":27},{"not_picked":["Havoc","Power Through+1"],"picked":"Shrug It Off+1","floor":29}],"player_experience":353908,"relics_obtained":[{"floor":6,"key":"Tiny Chest"},{"floor":8,"key":"Vajra"},{"floor":9,"key":"Orichalcum"},{"floor":26,"key":"Smiling Mask"},{"floor":30,"key":"Bottled Flame"}],"event_choices":[{"damage_healed":0,"gold_gain":0,"player_choice":"Grow","damage_taken":0,"max_hp_gain":0,"max_hp_loss":0,"event_name":"Living Wall","floor":3,"gold_loss":0,"cards_upgraded":["Bash"]},{"damage_healed":0,"gold_gain":0,"player_choice":"Success","damage_taken":3,"relics_obtained":["Bronze Scales"],"max_hp_gain":0,"max_hp_loss":0,"event_name":"Scrap Ooze","floor":5,"gold_loss":0},{"cards_removed":["Cleave"],"damage_healed":0,"gold_gain":0,"player_choice":"Elegance","damage_taken":0,"max_hp_gain":0,"max_hp_loss":0,"event_name":"Back to Basics","floor":19,"gold_loss":0},{"damage_healed":0,"gold_gain":0,"player_choice":"Ignored","damage_taken":0,"max_hp_gain":0,"max_hp_loss":0,"event_name":"Vampires","floor":21,"gold_loss":0},{"damage_healed":0,"gold_gain":99,"player_choice":"Stole From Cult","damage_taken":0,"max_hp_gain":0,"max_hp_loss":0,"event_name":"Nest","floor":31,"gold_loss":0}],"is_beta":true,"boss_relics":[{"not_picked":["Eternal Feather","Mark of Pain"],"picked":"Pandora\u0027s Box"}],"items_purged_floors":[14,20,24],"is_endless":false,"potions_floor_spawned":[1,8,11,13,16,29],"killed_by":"Collector","ascension_level":8}