{"gold_per_floor":[113,113,132,132,132,132,6,6,87,99,99,49,67,80,80,185,185,202,117,141,161,0,0,0,18,18,32,32,32,44,44,44,146,146,161,180,180,197,197],"floor_reached":39,"playtime":843,"items_purged":["Defend_R"],"score":423,"play_id":"76ad3933-2971-4d78-bd4a-c9ed42335f2f","local_time":"20180822183541","is_ascension_mode":false,"campfire_choices":[{"data":"Bash","floor":6,"key":"SMITH"},{"data":"Flex","floor":8,"key":"SMITH"},{"floor":15,"key":"REST"},{"data":"Heavy Blade","floor":23,"key":"SMITH"},{"floor":28,"key":"REST"},{"data":"Bloodletting","floor":32,"key":"SMITH"}],"neow_cost":"NONE","seed_source_timestamp":73305429585288,"circlet_count":0,"master_deck":["Strike_R","Strike_R","Strike_R+1","Defend_R+1","Bash+1","Twin Strike","Pommel Strike","Flex+1","Heavy Blade+1","Bloodletting+1","Heavy Blade+1","Double Tap"],"relics":["Burning Blood","Tiny Chest","Shuriken","Empty Cage","Gambling Chip","Ancient Tea Set","Blue Candle","Eternal Feather"],"potions_floor_usage":[30,35,38],"damage_taken":[{"damage":10,"enemies":"Cultist","floor":1,"turns":4},{"damage":5,"enemies":"2 Louse","floor":3,"turns":2},{"damage":17,"enemies":"Small Slimes","floor":5,"turns":3},{"damage":17,"enemies":"Gremlin Gang","floor":10,"turns":3},{"damage":8,"enemies":"Large Slime","floor":13,"turns":4},{"damage":12,"enemies":"Blue Slaver","floor":14,"turns":2},{"damage":0,"enemies":"Slime Boss","floor":16,"turns":6},{"damage":30,"enemies":"Spheric Guardian","floor":18,"turns":4},{"damage":10,"enemies":"Chosen","floor":21,"turns":3},{"damage":0,"enemies":"Centurion and Healer","floor":25,"turns":3},{"damage":24,"enemies":"3 Cultists","floor":27,"turns":4},{"damage":0,"enemies":"Snecko","floor":30,"turns":2},{"damage":67,"enemies":"Collector","floor":33,"turns":4},{"damage":37,"enemies":"3 Darklings","floor":35,"turns":5},{"damage":15,"enemies":"3 Shapes","floor":36,"turns":3},{"damage":23,"enemies":"Spire Growth","floor":38,"turns":3},{"damage":31,"enemies":"Transient","floor":39,"turns":4}],"seed_played":"8157750286963576951","potions_obtained":[{"floor":4,"key":"Energy Potion"},{"floor":4,"key":"Block Potion"},{"floor":4,"key":"GamblersBrew"},{"floor":14,"key":"AttackPotion"},{"floor":30,"key":"PowerPotion"},{"floor":35,"key":"Block Potion"},{"floor":36,"key":"Explosive Potion"}],"is_trial":false,"path_per_floor":["M","?","M","?","M","R","$","R","T","M","T","?","M","M","R","B",null,"M","?","T","M","?","R","$","M","T","M","R","?","M","$","R","B",null,"M","M","?","M"],"character_chosen":"IRONCLAD","items_purchased":["Flex"],"campfire_rested":2,"item_purchase_floors":[7],"current_hp_per_floor":[76,60,61,61,50,50,50,50,50,39,39,39,37,31,55,61,80,56,56,56,52,52,52,52,58,58,40,64,64,70,70,70,9,80,49,40,40,23,0],"gold":197,"neow_bonus":"THREE_CARDS","is_prod":false,"is_daily":false,"chose_seed":false,"campfire_upgraded":4,"win_rate":0,"timestamp":1534977341,"path_taken":["M","?","M","?","M","R","$","R","T","M","?","?","?","M","R","BOSS","M","?","?","M","?","R","$","?","T","M","R","?","M","$","R","BOSS","M","M","?","M","?"],"build_version":"2018-08-16","purchased_purges":1,"victory":false,"max_hp_per_floor":[80,80,80,80,80,80,80,80,80,80,80,80,80,80,80,80,80,80,80,80,80,80,80,80,80,80,80,80,80,80,80,80,80,80,80,80,80,80,80],"card_choices":[{"not_picked":["Thunderclap","Ghostly Armor"],"picked":"Twin Strike","floor":1},{"not_picked":["Clothesline","Entrench","Infernal Blade"],"picked":"SKIP","floor":3},{"not_picked":["Feel No Pain","Cleave"],"picked":"Pommel Strike","floor":5},{"not_picked":["Clash","Iron Wave","Thunderclap"],"picked":"SKIP","floor":10},{"not_picked":["Shrug It Off","Corruption","Wild Strike"],"picked":"SKIP","floor":13},{"not_picked":["Blood for Blood","Iron Wave"],"picked":"Heavy Blade","floor":14},{"not_picked":["Havoc","Anger","True Grit"],"picked":"SKIP","floor":18},{"not_picked":["Power Through","Flame Barrier","Disarm"],"picked":"SKIP","floor":21},{"not_picked":["Intimidate","Whirlwind"],"picked":"Bloodletting","floor":25},{"not_picked":["Perfected Strike+1","Armaments","Havoc+1"],"picked":"SKIP","floor":27},{"not_picked":["Headbutt","Battle Trance"],"picked":"Heavy Blade+1","floor":30},{"not_picked":["Exhume","Reaper"],"picked":"Double Tap","floor":33},{"not_picked":["Thunderclap+1","Carnage+1","Headbutt+1"],"picked":"SKIP","floor":35},{"not_picked":["Clothesline+1","Anger+1","True Grit+1"],"picked":"SKIP","floor":36},{"not_picked":["Twin Strike","Thunderclap","Perfected Strike"],"picked":"SKIP","floor":38}],"player_experience":137471,"relics_obtained":[{"floor":9,"key":"Tiny Chest"},{"floor":11,"key":"Shuriken"},{"floor":20,"key":"Ancient Tea Set"},{"floor":26,"key":"Blue Candle"}],"event_choices":[{"event_name":"Shining Light","player_choice":"Entered Light","floor":2,"damage_taken":0},{"event_name":"The Lab","player_choice":"Got Potions","floor":4,"damage_taken":0},{"event_name":"The Cleric","player_choice":"Card Removal","floor":12,"damage_taken":0},{"event_name":"Addict","player_choice":"Obtained Relic","floor":19,"damage_taken":0},{"event_name":"Masked Bandits","player_choice":"Paid Fearfully","floor":22,"damage_taken":0},{"event_name":"Bonfire Elementals","player_choice":"BASIC","floor":29,"damage_taken":0},{"event_name":"Tomb of Lord Red Mask","player_choice":"Ignored","floor":37,"damage_taken":0}],"is_beta":false,"boss_relics":[{"not_picked":["Pandora\u0027s Box","Orrery"],"picked":"Empty Cage"},{"not_picked":["Mark of Pain","Velvet Choker"],"picked":"Eternal Feather"}],"items_purged_floors":[7],"is_endless":false,"potions_floor_spawned":[13,14,18,25,30,35,36],"killed_by":"Transient","ascension_level":0}