{"gold_per_floor":[367,384,384,402,421,421,438,456,524,543,419,374,392,405,405,510,510,520,540,540,560,460,460,559,570,596,596,610,621,634,648,648,648],"floor_reached":33,"playtime":1522,"items_purged":["Decay","Defend_R"],"score":299,"play_id":"733f2fe7-ca46-4b76-acc7-e9fead159c52","local_time":"20180910213126","is_ascension_mode":false,"campfire_choices":[{"data":"Perfected Strike","floor":6,"key":"SMITH"},{"floor":15,"key":"REST"},{"data":"Clash","floor":23,"key":"SMITH"},{"data":"Carnage","floor":27,"key":"SMITH"},{"floor":32,"key":"REST"}],"neow_cost":"CURSE","seed_source_timestamp":344637310576555,"circlet_count":0,"master_deck":["Strike_R","Strike_R","Strike_R","Strike_R","Strike_R","Defend_R","Defend_R+1","Defend_R+1","Bash","Perfected Strike+1","Carnage+1","Clash+1","Pommel Strike+1","Twin Strike+1","Pommel Strike+1","Perfected Strike+1","Sword Boomerang+1","Pommel Strike+1","Twin Strike+1"],"relics":["Black Blood","Molten Egg 2","Blood Vial"],"potions_floor_usage":[5,25,25,31,33,33],"damage_taken":[{"damage":8,"enemies":"Jaw Worm","floor":1,"turns":3},{"damage":13,"enemies":"2 Louse","floor":2,"turns":3},{"damage":7,"enemies":"Cultist","floor":4,"turns":5},{"damage":12,"enemies":"Large Slime","floor":5,"turns":8},{"damage":6,"enemies":"Looter","floor":7,"turns":3},{"damage":9,"enemies":"Exordium Wildlife","floor":8,"turns":2},{"damage":9,"enemies":"Exordium Thugs","floor":10,"turns":3},{"damage":0,"enemies":"Gremlin Gang","floor":13,"turns":4},{"damage":0,"enemies":"2 Fungi Beasts","floor":14,"turns":3},{"damage":0,"enemies":"Slime Boss","floor":16,"turns":5},{"damage":5,"enemies":"Spheric Guardian","floor":18,"turns":3},{"damage":2,"enemies":"Chosen","floor":19,"turns":4},{"damage":32,"enemies":"Shelled Parasite and Fungi","floor":21,"turns":4},{"damage":16,"enemies":"3 Cultists","floor":25,"turns":4},{"damage":14,"enemies":"Centurion and Healer","floor":28,"turns":4},{"damage":15,"enemies":"Snake Plant","floor":29,"turns":3},{"damage":13,"enemies":"Cultist and Chosen","floor":30,"turns":5},{"damage":15,"enemies":"Centurion and Healer","floor":31,"turns":3},{"damage":92,"enemies":"Champ","floor":33,"turns":8}],"seed_played":"-3082209388001028393","potions_obtained":[{"floor":2,"key":"Strength Potion"},{"floor":4,"key":"SmokeBomb"},{"floor":10,"key":"FearPotion"},{"floor":13,"key":"SkillPotion"},{"floor":28,"key":"AttackPotion"},{"floor":29,"key":"SkillPotion"},{"floor":31,"key":"Explosive Potion"}],"is_trial":false,"path_per_floor":["M","M","?","M","M","R","M","M","T","M","$","?","M","M","R","B",null,"M","M","?","M","$","R","?","M","T","R","M","M","M","M","R"],"character_chosen":"IRONCLAD","items_purchased":["Twin Strike+1"],"campfire_rested":2,"item_purchase_floors":[11],"current_hp_per_floor":[78,71,55,54,48,48,48,45,45,42,42,42,48,54,78,80,80,80,80,80,58,58,58,58,52,52,52,50,47,46,43,67,0],"gold":648,"neow_bonus":"TWO_FIFTY_GOLD","is_prod":false,"is_daily":false,"chose_seed":false,"campfire_upgraded":3,"win_rate":0,"timestamp":1536629486,"path_taken":["M","M","?","M","M","R","?","M","T","M","$","?","M","M","R","BOSS","M","M","?","M","$","R","?","M","T","R","M","?","M","M","R","BOSS"],"build_version":"2018-09-06","purchased_purges":2,"victory":false,"max_hp_per_floor":[80,80,80,80,80,80,80,80,80,80,80,80,80,80,80,80,80,80,80,80,80,80,80,80,80,80,80,80,80,80,80,80,80],"card_choices":[{"not_picked":["Rage","Shockwave","Iron Wave"],"picked":"SKIP","floor":1},{"not_picked":["True Grit","Headbutt","Flex"],"picked":"SKIP","floor":2},{"not_picked":["Anger","Iron Wave","Corruption"],"picked":"SKIP","floor":4},{"not_picked":["Heavy Blade","Cleave"],"picked":"Perfected Strike","floor":5},{"not_picked":["Flame Barrier","Clothesline"],"picked":"Carnage","floor":7},{"not_picked":["Seeing Red","Impervious"],"picked":"Clash","floor":8},{"not_picked":["Rage","Entrench"],"picked":"Pommel Strike+1","floor":10},{"not_picked":["Headbutt+1","Iron Wave+1"],"picked":"Pommel Strike+1","floor":13},{"not_picked":["Ghostly Armor","Pommel Strike+1"],"picked":"Perfected Strike+1","floor":14},{"not_picked":["Shockwave+1","Searing Blow+1"],"picked":"Sword Boomerang+1","floor":18},{"not_picked":["Headbutt+1","Searing Blow+1","Body Slam+1"],"picked":"SKIP","floor":19},{"not_picked":["Havoc+1","Shrug It Off"],"picked":"Pommel Strike+1","floor":21},{"not_picked":["Flex","Wild Strike+1"],"picked":"Twin Strike+1","floor":25},{"not_picked":["Heavy Blade+1","Iron Wave+1","Barricade"],"picked":"SKIP","floor":28},{"not_picked":["Uppercut+1","Searing Blow+1","Bloodletting"],"picked":"SKIP","floor":29},{"not_picked":["Second Wind","Inflame","Shrug It Off"],"picked":"SKIP","floor":30},{"not_picked":["True Grit+1","Hemokinesis+1","Armaments"],"picked":"SKIP","floor":31}],"player_experience":77233,"relics_obtained":[{"floor":9,"key":"Molten Egg 2"},{"floor":26,"key":"Blood Vial"}],"event_choices":[{"event_name":"Shining Light","player_choice":"Entered Light","floor":3,"damage_taken":0},{"event_name":"World of Goop","player_choice":"Left","floor":12,"damage_taken":0},{"event_name":"The Woman in Blue","player_choice":"Bought 0 Potions","floor":20,"damage_taken":0},{"event_name":"Nest","player_choice":"Stole From Cult","floor":24,"damage_taken":0}],"is_beta":false,"boss_relics":[{"not_picked":["Snecko Eye","Calling Bell"],"picked":"Black Blood"}],"items_purged_floors":[11,22],"is_endless":false,"potions_floor_spawned":[2,4,10,13,19,28,29,31],"killed_by":"Champ","ascension_level":0}