{"gold_per_floor":[116,133,145,70,36,62,62,78,133,133,61,79,79,154,154,154],"floor_reached":16,"playtime":423,"items_purged":["Strike_R"],"score":170,"play_id":"6d1ea39e-0a0d-4e36-acde-688e1b92f685","local_time":"20181117182528","is_ascension_mode":true,"campfire_choices":[{"data":"Shrug It Off","floor":7,"key":"SMITH"},{"floor":10,"key":"REST"},{"data":"Armaments","floor":15,"key":"SMITH"}],"neow_cost":"NONE","seed_source_timestamp":203934418940889,"circlet_count":0,"master_deck":["AscendersBane","Strike_R","Strike_R","Strike_R+1","Strike_R","Defend_R","Defend_R","Defend_R","Defend_R","Bash","Dropkick","Iron Wave+1","Burning Pact","Havoc","Feel No Pain","Shrug It Off+1","Corruption","Armaments+1"],"relics":["Burning Blood","Ornamental Fan","Whetstone"],"potions_floor_usage":[6],"damage_taken":[{"damage":1,"enemies":"Cultist","floor":1,"turns":3},{"damage":0,"enemies":"Small Slimes","floor":2,"turns":3},{"damage":2,"enemies":"Jaw Worm","floor":3,"turns":3},{"damage":47,"enemies":"Gremlin Nob","floor":6,"turns":5},{"damage":18,"enemies":"Lots of Slimes","floor":8,"turns":7},{"damage":24,"enemies":"Large Slime","floor":12,"turns":8},{"damage":0,"enemies":"Hexaghost","floor":16,"turns":1}],"seed_played":"2817991123775185162","potions_obtained":[{"floor":2,"key":"PowerPotion"},{"floor":3,"key":"SneckoOil"},{"floor":8,"key":"PowerPotion"}],"is_trial":false,"path_per_floor":["M","M","M","$","$","E","R","M","T","R","$","M","?","?","R","B"],"character_chosen":"IRONCLAD","items_purchased":["Feel No Pain","Corruption"],"campfire_rested":1,"item_purchase_floors":[5,11],"current_hp_per_floor":[73,75,75,75,75,34,34,22,22,44,44,26,26,15,15,15],"gold":154,"neow_bonus":"THREE_CARDS","is_prod":false,"is_daily":false,"chose_seed":false,"campfire_upgraded":2,"win_rate":0,"timestamp":1542497128,"path_taken":["M","M","M","?","$","E","R","M","T","R","$","M","?","?","R","BOSS"],"build_version":"2018-11-15","purchased_purges":1,"victory":false,"max_hp_per_floor":[75,75,75,75,75,75,75,75,75,75,75,75,75,75,75,75],"card_choices":[{"not_picked":["Heavy Blade","Burning Pact"],"picked":"Dropkick","floor":0},{"not_picked":["Anger","Sword Boomerang"],"picked":"Iron Wave","floor":1},{"not_picked":["Intimidate","Iron Wave"],"picked":"Burning Pact","floor":2},{"not_picked":["Clash","Exhume"],"picked":"Havoc","floor":3},{"not_picked":["Bloodletting","Twin Strike"],"picked":"Shrug It Off","floor":6},{"not_picked":["Sever Soul","Clash","Iron Wave"],"picked":"SKIP","floor":8},{"not_picked":["Combust","Body Slam"],"picked":"Armaments","floor":12}],"player_experience":390577,"relics_obtained":[{"floor":6,"key":"Ornamental Fan"},{"floor":9,"key":"Whetstone"}],"event_choices":[{"damage_healed":0,"gold_gain":0,"player_choice":"Leave","damage_taken":0,"max_hp_gain":0,"max_hp_loss":0,"event_name":"The Cleric","floor":13,"gold_loss":0},{"damage_healed":0,"gold_gain":75,"player_choice":"Gather Gold","damage_taken":11,"max_hp_gain":0,"max_hp_loss":0,"event_name":"World of Goop","floor":14,"gold_loss":0}],"is_beta":true,"boss_relics":[],"items_purged_floors":[4],"is_endless":false,"potions_floor_spawned":[2,3,8],"killed_by":"Hexaghost","ascension_level":14}