{"gold_per_floor":[215,140,150,165,19,49,61,61,61,61,79,109,119,153,153,230,230,230,200,200,200,170,170,170,170,170,170,170,170,170,14,14,14,14,14,14,14,0,0,0,0,0,0,0,0,0,0,0,0,0],"floor_reached":51,"playtime":3709,"items_purged":[],"score":1614,"play_id":"82fcca35-15af-4dd3-904d-0e36f33856f5","local_time":"20180624154306","is_ascension_mode":true,"campfire_choices":[{"data":"Neutralize","floor":8,"key":"SMITH"},{"data":"Dagger Spray","floor":10,"key":"SMITH"},{"data":"Footwork","floor":15,"key":"SMITH"},{"data":"After Image","floor":24,"key":"SMITH"},{"data":"Noxious Fumes","floor":30,"key":"SMITH"},{"data":"Malaise","floor":32,"key":"SMITH"},{"floor":41,"key":"DIG"},{"floor":44,"key":"DIG"},{"floor":49,"key":"DIG"}],"neow_cost":"NONE","seed_source_timestamp":580901317384627,"circlet_count":0,"master_deck":["Defend_G","Defend_G","Defend_G","Defend_G","Defend_G","Strike_G","Strike_G","Strike_G","Survivor","Neutralize+1","AscendersBane","Backstab","Predator","Dagger Spray+1","PiercingWail","Dodge and Roll","Footwork+1","Glass Knife","Dash","After Image+1","Malaise+1","Footwork","Escape Plan+1","Noxious Fumes+1","Caltrops","Cloak And Dagger","Leg Sweep","Burst","Predator","Catalyst+1","Dodge and Roll+1","Night Terror","Backflip"],"relics":["Ring of the Snake","Vajra","Gambling Chip","Tough Bandages","Mercury Hourglass","Ginger","Ectoplasm","Shovel","Gremlin Horn","Orichalcum","Snake Skull","Sozu","Red Mask","Pen Nib","Bag of Preparation","Mummified Hand","War Paint","Dream Catcher","Ancient Tea Set","Tingsha","Strawberry"],"potions_floor_usage":[6,12,12,22,23,33,33,50],"damage_taken":[{"damage":2,"enemies":"Cultist","floor":1,"turns":5},{"damage":0,"enemies":"2 Louse","floor":3,"turns":2},{"damage":2,"enemies":"Jaw Worm","floor":4,"turns":3},{"damage":5,"enemies":"3 Sentries","floor":6,"turns":8},{"damage":1,"enemies":"Red Slaver","floor":7,"turns":3},{"damage":0,"enemies":"Blue Slaver","floor":11,"turns":3},{"damage":5,"enemies":"Lagavulin","floor":12,"turns":5},{"damage":0,"enemies":"Lots of Slimes","floor":13,"turns":1},{"damage":2,"enemies":"3 Sentries","floor":14,"turns":5},{"damage":35,"enemies":"Hexaghost","floor":16,"turns":12},{"damage":0,"enemies":"3 Byrds","floor":18,"turns":3},{"damage":0,"enemies":"2 Thieves","floor":22,"turns":3},{"damage":0,"enemies":"Book of Stabbing","floor":23,"turns":7},{"damage":0,"enemies":"Snake Plant","floor":25,"turns":4},{"damage":0,"enemies":"Centurion and Healer","floor":27,"turns":6},{"damage":0,"enemies":"Gremlin Leader","floor":28,"turns":7},{"damage":0,"enemies":"Chosen and Byrds","floor":29,"turns":7},{"damage":0,"enemies":"Automaton","floor":33,"turns":12},{"damage":0,"enemies":"3 Shapes","floor":35,"turns":3},{"damage":1,"enemies":"3 Darklings","floor":36,"turns":4},{"damage":4,"enemies":"Maw","floor":37,"turns":8},{"damage":13,"enemies":"Sphere and 2 Shapes","floor":39,"turns":5},{"damage":0,"enemies":"Nemesis","floor":40,"turns":9},{"damage":0,"enemies":"Giant Head","floor":42,"turns":13},{"damage":0,"enemies":"Nemesis","floor":46,"turns":9},{"damage":0,"floor":47,"turns":5},{"damage":0,"enemies":"3 Darklings","floor":48,"turns":3},{"damage":17,"enemies":"Time Eater","floor":50,"turns":19}],"seed_played":"-7680653986480007992","potions_obtained":[{"floor":1,"key":"SteroidPotion"},{"floor":3,"key":"Explosive Potion"},{"floor":7,"key":"Fire Potion"},{"floor":14,"key":"Explosive Potion"},{"floor":19,"key":"LiquidBronze"},{"floor":23,"key":"SteroidPotion"},{"floor":28,"key":"Block Potion"},{"floor":33,"key":"Strength Potion"}],"is_trial":false,"path_per_floor":["M","?","M","M","$","E","M","R","T","R","M","E","M","E","R","B",null,"M","?","?","?","M","E","R","M","T","M","E","M","R","$","R","B",null,"M","M","M","?","M","E","R","E","T","R","$","E","?","M","R","B"],"character_chosen":"THE_SILENT","items_purchased":["Vajra","Snake Skull"],"campfire_rested":0,"item_purchase_floors":[5,31],"current_hp_per_floor":[57,57,57,55,55,50,49,49,49,49,49,44,44,42,42,7,51,51,51,51,51,51,51,51,51,51,51,51,51,51,51,51,51,62,62,61,57,57,44,44,44,44,44,44,44,44,44,44,51,34],"gold":0,"neow_bonus":"HUNDRED_GOLD","is_prod":false,"is_daily":false,"chose_seed":false,"campfire_upgraded":6,"win_rate":0,"timestamp":1529847786,"path_taken":["M","?","M","M","$","E","M","R","T","R","?","E","M","E","R","BOSS","M","?","?","?","M","E","R","M","T","M","E","?","R","$","R","BOSS","M","M","M","?","M","E","R","E","T","R","$","E","?","M","R","BOSS"],"build_version":"2018-06-21v2","purchased_purges":0,"victory":true,"max_hp_per_floor":[66,66,66,66,66,66,66,66,66,66,66,66,66,66,66,66,66,66,66,66,66,66,66,66,66,66,66,66,66,66,66,66,66,66,66,66,66,66,66,66,66,66,66,66,66,66,66,66,73,73],"card_choices":[{"not_picked":["Skewer","Flechettes"],"picked":"Backstab","floor":1},{"not_picked":["Leg Sweep","Skewer"],"picked":"Predator","floor":3},{"not_picked":["Bouncing Flask","Masterful Stab"],"picked":"Dagger Spray","floor":4},{"not_picked":["Bane","Calculated Gamble","Dagger Spray"],"picked":"SKIP","floor":6},{"not_picked":["Masterful Stab","Poisoned Stab"],"picked":"PiercingWail","floor":7},{"not_picked":["Quick Slash","Flechettes"],"picked":"Dodge and Roll","floor":11},{"not_picked":["Sucker Punch","Accuracy"],"picked":"Footwork","floor":12},{"not_picked":["Bouncing Flask","Poisoned Stab"],"picked":"Glass Knife","floor":13},{"not_picked":["Eviscerate","Dagger Throw"],"picked":"Dash","floor":14},{"not_picked":["Adrenaline","Venomology"],"picked":"After Image","floor":16},{"not_picked":["Poisoned Stab","Outmaneuver"],"picked":"Malaise","floor":18},{"not_picked":["Quick Slash","Outmaneuver","Terror"],"picked":"SKIP","floor":22},{"not_picked":["Distraction","Deadly Poison"],"picked":"Escape Plan","floor":23},{"not_picked":["Dagger Throw","Deflect"],"picked":"Noxious Fumes","floor":25},{"not_picked":["Slice","Accuracy"],"picked":"Caltrops","floor":27},{"not_picked":["Flechettes","Escape Plan"],"picked":"Cloak And Dagger","floor":28},{"not_picked":["Concentrate","Quick Slash+1"],"picked":"Leg Sweep","floor":29},{"not_picked":["Corpse Explosion","Tactician"],"picked":"Burst","floor":33},{"not_picked":["Finisher","Sucker Punch"],"picked":"Predator","floor":35},{"not_picked":["Sucker Punch+1","All Out Attack+1"],"picked":"Catalyst","floor":36},{"not_picked":["Reflex","Underhanded Strike","Leg Sweep"],"picked":"SKIP","floor":37},{"not_picked":["Blade Dance","Bane+1"],"picked":"Dodge and Roll+1","floor":39},{"not_picked":["Glass Knife","Bouncing Flask"],"picked":"Night Terror","floor":40},{"not_picked":["Masterful Stab","PiercingWail","Prepared+1"],"picked":"SKIP","floor":42},{"not_picked":["Dodge and Roll","Dagger Spray","Dagger Throw"],"picked":"SKIP","floor":46},{"not_picked":["Setup","Escape Plan"],"picked":"Backflip","floor":48}],"player_experience":689145,"relics_obtained":[{"floor":6,"key":"Gambling Chip"},{"floor":9,"key":"Tough Bandages"},{"floor":12,"key":"Mercury Hourglass"},{"floor":14,"key":"Ginger"},{"floor":23,"key":"Shovel"},{"floor":26,"key":"Gremlin Horn"},{"floor":28,"key":"Orichalcum"},{"floor":40,"key":"Pen Nib"},{"floor":41,"key":"Bag of Preparation"},{"floor":42,"key":"Mummified Hand"},{"floor":43,"key":"War Paint"},{"floor":44,"key":"Dream Catcher"},{"floor":46,"key":"Ancient Tea Set"},{"floor":47,"key":"Tingsha"},{"floor":49,"key":"Strawberry"}],"event_choices":[{"event_name":"The Cleric","player_choice":"Card Removal","floor":2,"damage_taken":0},{"event_name":"The Woman in Blue","player_choice":"Bought 2 Potions","floor":19,"damage_taken":0},{"event_name":"Purifier","player_choice":"One Purge","floor":20,"damage_taken":0},{"event_name":"The Library","player_choice":"Read","floor":21,"damage_taken":0},{"event_name":"Tomb of Lord Red Mask","player_choice":"Paid","floor":38,"damage_taken":0},{"event_name":"Mysterious Sphere","player_choice":"Fight","floor":47,"damage_taken":0}],"boss_relics":[{"not_picked":["Lizard Tail","Runic Pyramid"],"picked":"Ectoplasm"},{"not_picked":["Runic Dome","White Beast Statue"],"picked":"Sozu"}],"items_purged_floors":[],"is_endless":false,"potions_floor_spawned":[1,3,4,7,14,23,28,29,33,37,40,46,47,48],"ascension_level":15}