{"gold_per_floor":[112,123,123,123,48,79,79,134,161,204,181,193,232,255,267,377,389,413,435,447,509,538,613,639,651,663,675,126,126,126],"floor_reached":30,"playtime":1053,"items_purged":["Regret"],"score":330,"play_id":"1db7bbf0-25dc-433f-86c5-3e43746ee907","local_time":"20190223203734","is_ascension_mode":true,"campfire_choices":[{"data":"Zap","floor":7,"key":"SMITH"},{"floor":15,"key":"REST"},{"floor":27,"key":"REST"},{"floor":29,"key":"REST"}],"neow_cost":"TEN_PERCENT_HP_LOSS","seed_source_timestamp":783023637188597,"circlet_count":0,"master_deck":["Strike_B","Strike_B","Defend_B","Defend_B","Defend_B","Zap+1","Dualcast","Conserve Battery","Doom and Gloom","Sweeping Beam","Coolheaded","Echo Form","Tempest","Reboot","Rebound","Leap"],"relics":["Cracked Core","Bag of Marbles","Vajra","Orichalcum","Oddly Smooth Stone","MawBank","Singing Bowl","Art of War","Black Star","Tiny Chest","Omamori","Mummified Hand","ClockworkSouvenir"],"potions_floor_usage":[23,24,24],"damage_taken":[{"damage":1,"enemies":"Jaw Worm","floor":1,"turns":3},{"damage":8,"enemies":"Small Slimes","floor":2,"turns":3},{"damage":6,"enemies":"Gremlin Nob","floor":6,"turns":3},{"damage":18,"enemies":"Lagavulin Event","floor":8,"turns":4},{"damage":24,"enemies":"Lagavulin","floor":10,"turns":4},{"damage":16,"enemies":"Gremlin Nob","floor":13,"turns":4},{"damage":0,"enemies":"2 Louse","floor":14,"turns":1},{"damage":0,"enemies":"Slime Boss","floor":16,"turns":6},{"damage":8,"enemies":"Shell Parasite","floor":18,"turns":6},{"damage":2,"enemies":"Chosen","floor":19,"turns":4},{"damage":12,"enemies":"3 Cultists","floor":22,"turns":4},{"damage":49,"enemies":"Gremlin Leader","floor":23,"turns":7},{"damage":5,"enemies":"Sentry and Sphere","floor":24,"turns":5},{"damage":27,"enemies":"Slavers","floor":30,"turns":3}],"seed_played":"-4923815566730101562","potions_obtained":[{"floor":1,"key":"Strength Potion"},{"floor":6,"key":"SneckoOil"},{"floor":14,"key":"AttackPotion"},{"floor":16,"key":"Energy Potion"},{"floor":23,"key":"GamblersBrew"}],"is_trial":false,"path_per_floor":["M","M","?","?","$","E","R","?","T","E","?","$","E","M","R","B",null,"M","M","?","?","M","E","M","$","T","R","$","R","E"],"character_chosen":"DEFECT","items_purchased":["Mummified Hand","EntropicBrew","ClockworkSouvenir"],"campfire_rested":3,"item_purchase_floors":[28,28,28],"current_hp_per_floor":[67,59,56,56,56,50,50,32,32,10,27,27,11,13,34,34,72,64,64,64,64,54,7,2,2,2,25,25,48,21],"gold":126,"neow_bonus":"REMOVE_TWO","is_prod":false,"is_daily":false,"chose_seed":false,"campfire_upgraded":1,"win_rate":0,"timestamp":1550972254,"path_taken":["M","M","?","?","$","E","R","?","T","E","?","$","E","M","R","BOSS","M","M","?","?","M","E","?","$","T","R","$","R","E"],"build_version":"2019-01-23","purchased_purges":1,"victory":false,"max_hp_per_floor":[68,68,68,68,68,68,68,68,68,70,70,70,70,72,72,72,72,72,74,74,74,76,78,78,78,78,78,78,78,78],"card_choices":[{"not_picked":["Storm","Stack"],"picked":"Conserve Battery","floor":1},{"not_picked":["Beam Cell","Compile Driver"],"picked":"Doom and Gloom","floor":2},{"not_picked":["Recycle","Go for the Eyes"],"picked":"Hyperbeam","floor":6},{"not_picked":["Rebound","BootSequence"],"picked":"Sweeping Beam","floor":8},{"not_picked":["Gash","Rebound","Barrage"],"picked":"Singing Bowl","floor":10},{"not_picked":["Compile Driver","Go for the Eyes"],"picked":"Coolheaded","floor":13},{"not_picked":["Hologram","Consume","Steam Power"],"picked":"Singing Bowl","floor":14},{"not_picked":["Multi-Cast","Amplify"],"picked":"Echo Form","floor":16},{"not_picked":["Glacier","Compile Driver"],"picked":"Tempest","floor":18},{"not_picked":["Conserve Battery","Stack+1","Barrage+1"],"picked":"Singing Bowl","floor":19},{"not_picked":["Conserve Battery","Aggregate+1","Heatsinks"],"picked":"Singing Bowl","floor":22},{"not_picked":["Aggregate","Rebound","Fusion"],"picked":"Singing Bowl","floor":23},{"not_picked":["Hello World+1","Fusion"],"picked":"Leap","floor":24}],"player_experience":228134,"relics_obtained":[{"floor":6,"key":"Orichalcum"},{"floor":9,"key":"MawBank"},{"floor":10,"key":"Singing Bowl"},{"floor":13,"key":"Art of War"},{"floor":23,"key":"Tiny Chest"},{"floor":23,"key":"Omamori"}],"event_choices":[{"damage_healed":0,"gold_gain":0,"player_choice":"Success","damage_taken":3,"relics_obtained":["Bag of Marbles"],"max_hp_gain":0,"max_hp_loss":0,"event_name":"Scrap Ooze","floor":3,"gold_loss":0},{"damage_healed":0,"gold_gain":0,"player_choice":"Box","damage_taken":0,"relics_obtained":["Vajra"],"max_hp_gain":0,"max_hp_loss":0,"event_name":"Big Fish","floor":4,"gold_loss":0,"cards_obtained":["Regret"]},{"damage_healed":0,"gold_gain":0,"player_choice":"Searched \u00272\u0027 times","damage_taken":0,"relics_obtained":["Oddly Smooth Stone"],"max_hp_gain":0,"max_hp_loss":0,"event_name":"Dead Adventurer","floor":8,"gold_loss":0},{"damage_healed":17,"gold_gain":0,"player_choice":"Healed","damage_taken":0,"max_hp_gain":0,"max_hp_loss":0,"event_name":"The Cleric","floor":11,"gold_loss":35},{"damage_healed":0,"gold_gain":0,"cards_transformed":["Hyperbeam","Strike_B"],"player_choice":"Became Test Subject","damage_taken":0,"max_hp_gain":0,"max_hp_loss":0,"event_name":"Drug Dealer","floor":20,"gold_loss":0,"cards_obtained":["Reboot","Rebound"]},{"damage_healed":0,"gold_gain":100,"player_choice":"Bet on Murderer","damage_taken":0,"max_hp_gain":0,"max_hp_loss":0,"event_name":"The Joust","floor":21,"gold_loss":50}],"is_beta":false,"boss_relics":[{"not_picked":["Nuclear Battery","Empty Cage"],"picked":"Black Star"}],"items_purged_floors":[5],"is_endless":false,"potions_floor_spawned":[1,6,14,16,19,23],"killed_by":"Slavers","ascension_level":1}