{"path_per_floor":["M","M","?","M","?","R","E","M","T","R","?","E","M","E","R","B",null,"M","$","M","?","M","R"],"character_chosen":"DEFECT","items_purchased":["Turbo","Emotion Chip"],"gold_per_floor":[117,128,128,142,142,142,173,186,258,258,228,260,278,312,312,408,408,420,62,79,79,98,98,98],"floor_reached":24,"campfire_rested":0,"playtime":1507,"current_hp_per_floor":[68,66,66,66,59,59,37,36,36,36,36,26,22,19,19,39,75,73,73,56,56,36,36,0],"items_purged":[],"gold":98,"score":259,"play_id":"a8380381-f52f-482d-bdb4-10fe4ee44164","local_time":"20180507234440","is_prod":false,"is_daily":false,"chose_seed":false,"is_ascension_mode":true,"campfire_upgraded":4,"timestamp":1525729480,"path_taken":["M","M","?","M","?","R","E","?","T","R","?","E","M","E","R","BOSS","M","$","M","?","M","R","E"],"build_version":"2018-05-03","seed_source_timestamp":138320542952395,"purchased_purges":0,"victory":false,"master_deck":["Strike_B","Strike_B","Defend_B+1","Defend_B","Defend_B","Defend_B+1","Zap+1","Dualcast+1","Doom and Gloom","Rebound","Skim","Consume+1","Leap","Go for the Eyes","Nova","Self Repair","Auto Shields","Redo+1","Scrape","Biased Cognition","Go for the Eyes","Turbo","Reboot"],"max_hp_per_floor":[75,75,75,75,75,75,75,75,75,75,75,75,75,75,75,75,75,75,75,75,75,75,75,75],"relics":["Orrery","Torii","Shuriken","Ancient Tea Set","War Paint","Black Star","Emotion Chip"],"card_choices":[{"not_picked":["Reinforced Body","Loop"],"picked":"Doom and Gloom","floor":0},{"not_picked":["Sweeping Beam","Hologram"],"picked":"Rebound","floor":0},{"not_picked":["Reprogram","Blizzard"],"picked":"Skim","floor":0},{"not_picked":["Barrage","Loop"],"picked":"Consume","floor":0},{"not_picked":["Conserve Battery","Steam Power"],"picked":"Leap","floor":0},{"not_picked":["Barrage","Stack"],"picked":"Go for the Eyes","floor":1},{"not_picked":["Lockon","Heatsinks"],"picked":"Self Repair","floor":4},{"not_picked":["Cold Snap","Turbo"],"picked":"Auto Shields","floor":8},{"not_picked":["Leap","Sweeping Beam"],"picked":"Redo","floor":13},{"not_picked":["Heatsinks","Coolheaded"],"picked":"Scrape","floor":14},{"not_picked":["Thunder Strike","Fission"],"picked":"Biased Cognition","floor":16},{"not_picked":["Streamline","Stack"],"picked":"Go for the Eyes","floor":18}],"player_experience":537260,"potions_floor_usage":[7,12,16,20,22],"damage_taken":[{"damage":7,"enemies":"Jaw Worm","floor":1,"turns":3},{"damage":2,"enemies":"2 Louse","floor":2,"turns":3},{"damage":0,"enemies":"Small Slimes","floor":4,"turns":3},{"damage":22,"enemies":"3 Sentries","floor":7,"turns":7},{"damage":1,"enemies":"2 Fungi Beasts","floor":8,"turns":2},{"damage":10,"enemies":"Lagavulin","floor":12,"turns":6},{"damage":11,"enemies":"Looter","floor":13,"turns":5},{"damage":10,"enemies":"3 Sentries","floor":14,"turns":6},{"damage":2,"enemies":"Hexaghost","floor":16,"turns":8},{"damage":9,"enemies":"Chosen","floor":18,"turns":7},{"damage":17,"enemies":"2 Thieves","floor":20,"turns":3},{"damage":27,"enemies":"3 Cultists","floor":22,"turns":6},{"damage":42,"enemies":"Gremlin Leader","floor":24,"turns":7}],"event_choices":[{"event_name":"Living Wall","player_choice":"Change","floor":3,"damage_taken":0},{"event_name":"Golden Wing","player_choice":"Card Removal","floor":5,"damage_taken":0},{"event_name":"World of Goop","player_choice":"Left","floor":11,"damage_taken":0},{"event_name":"The Library","player_choice":"Read","floor":21,"damage_taken":0}],"boss_relics":[{"not_picked":["Philosopher\u0027s Stone","Inserter"],"picked":"Black Star"}],"potions_floor_spawned":[1,2,8,12,14,18,20,22],"seed_played":"-4107364072328988974","killed_by":"Gremlin Leader","ascension_level":4,"is_trial":false}