{"gold_per_floor":[114,124,135,310,310,310,350,350,350,350,300,325,365,402,414,545,557,589,571,598,635,670,725,737,304,304,317,367,172,215,229,229,360,360,376,400,418,12,28,41,41,76,76,101,136,152,1,39,39,39],"floor_reached":51,"playtime":3888,"items_purged":["Strike_R","Strike_R","Strike_R","Strike_R"],"score":841,"play_id":"1d8b5ab4-c5aa-4378-a79d-78fa402acb96","local_time":"20190124200440","is_ascension_mode":false,"campfire_choices":[{"data":"Uppercut","floor":6,"key":"SMITH"},{"data":"Shrug It Off","floor":8,"key":"SMITH"},{"floor":10,"key":"REST"},{"data":"Shrug It Off","floor":15,"key":"SMITH"},{"data":"Seeing Red","floor":24,"key":"SMITH"},{"data":"Armaments","floor":32,"key":"SMITH"},{"data":"Demon Form","floor":41,"key":"SMITH"},{"data":"Barricade","floor":49,"key":"SMITH"}],"neow_cost":"NONE","seed_source_timestamp":416935853408773,"circlet_count":0,"master_deck":["Strike_R","Defend_R","Defend_R","Defend_R+1","Defend_R","Bash+1","Shrug It Off+1","Uppercut+1","Spot Weakness","Immolate","Cleave+1","Shrug It Off+1","Burning Pact+1","Fiend Fire","Dropkick+1","Armaments+1","Wild Strike+1","Seeing Red+1","Iron Wave+1","Metallicize","Ghostly Armor","Iron Wave+1","Shockwave+1","Uppercut+1","Demon Form+1","Dropkick","Shrug It Off+1","Metallicize+1","Metallicize+1","Inflame+1","Barricade+1","Ghostly Armor+1","Metallicize+1"],"relics":["Burning Blood","Golden Idol","Letter Opener","Mummified Hand","MawBank","Velvet Choker","Smiling Mask","Thread and Needle","Blue Candle","Lantern","Whetstone","Sozu","Membership Card","Gambling Chip","Champion Belt","Ornamental Fan","War Paint","Toolbox","Juzu Bracelet"],"potions_floor_usage":[7,13,19,21],"damage_taken":[{"damage":1,"enemies":"Cultist","floor":1,"turns":4},{"damage":3,"enemies":"2 Louse","floor":2,"turns":2},{"damage":0,"enemies":"Small Slimes","floor":3,"turns":3},{"damage":27,"enemies":"Lagavulin","floor":7,"turns":10},{"damage":2,"enemies":"Exordium Wildlife","floor":12,"turns":3},{"damage":22,"enemies":"Gremlin Nob","floor":13,"turns":4},{"damage":0,"enemies":"Red Slaver","floor":14,"turns":4},{"damage":53,"enemies":"Hexaghost","floor":16,"turns":9},{"damage":2,"enemies":"Shell Parasite","floor":18,"turns":5},{"damage":20,"enemies":"Spheric Guardian","floor":20,"turns":4},{"damage":14,"enemies":"Snake Plant","floor":21,"turns":5},{"damage":0,"enemies":"Snecko","floor":22,"turns":3},{"damage":26,"enemies":"Slavers","floor":23,"turns":4},{"damage":0,"enemies":"Cultist and Chosen","floor":27,"turns":4},{"damage":3,"enemies":"Book of Stabbing","floor":30,"turns":6},{"damage":0,"enemies":"Centurion and Healer","floor":31,"turns":4},{"damage":22,"enemies":"Automaton","floor":33,"turns":10},{"damage":0,"enemies":"Orb Walker","floor":35,"turns":3},{"damage":0,"enemies":"3 Darklings","floor":36,"turns":4},{"damage":7,"enemies":"Jaw Worm Horde","floor":37,"turns":4},{"damage":20,"enemies":"Sphere and 2 Shapes","floor":39,"turns":6},{"damage":9,"enemies":"3 Darklings","floor":40,"turns":9},{"damage":6,"enemies":"Nemesis","floor":42,"turns":7},{"damage":16,"enemies":"Spire Growth","floor":44,"turns":6},{"damage":2,"enemies":"Giant Head","floor":45,"turns":7},{"damage":0,"enemies":"Transient","floor":46,"turns":5},{"damage":4,"enemies":"Reptomancer","floor":48,"turns":7},{"damage":0,"enemies":"Time Eater","floor":50,"turns":8}],"seed_played":"8369138463761526998","potions_obtained":[{"floor":2,"key":"AttackPotion"},{"floor":7,"key":"Fire Potion"},{"floor":13,"key":"LiquidBronze"},{"floor":16,"key":"SkillPotion"},{"floor":19,"key":"Fruit Juice"},{"floor":30,"key":"LiquidBronze"},{"floor":31,"key":"Strength Potion"},{"floor":33,"key":"GamblersBrew"}],"is_trial":false,"path_per_floor":["M","M","M","?","?","R","E","R","T","R","?","M","E","M","R","B",null,"M","?","M","M","M","E","R","$","T","M","?","$","E","M","R","B",null,"M","M","M","$","M","M","R","E","T","M","E","M","$","E","R","B",null],"character_chosen":"IRONCLAD","items_purchased":["Thread and Needle","Metallicize","Ghostly Armor","Lantern","Membership Card","Gambling Chip","Toolbox"],"campfire_rested":1,"item_purchase_floors":[25,25,25,29,38,38,47],"current_hp_per_floor":[80,80,80,80,60,60,39,39,39,63,63,67,51,57,57,10,80,80,85,71,63,69,49,49,49,49,55,55,55,58,64,64,48,85,85,85,84,84,70,67,67,67,67,57,61,67,67,69,69,75],"gold":39,"neow_bonus":"UPGRADE_CARD","is_prod":false,"is_daily":false,"chose_seed":false,"campfire_upgraded":7,"win_rate":0,"timestamp":1548349480,"path_taken":["M","M","M","?","?","R","E","R","T","R","?","M","E","M","R","BOSS","M","?","M","M","?","E","R","$","T","M","?","$","E","?","R","BOSS","M","M","M","$","M","?","R","E","T","M","E","M","$","E","R","BOSS"],"build_version":"2019-01-23","purchased_purges":4,"victory":true,"max_hp_per_floor":[80,80,80,80,80,80,80,80,80,80,80,80,80,80,80,80,80,80,85,85,85,85,85,85,85,85,85,85,85,85,85,85,85,85,85,85,85,85,85,85,85,85,85,85,85,85,85,85,85,85],"card_choices":[{"not_picked":["Havoc","Combust"],"picked":"Shrug It Off","floor":1},{"not_picked":["Iron Wave","Havoc"],"picked":"Uppercut","floor":2},{"not_picked":["Clash","Shrug It Off"],"picked":"Spot Weakness","floor":3},{"not_picked":["Wild Strike","Rupture"],"picked":"Immolate","floor":7},{"not_picked":["Sentinel","Havoc"],"picked":"Cleave","floor":12},{"not_picked":["Battle Trance","True Grit"],"picked":"Shrug It Off","floor":13},{"not_picked":["Hemokinesis","Flex"],"picked":"Burning Pact","floor":14},{"not_picked":["Dark Embrace","Immolate"],"picked":"Fiend Fire","floor":16},{"not_picked":["Thunderclap","Pommel Strike"],"picked":"Dropkick","floor":18},{"not_picked":["Pommel Strike","Twin Strike"],"picked":"Armaments","floor":20},{"not_picked":["Cleave","Brutality"],"picked":"Wild Strike+1","floor":21},{"not_picked":["Flame Barrier","Perfected Strike+1"],"picked":"Seeing Red","floor":22},{"not_picked":["Pummel","Uppercut"],"picked":"Iron Wave+1","floor":23},{"not_picked":["Armaments","Combust"],"picked":"Iron Wave+1","floor":27},{"not_picked":["Clothesline+1","Bloodletting"],"picked":"Shockwave+1","floor":30},{"not_picked":["Dual Wield","Anger"],"picked":"Uppercut+1","floor":31},{"not_picked":["Juggernaut","Double Tap"],"picked":"Demon Form","floor":33},{"not_picked":["Sword Boomerang","Armaments"],"picked":"Dropkick","floor":35},{"not_picked":["Uppercut","Searing Blow"],"picked":"Shrug It Off+1","floor":36},{"not_picked":["Heavy Blade+1","Rage+1"],"picked":"Metallicize+1","floor":37},{"not_picked":["Body Slam+1","Inflame"],"picked":"Metallicize+1","floor":39},{"not_picked":["Havoc+1","Pommel Strike"],"picked":"Inflame+1","floor":40},{"not_picked":["Sever Soul","Cleave","Warcry"],"picked":"SKIP","floor":42},{"not_picked":["Havoc","Body Slam+1","Intimidate"],"picked":"SKIP","floor":44},{"not_picked":["Armaments","Thunderclap"],"picked":"Barricade","floor":45},{"not_picked":["Shockwave","Perfected Strike+1"],"picked":"Ghostly Armor+1","floor":46},{"not_picked":["Feel No Pain+1","Reckless Charge"],"picked":"Metallicize+1","floor":48}],"player_experience":203340,"relics_obtained":[{"floor":7,"key":"Letter Opener"},{"floor":9,"key":"Mummified Hand"},{"floor":13,"key":"MawBank"},{"floor":23,"key":"Smiling Mask"},{"floor":26,"key":"Blue Candle"},{"floor":30,"key":"Whetstone"},{"floor":42,"key":"Champion Belt"},{"floor":43,"key":"Ornamental Fan"},{"floor":45,"key":"War Paint"},{"floor":48,"key":"Juzu Bracelet"}],"event_choices":[{"damage_healed":0,"gold_gain":175,"player_choice":"AGREE","damage_taken":0,"max_hp_gain":0,"max_hp_loss":0,"event_name":"Liars Game","floor":4,"gold_loss":0,"cards_obtained":["Doubt"]},{"damage_healed":0,"gold_gain":0,"player_choice":"Take Damage","damage_taken":20,"relics_obtained":["Golden Idol"],"max_hp_gain":0,"max_hp_loss":0,"event_name":"Golden Idol","floor":5,"gold_loss":0},{"cards_removed":["Doubt"],"damage_healed":0,"gold_gain":0,"player_choice":"Card Removal","damage_taken":0,"max_hp_gain":0,"max_hp_loss":0,"event_name":"The Cleric","floor":11,"gold_loss":50},{"damage_healed":0,"gold_gain":0,"player_choice":"Bought 2 Potions","damage_taken":0,"max_hp_gain":0,"max_hp_loss":0,"event_name":"The Woman in Blue","floor":19,"gold_loss":0},{"damage_healed":0,"gold_gain":100,"player_choice":"Bet on Murderer","damage_taken":0,"max_hp_gain":0,"max_hp_loss":0,"event_name":"The Joust","floor":28,"gold_loss":50}],"is_beta":false,"boss_relics":[{"not_picked":["Runic Cube","Snecko Eye"],"picked":"Velvet Choker"},{"not_picked":["Tiny House","Cursed Key"],"picked":"Sozu"}],"items_purged_floors":[25,29,38,47],"is_endless":false,"potions_floor_spawned":[2,7,13,16,30,31,33,35,37,40,48],"ascension_level":0}