{"gold_per_floor":[117,117,87,98,108,108,127,77,77,77,97,28,61,73,85,97],"floor_reached":16,"playtime":533,"items_purged":[],"score":140,"play_id":"f1a42d10-07ab-4721-ab05-b56ee0e640fd","local_time":"20180920153123","is_ascension_mode":true,"campfire_choices":[{"floor":6,"key":"DIG"},{"floor":15,"key":"REST"}],"neow_cost":"TEN_PERCENT_HP_LOSS","seed_source_timestamp":508772585415384,"circlet_count":0,"master_deck":["Strike_B","Strike_B","Strike_B","Defend_B","Defend_B","Defend_B","Zap","Dualcast","Tempest","Coolheaded","Static Discharge","Force Field","White Noise","Heatsinks","Lockon"],"relics":["Cracked Core","Shovel","NlothsMask","Vajra","MawBank"],"potions_floor_usage":[7,13],"damage_taken":[{"damage":4,"enemies":"2 Louse","floor":1,"turns":4},{"damage":1,"enemies":"Cultist","floor":4,"turns":3},{"damage":2,"enemies":"Jaw Worm","floor":5,"turns":3},{"damage":1,"enemies":"2 Fungi Beasts","floor":7,"turns":3},{"damage":13,"enemies":"3 Louse","floor":11,"turns":3},{"damage":23,"enemies":"3 Sentries","floor":13,"turns":5},{"damage":50,"enemies":"Slime Boss","floor":16,"turns":6}],"seed_played":"-3941854472322052332","potions_obtained":[{"floor":3,"key":"FocusPotion"},{"floor":3,"key":"Explosive Potion"},{"floor":5,"key":"Fire Potion"}],"is_trial":false,"path_per_floor":["M","?","?","M","M","R","M","?","T","?","M","$","E","$","R"],"character_chosen":"DEFECT","items_purchased":["Heatsinks"],"campfire_rested":1,"item_purchase_floors":[12],"current_hp_per_floor":[64,64,64,63,61,61,60,60,60,60,47,47,24,24,44,0],"gold":97,"neow_bonus":"ONE_RARE_RELIC","is_prod":false,"is_daily":false,"chose_seed":false,"campfire_upgraded":0,"win_rate":0,"timestamp":1537471883,"path_taken":["M","?","?","?","M","R","M","?","T","?","M","$","E","?","R","BOSS"],"build_version":"2018-09-06","purchased_purges":0,"victory":false,"max_hp_per_floor":[68,68,68,68,68,68,68,68,68,68,68,68,68,68,68,68],"card_choices":[{"not_picked":["Go for the Eyes","Ball Lightning"],"picked":"Tempest","floor":1},{"not_picked":["Cold Snap","Leap"],"picked":"Coolheaded","floor":4},{"not_picked":["Go for the Eyes","Beam Cell"],"picked":"Static Discharge","floor":5},{"not_picked":["Turbo","Streamline"],"picked":"Force Field","floor":7},{"not_picked":["Reboot","Barrage"],"picked":"White Noise","floor":11},{"not_picked":["Go for the Eyes","Streamline"],"picked":"Lockon","floor":13}],"player_experience":211283,"relics_obtained":[{"floor":6,"key":"Vajra"},{"floor":13,"key":"MawBank"}],"event_choices":[{"event_name":"FaceTrader","player_choice":"Trade","floor":2,"damage_taken":0},{"event_name":"The Woman in Blue","player_choice":"Bought 2 Potions","floor":3,"damage_taken":0},{"event_name":"The Cleric","player_choice":"Card Removal","floor":8,"damage_taken":0},{"event_name":"Purifier","player_choice":"One Purge","floor":10,"damage_taken":0}],"is_beta":false,"boss_relics":[],"items_purged_floors":[],"is_endless":false,"potions_floor_spawned":[5],"killed_by":"Slime Boss","ascension_level":8}