{"gold_per_floor":[110,110,110,110,128,169,169,200,227,263,5,41,41,64,64,184,184,204,219,219,240,264,302,302,302],"floor_reached":25,"playtime":2785,"items_purged":["Regret"],"score":261,"play_id":"769c4288-4d61-4182-862e-ef9b39914257","local_time":"20181014002229","is_ascension_mode":true,"campfire_choices":[{"data":"Terror","floor":7,"key":"SMITH"},{"floor":15,"key":"REST"},{"data":"Burst","floor":24,"key":"SMITH"}],"neow_cost":"NONE","seed_source_timestamp":246483808070509,"circlet_count":0,"master_deck":["Defend_G","Defend_G","Defend_G","Defend_G","Defend_G","Strike_G","Strike_G","Strike_G","Strike_G","Strike_G","Survivor","Neutralize","Blade Dance","Terror+1","Bullet Time","PiercingWail","Escape Plan","Accuracy","Sucker Punch","Masterful Stab","Heel Hook+1","Parasite","Sucker Punch+1","Burst+1","PiercingWail+1","Backflip+1","J.A.X.","Blade Dance+1","Masterful Stab+1","Underhanded Strike+1"],"relics":["White Beast Statue","Vajra","Golden Idol","Bag of Preparation","Ninja Scroll","Ancient Tea Set","Thread and Needle","Molten Egg 2","HoveringKite","Darkstone Periapt"],"potions_floor_usage":[6,10,10,12,12,16,16,18,21,22,23,25],"damage_taken":[{"damage":2,"enemies":"2 Louse","floor":1,"turns":3},{"damage":11,"enemies":"Jaw Worm","floor":5,"turns":5},{"damage":8,"enemies":"Lagavulin","floor":6,"turns":8},{"damage":40,"enemies":"3 Sentries","floor":8,"turns":13},{"damage":2,"enemies":"Lagavulin","floor":10,"turns":5},{"damage":2,"enemies":"3 Sentries","floor":12,"turns":7},{"damage":0,"enemies":"Small Slimes","floor":14,"turns":1},{"damage":33,"enemies":"The Guardian","floor":16,"turns":14},{"damage":0,"enemies":"3 Byrds","floor":18,"turns":8},{"damage":0,"enemies":"Chosen","floor":19,"turns":5},{"damage":3,"enemies":"Snecko","floor":21,"turns":6},{"damage":6,"enemies":"Cultist and Chosen","floor":22,"turns":4},{"damage":45,"enemies":"Slavers","floor":23,"turns":9},{"damage":19,"enemies":"Book of Stabbing","floor":25,"turns":3}],"seed_played":"8710910640840274378","potions_obtained":[{"floor":1,"key":"GhostInAJar"},{"floor":4,"key":"FairyPotion"},{"floor":4,"key":"SpeedPotion"},{"floor":6,"key":"Dexterity Potion"},{"floor":8,"key":"Dexterity Potion"},{"floor":10,"key":"Dexterity Potion"},{"floor":12,"key":"PowerPotion"},{"floor":14,"key":"Energy Potion"},{"floor":16,"key":"Poison Potion"},{"floor":18,"key":"SkillPotion"},{"floor":19,"key":"Dexterity Potion"},{"floor":21,"key":"Dexterity Potion"},{"floor":22,"key":"PowerPotion"},{"floor":23,"key":"Fire Potion"}],"is_trial":false,"path_per_floor":["M","?","?","?","M","E","R","E","T","E","$","E","?","M","R","B",null,"M","M","?","M","M","E","R"],"character_chosen":"THE_SILENT","items_purchased":["Accuracy","Sucker Punch","Masterful Stab"],"campfire_rested":1,"item_purchase_floors":[11,11,11],"current_hp_per_floor":[68,68,51,51,40,32,32,7,7,5,5,3,20,20,41,8,70,70,70,70,67,61,16,16,0],"gold":302,"neow_bonus":"BOSS_RELIC","is_prod":false,"is_daily":false,"chose_seed":false,"campfire_upgraded":2,"win_rate":0,"timestamp":1539501749,"path_taken":["M","?","?","?","M","E","R","E","T","E","$","E","?","M","R","BOSS","M","M","?","M","M","E","R","E"],"build_version":"2018-10-11","purchased_purges":1,"victory":false,"max_hp_per_floor":[70,70,70,70,70,70,70,70,70,70,70,70,70,70,70,70,70,70,70,70,70,70,70,70,70],"card_choices":[{"not_picked":["Underhanded Strike","Prepared"],"picked":"Blade Dance","floor":1},{"not_picked":["Cloak And Dagger","Prepared"],"picked":"Terror","floor":5},{"not_picked":["Slice","Deadly Poison"],"picked":"Bullet Time","floor":6},{"not_picked":["Concentrate","Deadly Poison"],"picked":"PiercingWail","floor":8},{"not_picked":["Dodge and Roll","Deadly Poison"],"picked":"Escape Plan","floor":10},{"not_picked":["Dodge and Roll","Eviscerate"],"picked":"Heel Hook","floor":12},{"not_picked":["Catalyst","Leg Sweep"],"picked":"Sucker Punch+1","floor":14},{"not_picked":["Doppelganger","Die Die Die+1"],"picked":"Burst","floor":16},{"not_picked":["Blade Dance","Backflip"],"picked":"PiercingWail+1","floor":18},{"not_picked":["Prepared","All Out Attack+1"],"picked":"Backflip+1","floor":19},{"not_picked":["Dagger Throw+1","Riddle With Holes+1"],"picked":"Blade Dance+1","floor":21},{"not_picked":["Dagger Spray+1","Escape Plan"],"picked":"Masterful Stab+1","floor":22},{"not_picked":["Bane+1","Quick Slash+1"],"picked":"Underhanded Strike+1","floor":23}],"player_experience":249389,"relics_obtained":[{"floor":6,"key":"Bag of Preparation"},{"floor":8,"key":"Ninja Scroll"},{"floor":9,"key":"Ancient Tea Set"},{"floor":10,"key":"Thread and Needle"},{"floor":12,"key":"Molten Egg 2"},{"floor":23,"key":"Darkstone Periapt"}],"event_choices":[{"event_name":"Big Fish","player_choice":"Box","floor":2,"damage_taken":0},{"event_name":"Golden Idol","player_choice":"Take Damage","floor":3,"damage_taken":0},{"event_name":"The Lab","player_choice":"Got Potions","floor":4,"damage_taken":0},{"event_name":"Mushrooms","player_choice":"Healed and dodged fight","floor":13,"damage_taken":0},{"event_name":"Drug Dealer","player_choice":"Got JAX","floor":20,"damage_taken":0}],"is_beta":false,"boss_relics":[{"not_picked":["Coffee Dripper","Runic Pyramid"],"picked":"HoveringKite"}],"items_purged_floors":[11],"is_endless":false,"potions_floor_spawned":[1,5,6,8,10,12,14,16,18,19,21,22,23],"killed_by":"Book of Stabbing","ascension_level":1}