{"gold_per_floor":[116,116,133,151,162,192,192,217,217,58,58,58,3,34,34,109,109,121,121,137,149,169,169,169,169,248,248,147,62,62,7,7,80,80,92,0,0,0],"floor_reached":38,"playtime":1465,"items_purged":["Strike_G"],"score":776,"play_id":"fe4b2d17-4316-419b-befd-bb74597e9b18","local_time":"20181018163436","is_ascension_mode":true,"campfire_choices":[{"data":"Bouncing Flask","floor":7.0,"key":"SMITH"},{"data":"Noxious Fumes","floor":11.0,"key":"SMITH"},{"data":"Calculated Gamble","floor":15.0,"key":"SMITH"},{"floor":23.0,"key":"REST"},{"data":"Footwork","floor":24.0,"key":"SMITH"},{"data":"Neutralize","floor":25.0,"key":"SMITH"},{"floor":30.0,"key":"REST"},{"data":"Blur","floor":32.0,"key":"SMITH"}],"neow_cost":"PERCENT_DAMAGE","seed_source_timestamp":134159051447634,"circlet_count":0,"master_deck":["Survivor","Neutralize+1","AscendersBane","Footwork+1","Sucker Punch","Bouncing Flask+1","All Out Attack","Flying Knee","Deadly Poison","Noxious Fumes+1","Parasite","Calculated Gamble+1","Dodge and Roll","Infinite Blades","Dagger Spray","Dodge and Roll","Dagger Spray","Blur+1","Outmaneuver","Deadly Poison","Poisoned Stab","Deflect","Acrobatics","Decay","Prepared+1"],"special_seed":0,"relics":["Ring of the Snake","StoneCalendar","WingedGreaves","Nunchaku","Girya","Pandora\u0027s Box","Nloth\u0027s Gift","Frozen Egg 2","Blue Candle","Blood Vial","Orrery","Red Mask","Tingsha"],"potions_floor_usage":[37,38],"damage_taken":[{"damage":0.0,"enemies":"Small Slimes","floor":1.0,"turns":5.0},{"damage":1.0,"enemies":"Jaw Worm","floor":3.0,"turns":7.0},{"damage":1.0,"enemies":"Cultist","floor":4.0,"turns":4.0},{"damage":7.0,"enemies":"Exordium Wildlife","floor":5.0,"turns":4.0},{"damage":11.0,"enemies":"Lagavulin","floor":6.0,"turns":7.0},{"damage":14.0,"enemies":"3 Sentries","floor":8.0,"turns":7.0},{"damage":20.0,"enemies":"Lagavulin","floor":14.0,"turns":6.0},{"damage":13.0,"enemies":"Hexaghost","floor":16.0,"turns":7.0},{"damage":18.0,"enemies":"Spheric Guardian","floor":18.0,"turns":5.0},{"damage":17.0,"enemies":"Shell Parasite","floor":20.0,"turns":5.0},{"damage":10.0,"enemies":"Centurion and Healer","floor":21.0,"turns":7.0},{"damage":15.0,"enemies":"Snake Plant","floor":22.0,"turns":6.0},{"damage":42.0,"enemies":"Collector","floor":33.0,"turns":8.0},{"damage":26.0,"enemies":"Orb Walker","floor":35.0,"turns":5.0},{"damage":27,"enemies":"Mind Bloom Boss Battle","floor":37,"turns":7},{"damage":13,"enemies":"3 Darklings","floor":38,"turns":2}],"seed_played":"-3195827302312167349","potions_obtained":[{"floor":1.0,"key":"Ancient Potion"},{"floor":4.0,"key":"GamblersBrew"},{"floor":14.0,"key":"SkillPotion"},{"floor":20.0,"key":"Strength Potion"},{"floor":33.0,"key":"GamblersBrew"},{"floor":37,"key":"SpeedPotion"}],"is_trial":false,"path_per_floor":["M","?","M","M","M","E","R","E","T","$","R","?","$","E","R","B",null,"M","?","M","M","M","R","R","R","T","?","?","?","R","$","R","B",null,"M","?","?"],"character_chosen":"THE_SILENT","items_purchased":["Noxious Fumes","Poison Potion","Block Potion"],"campfire_rested":2,"item_purchase_floors":[10,13,31],"current_hp_per_floor":[44,66,65,64,57,53,53,39,39,39,39,57,57,37,37,24,61,43,43,26,16,1,22,22,22,22,22,22,22,43,43,43,3,56,32,32,7,0],"gold":0,"neow_bonus":"ONE_RARE_RELIC","is_prod":false,"is_daily":false,"chose_seed":false,"campfire_upgraded":6,"win_rate":0,"timestamp":1539848076,"path_taken":["M","?","M","?","M","E","R","E","T","$","R","?","?","E","R","BOSS","M","?","?","M","M","R","R","R","T","?","?","?","R","?","R","BOSS","M","?","?","M"],"build_version":"2018-10-11","purchased_purges":1,"victory":false,"max_hp_per_floor":[66,66,66,66,66,73,73,73,73,73,73,73,73,73,73,73,73,73,73,73,73,73,73,73,73,73,73,73,73,73,73,73,73,73,73,73,73,73],"card_choices":[{"not_picked":["Leg Sweep","Poisoned Stab"],"picked":"Footwork","floor":1.0},{"not_picked":["Heel Hook","Bane"],"picked":"Sucker Punch","floor":3.0},{"not_picked":["Dagger Spray","Prepared"],"picked":"Bouncing Flask","floor":4.0},{"not_picked":["Acrobatics","Outmaneuver"],"picked":"All Out Attack","floor":5.0},{"not_picked":["Sucker Punch","Accuracy"],"picked":"Flying Knee","floor":6.0},{"not_picked":["Sucker Punch","Prepared"],"picked":"Deadly Poison","floor":8.0},{"not_picked":["Deadly Poison","Concentrate"],"picked":"Calculated Gamble","floor":14.0},{"not_picked":["Choke","Quick Slash"],"picked":"Deflect","floor":18.0},{"not_picked":["Masterful Stab","Distraction","Expertise"],"picked":"SKIP","floor":20.0},{"not_picked":["Choke","Sucker Punch","Predator"],"picked":"SKIP","floor":21.0},{"not_picked":["Predator","Slice"],"picked":"Acrobatics","floor":22.0},{"not_picked":["Reflex","PiercingWail"],"picked":"Prepared+1","floor":34.0},{"not_picked":["Calculated Gamble","Acrobatics","Flying Knee"],"picked":"SKIP","floor":35.0}],"player_experience":705765,"relics_obtained":[{"floor":6.0,"key":"Strawberry"},{"floor":8.0,"key":"WingedGreaves"},{"floor":9.0,"key":"Nunchaku"},{"floor":14.0,"key":"Girya"},{"floor":26.0,"key":"Frozen Egg 2"},{"floor":37,"key":"Tingsha"}],"event_choices":[{"event_name":"Big Fish","player_choice":"Banana","floor":2.0,"damage_taken":0.0},{"event_name":"Mushrooms","player_choice":"Healed and dodged fight","floor":12.0,"damage_taken":0.0},{"event_name":"N\u0027loth","player_choice":"Traded a Strawberry","floor":19.0,"damage_taken":0.0},{"event_name":"Wheel of Change","player_choice":"Curse","floor":27.0,"damage_taken":0.0},{"event_name":"WeMeetAgain","player_choice":"Gold","floor":28.0,"damage_taken":0.0},{"event_name":"Addict","player_choice":"Obtained Relic","floor":29.0,"damage_taken":0.0},{"event_name":"Tomb of Lord Red Mask","player_choice":"Paid","floor":36.0,"damage_taken":0.0},{"event_name":"MindBloom","player_choice":"Fight","floor":37,"damage_taken":0}],"is_beta":false,"boss_relics":[{"not_picked":["HoveringKite","Philosopher\u0027s Stone"],"picked":"Pandora\u0027s Box"},{"not_picked":["Ring of the Serpent","Snecko Eye"],"picked":"Orrery"}],"items_purged_floors":[10],"is_endless":false,"potions_floor_spawned":[1,4,5,14,20,33,37],"killed_by":"3 Darklings","ascension_level":20}