{"gold_per_floor":[116,7,31,7,22,56,56,81,108,108,143,218,19,32,32,137,137,156,156,56,56,18,18,53,63,63,92,103,103,40,71,71,71],"floor_reached":33,"playtime":3735,"items_purged":["Strike_B","Defend_B","Strike_B"],"score":507,"play_id":"45e1b694-7962-41d8-b874-0d090433c408","local_time":"20181212142441","is_ascension_mode":true,"campfire_choices":[{"data":"Zap","floor":7.0,"key":"SMITH"},{"floor":10.0,"key":"REST"},{"data":"Dualcast","floor":15.0,"key":"SMITH"},{"floor":23,"key":"RECALL"},{"floor":32,"key":"REST"}],"neow_cost":"NONE","seed_source_timestamp":0,"circlet_count":0,"master_deck":["AscendersBane","Strike_B","Strike_B","Defend_B","Defend_B","Defend_B","Zap+1","Dualcast+1","Rainbow","Skim","FTL","Go for the Eyes","Sweeping Beam","Seek","Rebound","Genetic Algorithm","Reinforced Body","Buffer","Tempest","Coolheaded","Turbo","Zap+1","Self Repair","Self Repair","BootSequence","Fission"],"special_seed":0,"relics":["Cracked Core","PreservedInsect","Strawberry","Pantograph","Omamori","Membership Card","Nuclear Battery","Bag of Preparation","Question Card","Regal Pillow","Art of War"],"potions_floor_usage":[28,31],"damage_taken":[{"damage":0.0,"enemies":"Cultist","floor":1.0,"turns":3.0},{"damage":7.0,"enemies":"Small Slimes","floor":5.0,"turns":4.0},{"damage":24.0,"enemies":"Gremlin Nob","floor":6.0,"turns":4.0},{"damage":18.0,"enemies":"Lagavulin","floor":8.0,"turns":5.0},{"damage":10.0,"enemies":"3 Sentries","floor":11.0,"turns":4.0},{"damage":10.0,"enemies":"Jaw Worm","floor":14.0,"turns":2.0},{"damage":33.0,"enemies":"The Guardian","floor":16.0,"turns":11.0},{"damage":17,"enemies":"2 Thieves","floor":18,"turns":5},{"damage":22,"enemies":"Book of Stabbing","floor":24,"turns":4},{"damage":1,"enemies":"3 Byrds","floor":25,"turns":4},{"damage":24,"enemies":"Slavers","floor":27,"turns":4},{"damage":12,"enemies":"Snake Plant","floor":28,"turns":5},{"damage":8,"enemies":"Book of Stabbing","floor":31,"turns":5},{"damage":103,"enemies":"Automaton","floor":33,"turns":12}],"seed_played":"-8047113754788674423","potions_obtained":[{"floor":1.0,"key":"SpeedPotion"},{"floor":11.0,"key":"SpeedPotion"},{"floor":27,"key":"Block Potion"}],"is_trial":false,"path_per_floor":["M","$","T","$","M","E","R","E","T","R","E","?","$","M","R","B",null,"M","?","$","?","$","R","E","M","T","E","M","?","$","E","R","B"],"character_chosen":"DEFECT","items_purchased":["FTL","Go for the Eyes","Membership Card","Coolheaded","Turbo","Self Repair"],"campfire_rested":2,"item_purchase_floors":[2,4,13,20,20,22],"current_hp_per_floor":[68,68,68,68,61,44,44,26,26,50,40,29,29,19,19,11,64,47,47,47,47,47,47,32,38,38,21,23,23,23,22,61,0],"gold":71,"neow_bonus":"ONE_RANDOM_RARE_CARD","is_prod":false,"is_daily":false,"chose_seed":false,"campfire_upgraded":2,"win_rate":0,"timestamp":1544621081,"path_taken":["M","$","?","?","M","E","R","E","T","R","E","?","$","M","R","BOSS","M","?","$","?","$","R","E","?","T","E","M","?","$","E","R","BOSS"],"build_version":"2018-12-11","purchased_purges":3,"victory":false,"max_hp_per_floor":[75,75,75,75,75,82,82,82,82,82,82,82,82,82,82,82,82,82,82,82,82,82,82,82,82,82,82,82,82,82,82,82,82],"card_choices":[{"not_picked":["Reprogram","Leap"],"picked":"Skim","floor":1.0},{"not_picked":["Steam","Fusion"],"picked":"Sweeping Beam","floor":5.0},{"not_picked":["Gash","Compile Driver"],"picked":"Seek","floor":6.0},{"not_picked":["Reprogram","Storm"],"picked":"Rebound","floor":8.0},{"not_picked":["Gash","Hello World"],"picked":"Genetic Algorithm","floor":11.0},{"not_picked":["Redo","Rebound"],"picked":"Reinforced Body","floor":14.0},{"not_picked":["Hyperbeam","Rainbow"],"picked":"Buffer","floor":16.0},{"not_picked":["Turbo","Melter"],"picked":"Tempest","floor":18},{"not_picked":["Gash","Redo","Static Discharge"],"picked":"SKIP","floor":24},{"not_picked":["Go for the Eyes","Rip and Tear"],"picked":"Self Repair","floor":25},{"not_picked":["Streamline+1","Conserve Battery","Buffer"],"picked":"BootSequence","floor":27},{"not_picked":["Stack","Melter","Leap","Blizzard"],"picked":"SKIP","floor":28},{"not_picked":["Rebound","Compile Driver","Force Field"],"picked":"Fission","floor":31}],"player_experience":591751,"relics_obtained":[{"floor":3.0,"key":"PreservedInsect"},{"floor":6.0,"key":"Strawberry"},{"floor":8.0,"key":"Pantograph"},{"floor":11.0,"key":"Omamori"},{"floor":24,"key":"Bag of Preparation"},{"floor":26,"key":"Question Card"},{"floor":27,"key":"Regal Pillow"},{"floor":31,"key":"Art of War"}],"event_choices":[{"damage_healed":0.0,"max_hp_gain":0.0,"max_hp_loss":0.0,"gold_gain":75.0,"event_name":"World of Goop","player_choice":"Gather Gold","floor":12.0,"gold_loss":0.0,"damage_taken":11.0},{"damage_healed":0,"gold_gain":0,"player_choice":"Ignored","damage_taken":0,"max_hp_gain":0,"max_hp_loss":0,"event_name":"Ghosts","floor":19,"gold_loss":0},{"damage_healed":0,"gold_gain":0,"player_choice":"Copied","damage_taken":0,"max_hp_gain":0,"max_hp_loss":0,"event_name":"Duplicator","floor":21,"gold_loss":0,"cards_obtained":["Zap"]}],"is_beta":true,"boss_relics":[{"not_picked":["Calling Bell","Astrolabe"],"picked":"Nuclear Battery"}],"items_purged_floors":[2,20,30],"is_endless":false,"potions_floor_spawned":[1,11,27],"killed_by":"Automaton","ascension_level":12}