{"gold_per_floor":[214,214,89,101,101,130,141,152,152,152,7,22,32,44,44,141,141,158,158,33,50,68,68,83,112,112,112,125,125,224,235,235,340,340,358,458,473,119,119,148,148,161,161,161,174,174,189,208,208,208],"floor_reached":51,"playtime":2837,"items_purged":["Strike_B","Defend_B","Strike_B","Defend_B"],"score":811,"play_id":"0b34d015-5150-4e11-a748-252b25be50dc","local_time":"20181117224659","is_ascension_mode":true,"campfire_choices":[{"data":"Hologram","floor":10,"key":"SMITH"},{"data":"Streamline","floor":15,"key":"SMITH"},{"data":"Hologram","floor":23,"key":"SMITH"},{"floor":27,"key":"REST"},{"data":"Coolheaded","floor":29,"key":"SMITH"},{"floor":32,"key":"REST"},{"data":"Dualcast","floor":41,"key":"SMITH"},{"data":"Conserve Battery","floor":44,"key":"SMITH"},{"floor":49,"key":"REST"}],"neow_cost":"NONE","seed_source_timestamp":217191701593313,"circlet_count":0,"master_deck":["Strike_B+1","Defend_B+1","Defend_B+1","Zap+1","Dualcast+1","Hologram+1","Streamline+1","Gash","Conserve Battery+1","Coolheaded+1","Rebound","Hologram+1","Gash","Coolheaded+1","Conserve Battery","Beam Cell+1"],"relics":["FrozenCore","Singing Bowl","Ginger","Sozu","FossilizedHelix","Lantern","Nunchaku","War Paint","Strawberry","Bottled Lightning"],"potions_floor_usage":[24,50,50],"damage_taken":[{"damage":0,"enemies":"Small Slimes","floor":1,"turns":3},{"damage":0,"enemies":"2 Louse","floor":4,"turns":2},{"damage":13,"enemies":"Gremlin Nob","floor":6,"turns":3},{"damage":0,"enemies":"Cultist","floor":7,"turns":3},{"damage":0,"enemies":"Large Slime","floor":8,"turns":4},{"damage":5,"enemies":"Looter","floor":12,"turns":3},{"damage":9,"enemies":"2 Fungi Beasts","floor":13,"turns":2},{"damage":7,"enemies":"Blue Slaver","floor":14,"turns":2},{"damage":18,"enemies":"The Guardian","floor":16,"turns":10},{"damage":0,"enemies":"Chosen","floor":18,"turns":4},{"damage":4,"enemies":"3 Byrds","floor":21,"turns":5},{"damage":16,"enemies":"Shelled Parasite and Fungi","floor":22,"turns":5},{"damage":2,"enemies":"Snecko","floor":24,"turns":5},{"damage":43,"enemies":"Book of Stabbing","floor":25,"turns":5},{"damage":0,"enemies":"Chosen and Byrds","floor":28,"turns":3},{"damage":7,"enemies":"Centurion and Healer","floor":31,"turns":5},{"damage":45,"enemies":"Automaton","floor":33,"turns":10},{"damage":0,"enemies":"Orb Walker","floor":35,"turns":4},{"damage":0,"enemies":"Mind Bloom Boss Battle","floor":36,"turns":5},{"damage":8,"enemies":"3 Darklings","floor":37,"turns":6},{"damage":20,"enemies":"Giant Head","floor":40,"turns":9},{"damage":0,"enemies":"Transient","floor":42,"turns":5},{"damage":0,"enemies":"Jaw Worm Horde","floor":45,"turns":4},{"damage":0,"enemies":"Maw","floor":47,"turns":7},{"damage":0,"enemies":"Transient","floor":48,"turns":5},{"damage":14,"enemies":"Awakened One","floor":50,"turns":12}],"seed_played":"2857984878196857588","potions_obtained":[{"floor":1,"key":"SteroidPotion"},{"floor":8,"key":"Block Potion"},{"floor":14,"key":"Explosive Potion"}],"is_trial":false,"path_per_floor":["M","?","$","M","?","E","M","M","T","R","$","M","M","M","R","B",null,"M","?","$","M","M","R","M","E","T","R","M","R","?","M","R","B",null,"M","?","M","$","?","E","R","M","T","R","M","$","M","M","R","B",null],"character_chosen":"DEFECT","items_purchased":["Streamline","Coolheaded","Conserve Battery","War Paint"],"campfire_rested":3,"item_purchase_floors":[3,11,38,38],"current_hp_per_floor":[75,60,60,60,60,47,49,49,49,49,49,44,37,32,32,16,83,83,83,83,81,67,67,67,24,24,50,52,52,52,47,74,31,95,95,97,91,91,91,78,78,80,80,80,82,82,84,86,109,95],"gold":208,"neow_bonus":"HUNDRED_GOLD","is_prod":false,"is_daily":false,"chose_seed":false,"campfire_upgraded":6,"win_rate":0,"timestamp":1542512819,"path_taken":["M","?","$","M","?","E","M","M","T","R","$","?","M","M","R","BOSS","M","?","$","M","M","R","M","E","T","R","M","R","?","M","R","BOSS","M","?","M","$","?","E","R","M","T","R","M","?","M","M","R","BOSS"],"build_version":"2018-11-15","purchased_purges":4,"victory":true,"max_hp_per_floor":[75,75,75,75,75,75,77,77,77,77,77,77,79,81,81,83,83,83,83,83,85,87,87,89,89,89,89,91,91,91,93,93,95,95,95,97,99,99,94,101,101,103,103,103,105,105,107,109,109,109],"card_choices":[{"not_picked":["White Noise","Consume"],"picked":"Hologram","floor":1},{"not_picked":["Cold Snap","Reinforced Body","White Noise"],"picked":"SKIP","floor":4},{"not_picked":["Heatsinks","Reprogram"],"picked":"Gash","floor":6},{"not_picked":["Go for the Eyes","Sweeping Beam","Hello World"],"picked":"Singing Bowl","floor":7},{"not_picked":["Steam Power","Sunder"],"picked":"Conserve Battery","floor":8},{"not_picked":["Ball Lightning","Sweeping Beam"],"picked":"Rebound","floor":12},{"not_picked":["Biased Cognition","Steam","Ball Lightning"],"picked":"Singing Bowl","floor":13},{"not_picked":["Static Discharge","Ball Lightning","Darkness"],"picked":"Singing Bowl","floor":14},{"not_picked":["Amplify","Electrodynamics","Meteor Strike"],"picked":"Singing Bowl","floor":16},{"not_picked":["Beam Cell","Streamline"],"picked":"Hologram","floor":18},{"not_picked":["Loop+1","Blizzard","Ball Lightning"],"picked":"Singing Bowl","floor":21},{"not_picked":["Sunder","Chill","Stack+1"],"picked":"Singing Bowl","floor":22},{"not_picked":["Rebound","Coolheaded","Conserve Battery"],"picked":"Singing Bowl","floor":24},{"not_picked":["Darkness+1","Steam Power"],"picked":"Gash","floor":25},{"not_picked":["Steam","Double Energy","Recycle+1"],"picked":"Singing Bowl","floor":28},{"not_picked":["Undo","Thunder Strike","Storm"],"picked":"Singing Bowl","floor":31},{"not_picked":["Biased Cognition","Buffer","Hyperbeam"],"picked":"Singing Bowl","floor":33},{"not_picked":["Tempest+1","Darkness"],"picked":"Coolheaded+1","floor":35},{"not_picked":["Rebound","Reinforced Body","White Noise"],"picked":"Singing Bowl","floor":36},{"not_picked":["Static Discharge","Barrage","Recycle+1"],"picked":"Singing Bowl","floor":37},{"not_picked":["Ball Lightning+1","Streamline"],"picked":"Beam Cell+1","floor":40},{"not_picked":["Hologram","Gash","Capacitor"],"picked":"Singing Bowl","floor":42},{"not_picked":["Skim","Storm+1","Double Energy+1"],"picked":"Singing Bowl","floor":45},{"not_picked":["Lockon+1","Self Repair+1","FTL+1"],"picked":"Singing Bowl","floor":47},{"not_picked":["Go for the Eyes+1","Rebound+1","Chaos+1"],"picked":"Singing Bowl","floor":48}],"player_experience":395270,"relics_obtained":[{"floor":6,"key":"Singing Bowl"},{"floor":9,"key":"Ginger"},{"floor":25,"key":"FossilizedHelix"},{"floor":26,"key":"Lantern"},{"floor":36,"key":"Nunchaku"},{"floor":40,"key":"Strawberry"},{"floor":43,"key":"Bottled Lightning"}],"event_choices":[{"damage_healed":0,"gold_gain":0,"player_choice":"Entered Light","damage_taken":15,"max_hp_gain":0,"max_hp_loss":0,"event_name":"Shining Light","floor":2,"gold_loss":0,"cards_upgraded":["Strike_B","Zap"]},{"cards_removed":["Strike_B"],"damage_healed":0,"gold_gain":0,"player_choice":"Offered Basic","damage_taken":0,"max_hp_gain":0,"max_hp_loss":0,"event_name":"Bonfire Elementals","floor":5,"gold_loss":0},{"damage_healed":0,"gold_gain":0,"player_choice":"Ignored","damage_taken":0,"max_hp_gain":0,"max_hp_loss":0,"event_name":"Vampires","floor":19,"gold_loss":0},{"damage_healed":0,"gold_gain":99,"player_choice":"Stole From Cult","damage_taken":0,"max_hp_gain":0,"max_hp_loss":0,"event_name":"Nest","floor":30,"gold_loss":0},{"damage_healed":0,"gold_gain":0,"player_choice":"Fight","damage_taken":0,"max_hp_gain":0,"max_hp_loss":0,"event_name":"MindBloom","floor":36,"gold_loss":0},{"damage_healed":0,"gold_gain":0,"player_choice":"Max HP","damage_taken":0,"max_hp_gain":0,"max_hp_loss":5,"event_name":"Winding Halls","floor":39,"gold_loss":0}],"is_beta":true,"boss_relics":[{"not_picked":["Coffee Dripper","Orrery"],"picked":"Sozu"},{"not_picked":["Velvet Choker","Runic Dome"],"picked":"FrozenCore"}],"items_purged_floors":[3,11,20,38],"is_endless":false,"potions_floor_spawned":[1,8,14,22,28,31,33,37,45,48],"ascension_level":1}