{"gold_per_floor":[114,114,39,59,59,99,114,114,165,177,213,225,253,286,298,310],"floor_reached":16,"playtime":281,"items_purged":["Strike_G"],"score":127,"play_id":"8dd03a4b-2aaf-4356-ad11-636757abe835","local_time":"20180928154245","is_ascension_mode":false,"campfire_choices":[{"data":"Flechettes","floor":10.0,"key":"SMITH"},{"data":"Acrobatics","floor":12.0,"key":"SMITH"},{"data":"Flechettes","floor":15.0,"key":"SMITH"}],"neow_cost":"NONE","seed_source_timestamp":45702956192720,"circlet_count":0,"master_deck":["Defend_G","Defend_G","Defend_G","Defend_G","Defend_G","Strike_G","Strike_G","Strike_G","Survivor","Neutralize","Slice","Acrobatics+1","Flechettes+1","Dagger Throw","Escape Plan","Flechettes+1"],"special_seed":0,"relics":["Ring of the Snake","NeowsBlessing","Golden Idol","Omamori","MawBank"],"potions_floor_usage":[16,16],"damage_taken":[{"damage":0.0,"enemies":"Jaw Worm","floor":1.0,"turns":1.0},{"damage":0.0,"enemies":"Small Slimes","floor":4.0,"turns":1.0},{"damage":0.0,"enemies":"Lagavulin","floor":6.0,"turns":1.0},{"damage":0.0,"enemies":"Cultist","floor":7.0,"turns":3.0},{"damage":2.0,"enemies":"Blue Slaver","floor":11.0,"turns":3.0},{"damage":0.0,"enemies":"Looter","floor":13.0,"turns":1.0},{"damage":0.0,"enemies":"Exordium Wildlife","floor":14.0,"turns":2.0},{"damage":43,"enemies":"Slime Boss","floor":16,"turns":8}],"seed_played":"3627583535601255627","potions_obtained":[{"floor":6.0,"key":"AttackPotion"},{"floor":7.0,"key":"AttackPotion"},{"floor":11.0,"key":"Ancient Potion"}],"is_trial":false,"path_per_floor":["M","?","$","M","?","E","M","?","T","R","M","R","M","M","R"],"character_chosen":"THE_SILENT","items_purchased":[],"campfire_rested":0,"item_purchase_floors":[],"current_hp_per_floor":[70,75,75,75,57,57,57,57,57,57,55,55,55,55,55,12],"gold":310,"neow_bonus":"THREE_ENEMY_KILL","is_prod":false,"is_daily":false,"chose_seed":false,"campfire_upgraded":3,"win_rate":0,"timestamp":1538116965,"path_taken":["M","?","$","M","?","E","M","?","T","R","M","R","M","M","R","BOSS"],"build_version":"2018-09-27","purchased_purges":1,"victory":false,"max_hp_per_floor":[70,75,75,75,75,75,75,75,75,75,75,75,75,75,75,75],"card_choices":[{"not_picked":["Sucker Punch","Deadly Poison"],"picked":"Slice","floor":1.0},{"not_picked":["Setup","Outmaneuver"],"picked":"Acrobatics","floor":4.0},{"not_picked":["Deflect","Bane"],"picked":"Flechettes","floor":6.0},{"not_picked":["Bane","Endless Agony"],"picked":"Dagger Throw","floor":7.0},{"not_picked":["Terror","Finisher"],"picked":"Escape Plan","floor":11.0},{"not_picked":["Dagger Throw","Predator"],"picked":"Flechettes","floor":13.0},{"not_picked":["Poisoned Stab","Cloak And Dagger","Riddle With Holes"],"picked":"SKIP","floor":14.0}],"player_experience":684420,"relics_obtained":[{"floor":6.0,"key":"Omamori"},{"floor":9.0,"key":"MawBank"}],"event_choices":[{"event_name":"Big Fish","player_choice":"Donut","floor":2.0,"damage_taken":0.0},{"event_name":"Golden Idol","player_choice":"Take Damage","floor":5.0,"damage_taken":0.0},{"event_name":"Living Wall","player_choice":"Forget","floor":8.0,"damage_taken":0.0}],"is_beta":false,"boss_relics":[],"items_purged_floors":[3],"is_endless":false,"potions_floor_spawned":[6,7,11],"killed_by":"Slime Boss","ascension_level":0}