{"gold_per_floor":[111,111,131,149,149,149,187,187,187,201,226,63,106,121,121,251,251,270,93,93,107,132,132,132],"floor_reached":24,"playtime":812,"items_purged":["Strike_B","Strike_B"],"score":312,"play_id":"d5c46b94-d98a-4c3a-9453-5b8118f08a74","local_time":"20180921175147","is_ascension_mode":true,"campfire_choices":[{"data":"Zap","floor":6,"key":"SMITH"},{"data":"Multi-Cast","floor":8,"key":"SMITH"},{"floor":15,"key":"REST"},{"floor":23,"key":"REST"}],"neow_cost":"NONE","seed_source_timestamp":603326211637743,"circlet_count":0,"master_deck":["Strike_B","Strike_B","Defend_B","Defend_B","Defend_B","Defend_B","Zap+1","Dualcast","AscendersBane","BootSequence","Ball Lightning","Heatsinks","Multi-Cast+1","Redo","Bandage Up","Darkness","Hologram","Multi-Cast","Capacitor","Hologram","Impatience","Force Field","Core Surge","Loop"],"relics":["Cracked Core","NeowsBlessing","Golden Idol","Symbiotic Virus","Cables","Sundial","The Courier","Velvet Choker"],"potions_floor_usage":[13,16],"damage_taken":[{"damage":0,"enemies":"Jaw Worm","floor":1,"turns":1},{"damage":0,"enemies":"2 Louse","floor":3,"turns":1},{"damage":0,"enemies":"Small Slimes","floor":4,"turns":1},{"damage":10,"enemies":"Lagavulin","floor":7,"turns":6},{"damage":5,"enemies":"Gremlin Gang","floor":10,"turns":2},{"damage":0,"enemies":"3 Louse","floor":11,"turns":3},{"damage":14,"enemies":"Gremlin Nob","floor":13,"turns":3},{"damage":0,"enemies":"Looter","floor":14,"turns":2},{"damage":13,"enemies":"The Guardian","floor":16,"turns":8},{"damage":36,"enemies":"3 Byrds","floor":18,"turns":4},{"damage":0,"enemies":"Spheric Guardian","floor":21,"turns":2},{"damage":20,"enemies":"Chosen and Byrds","floor":22,"turns":6},{"damage":45,"enemies":"Gremlin Leader","floor":24,"turns":3}],"seed_played":"-2589385867694796348","potions_obtained":[{"floor":3,"key":"Weak Potion"},{"floor":11,"key":"EssenceOfSteel"},{"floor":13,"key":"Poison Potion"},{"floor":22,"key":"Ancient Potion"}],"is_trial":false,"path_per_floor":["M","?","M","M","?","R","E","R","T","M","M","$","E","M","R","B",null,"M","$","?","M","M","R"],"character_chosen":"DEFECT","items_purchased":["Bandage Up","Capacitor","Hologram"],"campfire_rested":2,"item_purchase_floors":[12,19,19],"current_hp_per_floor":[68,50,50,50,50,50,40,40,40,35,35,35,21,21,43,34,65,33,33,33,37,21,43,0],"gold":132,"neow_bonus":"THREE_ENEMY_KILL","is_prod":false,"is_daily":false,"chose_seed":false,"campfire_upgraded":2,"win_rate":0,"timestamp":1537566707,"path_taken":["M","?","M","?","?","R","E","R","T","M","M","$","E","M","R","BOSS","M","$","?","?","M","R","E"],"build_version":"2018-09-20","purchased_purges":2,"victory":false,"max_hp_per_floor":[75,75,75,75,75,75,75,75,75,75,75,75,75,75,75,75,75,75,75,75,75,75,75,75],"card_choices":[{"not_picked":["Leap","Coolheaded"],"picked":"BootSequence","floor":1},{"not_picked":["Glacier","Steam"],"picked":"Ball Lightning","floor":3},{"not_picked":["Go for the Eyes","Chaos"],"picked":"Heatsinks","floor":4},{"not_picked":["Glacier","Rebound"],"picked":"Multi-Cast","floor":7},{"not_picked":["Consume","Gash","Scrape"],"picked":"SKIP","floor":10},{"not_picked":["Ball Lightning","Gash"],"picked":"Redo","floor":11},{"not_picked":["Tempest","Chaos"],"picked":"Darkness","floor":13},{"not_picked":["Stack","Barrage"],"picked":"Hologram","floor":14},{"not_picked":["Fission","Buffer"],"picked":"Multi-Cast","floor":16},{"not_picked":["Turbo","Streamline","Cold Snap"],"picked":"SKIP","floor":18},{"not_picked":["Compile Driver","Redo"],"picked":"Core Surge","floor":21},{"not_picked":["Skim","Heatsinks"],"picked":"Loop","floor":22}],"player_experience":226178,"relics_obtained":[{"floor":7,"key":"Cables"},{"floor":9,"key":"Sundial"},{"floor":13,"key":"The Courier"}],"event_choices":[{"event_name":"Golden Idol","player_choice":"Take Damage","floor":2,"damage_taken":0},{"event_name":"WeMeetAgain","player_choice":"Potion","floor":5,"damage_taken":0},{"event_name":"Match and Keep!","player_choice":"2 cards matched","floor":20,"damage_taken":0}],"is_beta":false,"boss_relics":[{"not_picked":["Snecko Eye","Philosopher\u0027s Stone"],"picked":"Velvet Choker"}],"items_purged_floors":[12,19],"is_endless":false,"potions_floor_spawned":[3,11,13,22],"killed_by":"Gremlin Leader","ascension_level":10}