{"gold_per_floor":[18,33,33,51,101,101,119,244,244,169,188,188,238,304,304,408,408,418,62,79,96,245,245,262,262,262,287,302,302,322,340,340,441,441,456,472,522,522],"floor_reached":38,"playtime":1195,"items_purged":["Strike_R","Strike_R"],"score":440,"play_id":"0863d5f1-d9df-4076-a927-f18319809166","local_time":"20180809044346","is_ascension_mode":false,"campfire_choices":[{"data":"Immolate","floor":6,"key":"SMITH"},{"data":"True Grit","floor":12,"key":"SMITH"},{"data":"Flex","floor":15,"key":"SMITH"},{"data":"Limit Break","floor":23,"key":"SMITH"},{"data":"Rage","floor":25,"key":"SMITH"},{"data":"Burning Pact","floor":29,"key":"SMITH"},{"data":"Pummel","floor":32,"key":"SMITH"}],"neow_cost":"NO_GOLD","seed_source_timestamp":147931609092059,"circlet_count":0,"master_deck":["Defend_R","Defend_R","Defend_R","Immolate+1","Reaper","True Grit+1","Thunderclap","Flex+1","Limit Break+1","Inflame+1","Pummel+1","Rage+1","Burning Pact+1","Twin Strike+1","Double Tap+1","Heavy Blade+1","Limit Break+1","Metallicize+1","Shrug It Off+1","Feed","Rupture+1","Dropkick+1","Combust+1"],"relics":["Burning Blood","SsserpentHead","Question Card","Frozen Egg 2","Potion Belt","Orrery","Toxic Egg 2","Kunai","Oddly Smooth Stone","Astrolabe"],"potions_floor_usage":[20,24,24,24,24,27,27,30,30,33,33],"damage_taken":[{"damage":6,"enemies":"Cultist","floor":1,"turns":4},{"damage":0,"enemies":"Small Slimes","floor":2,"turns":3},{"damage":0,"enemies":"2 Louse","floor":4,"turns":1},{"damage":8,"enemies":"Red Slaver","floor":7,"turns":3},{"damage":0,"enemies":"Large Slime","floor":11,"turns":3},{"damage":2,"enemies":"Blue Slaver","floor":14,"turns":3},{"damage":57,"enemies":"The Guardian","floor":16,"turns":12},{"damage":6,"enemies":"Shell Parasite","floor":18,"turns":3},{"damage":19,"enemies":"Spheric Guardian","floor":20,"turns":4},{"damage":27,"enemies":"Snake Plant","floor":21,"turns":3},{"damage":10,"enemies":"Chosen and Byrds","floor":24,"turns":4},{"damage":0,"enemies":"Gremlin Leader","floor":27,"turns":4},{"damage":15,"enemies":"Snecko","floor":28,"turns":4},{"damage":9,"enemies":"Snake Plant","floor":30,"turns":2},{"damage":12,"enemies":"Centurion and Healer","floor":31,"turns":6},{"damage":94,"enemies":"Automaton","floor":33,"turns":9},{"damage":44,"enemies":"Flame Bruiser 1 Orb","floor":35,"turns":8},{"damage":28,"enemies":"Orb Walker","floor":36,"turns":4},{"damage":0,"enemies":"Spire Growth","floor":38,"turns":2}],"seed_played":"5290287063486070524","potions_obtained":[{"floor":2,"key":"Energy Potion"},{"floor":4,"key":"Fire Potion"},{"floor":5,"key":"EntropicBrew"},{"floor":5,"key":"Fire Potion"},{"floor":16,"key":"Fire Potion"},{"floor":18,"key":"GamblersBrew"},{"floor":27,"key":"Block Potion"},{"floor":31,"key":"BloodPotion"},{"floor":36,"key":"LiquidBronze"}],"is_trial":false,"path_per_floor":["M","M","?","M","?","R","M","T","T","$","M","R","?","M","R","B",null,"M","$","M","M","?","R","M","R","T","E","M","R","M","M","R","B",null,"M","M","?"],"character_chosen":"IRONCLAD","items_purchased":["Toxic Egg 2"],"campfire_rested":0,"item_purchase_floors":[19],"current_hp_per_floor":[80,80,80,80,80,80,78,78,78,78,80,80,73,77,77,32,80,80,80,79,58,58,58,54,54,54,72,80,80,77,74,74,10,80,42,27,27,31],"gold":522,"neow_bonus":"TRANSFORM_TWO_CARDS","is_prod":false,"is_daily":false,"chose_seed":false,"campfire_upgraded":7,"win_rate":0,"timestamp":1533757426,"path_taken":["M","M","?","M","?","R","M","?","T","$","M","R","?","?","R","BOSS","M","$","M","M","?","R","M","R","T","E","M","R","M","M","R","BOSS","M","M","?","M"],"build_version":"2018-08-02","purchased_purges":2,"victory":false,"max_hp_per_floor":[80,80,80,80,80,80,80,80,80,80,80,80,80,80,80,80,80,80,80,80,80,80,80,80,80,80,80,80,80,80,80,80,80,80,80,80,80,80],"card_choices":[{"not_picked":["Perfected Strike","Sword Boomerang"],"picked":"True Grit","floor":1},{"not_picked":["Sword Boomerang","Heavy Blade","Iron Wave"],"picked":"SKIP","floor":2},{"not_picked":["Pummel","Iron Wave"],"picked":"Thunderclap","floor":4},{"not_picked":["Thunderclap","Sword Boomerang","Shockwave"],"picked":"SKIP","floor":7},{"not_picked":["Seeing Red","Intimidate","Sword Boomerang"],"picked":"Flex","floor":11},{"not_picked":["Bloodletting","Cleave","Barricade+1","Reckless Charge"],"picked":"SKIP","floor":14},{"not_picked":["Dark Embrace+1","Reaper","Immolate"],"picked":"Limit Break","floor":16},{"not_picked":["Impervious","Headbutt","Flex"],"picked":"Inflame+1","floor":17},{"not_picked":["Shrug It Off","Ghostly Armor","Warcry"],"picked":"Pummel","floor":17},{"not_picked":["Twin Strike","Sword Boomerang","Sever Soul"],"picked":"Rage","floor":17},{"not_picked":["Anger","Cleave","Hemokinesis"],"picked":"Burning Pact","floor":17},{"not_picked":["Bloodletting","Havoc","Reckless Charge"],"picked":"Twin Strike+1","floor":18},{"not_picked":["Burning Pact+1","Sword Boomerang","Pommel Strike","Iron Wave"],"picked":"SKIP","floor":20},{"not_picked":["Armaments+1","Anger","Perfected Strike"],"picked":"Double Tap+1","floor":21},{"not_picked":["Perfected Strike","Iron Wave+1","Shrug It Off+1"],"picked":"Heavy Blade+1","floor":24},{"not_picked":["Entrench+1","Twin Strike+1","Body Slam+1"],"picked":"Limit Break+1","floor":27},{"not_picked":["Wild Strike","Power Through+1","Cleave"],"picked":"Metallicize+1","floor":28},{"not_picked":["Headbutt","Heavy Blade","Clash"],"picked":"Shrug It Off+1","floor":30},{"not_picked":["Iron Wave","Hemokinesis","Carnage","Seeing Red+1"],"picked":"SKIP","floor":31},{"not_picked":["Impervious+1","Fiend Fire","Bludgeon"],"picked":"Feed","floor":33},{"not_picked":["Anger","Heavy Blade","Perfected Strike+1"],"picked":"Combust+1","floor":35},{"not_picked":["Clothesline+1","Pommel Strike","Reckless Charge","Body Slam"],"picked":"SKIP","floor":36}],"player_experience":595218,"relics_obtained":[{"floor":8,"key":"Question Card"},{"floor":9,"key":"Frozen Egg 2"},{"floor":26,"key":"Kunai"},{"floor":27,"key":"Oddly Smooth Stone"}],"event_choices":[{"event_name":"FaceTrader","player_choice":"Trade","floor":3,"damage_taken":0},{"event_name":"The Lab","player_choice":"Got Potions","floor":5,"damage_taken":0},{"event_name":"Scrap Ooze","player_choice":"success","floor":13,"damage_taken":7},{"event_name":"Nest","player_choice":"Stole From Cult","floor":22,"damage_taken":0},{"event_name":"Falling","player_choice":"Removed Power","floor":37,"damage_taken":0}],"is_beta":false,"boss_relics":[{"not_picked":["Snecko Eye","Sozu"],"picked":"Orrery"},{"not_picked":["Tiny House","Black Blood"],"picked":"Astrolabe"}],"items_purged_floors":[10,19],"is_endless":false,"potions_floor_spawned":[2,4,7,16,18,24,27,31,36],"killed_by":"Spire Growth","ascension_level":0}