{"gold_per_floor":[16,16,40,215,215,248,263,188,188,203,224,48,48,61,61,180,180,200,29,29,29,128,128,153,153,178,127,19,40,40,40,40,160,160,179,195,195,218,218,218,218,218,245,265,140,156,179,179],"floor_reached":48,"playtime":2162,"items_purged":["Doubt","Injury","Writhe"],"score":457,"play_id":"bb6bdca0-fea1-4ef6-848b-83e1e7faf646","local_time":"20190104160534","is_ascension_mode":false,"campfire_choices":[{"floor":13.0,"key":"REST"},{"floor":15.0,"key":"REST"},{"data":"After Image","floor":23.0,"key":"SMITH"},{"data":"Caltrops","floor":25.0,"key":"SMITH"},{"data":"Catalyst","floor":30.0,"key":"SMITH"},{"floor":32.0,"key":"REST"},{"floor":40.0,"key":"REST"},{"floor":42.0,"key":"RECALL"}],"neow_cost":"NO_GOLD","seed_source_timestamp":880523544945052,"circlet_count":0,"master_deck":["Defend_G","Defend_G","Defend_G","Defend_G","Defend_G","Strike_G","Strike_G","Survivor","Neutralize","Corpse Explosion","PiercingWail","Backstab","Deflect","Caltrops+1","Deadly Poison","Noxious Fumes","Footwork","Bullet Time","Escape Plan+1","Wraith Form v2+1","Flying Knee+1","Deadly Poison","After Image+1","Deadly Poison","PiercingWail+1","Poisoned Stab","Footwork","Poisoned Stab","Catalyst+1","Envenom","Blade Dance+1","Terror+1","Parasite","Blur+1"],"special_seed":0,"relics":["Ring of the Snake","Golden Idol","Lantern","Question Card","Astrolabe","Sozu","PreservedInsect"],"potions_floor_usage":[],"damage_taken":[{"damage":9.0,"enemies":"Jaw Worm","floor":1.0,"turns":4.0},{"damage":0.0,"enemies":"2 Louse","floor":3.0,"turns":2.0},{"damage":21.0,"enemies":"Lagavulin","floor":6.0,"turns":8.0},{"damage":9.0,"enemies":"Cultist","floor":7.0,"turns":4.0},{"damage":0.0,"enemies":"Gremlin Gang","floor":10.0,"turns":2.0},{"damage":0.0,"enemies":"Looter","floor":11.0,"turns":3.0},{"damage":12.0,"enemies":"Exordium Thugs","floor":14.0,"turns":3.0},{"damage":34.0,"enemies":"Hexaghost","floor":16.0,"turns":10.0},{"damage":14.0,"enemies":"Chosen","floor":18.0,"turns":5.0},{"damage":0.0,"enemies":"2 Thieves","floor":20.0,"turns":1.0},{"damage":2.0,"enemies":"Snake Plant","floor":24.0,"turns":4.0},{"damage":4.0,"enemies":"Centurion and Healer","floor":29.0,"turns":7.0},{"damage":0.0,"enemies":"Colosseum Slavers","floor":31.0,"turns":5.0},{"damage":13.0,"enemies":"Champ","floor":33.0,"turns":12.0},{"damage":21.0,"enemies":"3 Shapes","floor":35.0,"turns":6.0},{"damage":0.0,"enemies":"3 Darklings","floor":36.0,"turns":5.0},{"damage":29.0,"enemies":"Maw","floor":38.0,"turns":8.0},{"damage":20,"enemies":"Writhing Mass","floor":44,"turns":6},{"damage":13,"enemies":"Spire Growth","floor":46,"turns":6},{"damage":10,"enemies":"4 Shapes","floor":47,"turns":6},{"damage":28,"enemies":"Giant Head","floor":48,"turns":5}],"seed_played":"8172514706734026548","potions_obtained":[{"floor":5.0,"key":"Energy Potion"},{"floor":5.0,"key":"SmokeBomb"},{"floor":5.0,"key":"EssenceOfSteel"},{"floor":6.0,"key":"Strength Potion"},{"floor":7.0,"key":"Block Potion"},{"floor":24.0,"key":"Block Potion"},{"floor":33.0,"key":"LiquidBronze"}],"is_trial":false,"path_per_floor":["M","?","M","?","?","E","M","$","T","M","M","$","R","M","R","B",null,"M","$","M","$","?","R","M","R","T","$","$","M","R","?","R","B",null,"M","M","?","M","?","R","?","R","T","M","$","M","M","E"],"character_chosen":"THE_SILENT","items_purchased":["Noxious Fumes","After Image","Deadly Poison","Poisoned Stab","Footwork","Poisoned Stab"],"campfire_rested":4,"item_purchase_floors":[12,19,19,27,28,28],"current_hp_per_floor":[61,61,61,61,61,40,31,31,31,31,31,31,52,40,61,27,70,56,56,56,56,56,56,54,54,54,54,54,50,50,50,70,57,70,49,49,49,20,38,59,59,59,59,39,39,26,16,0],"gold":179,"neow_bonus":"THREE_RARE_CARDS","is_prod":false,"is_daily":false,"chose_seed":false,"campfire_upgraded":3,"win_rate":0,"timestamp":1546635934,"path_taken":["M","?","M","?","?","E","?","$","T","M","M","$","R","M","R","BOSS","M","$","?","$","?","R","M","R","T","?","$","M","R","?","R","BOSS","M","M","?","M","?","R","?","R","T","M","$","M","M","E"],"build_version":"2019-01-03v4","purchased_purges":3,"victory":false,"max_hp_per_floor":[70,70,70,70,70,70,70,70,70,70,70,70,70,70,70,70,70,70,70,70,70,70,70,70,70,70,70,70,70,70,70,70,70,70,70,70,70,70,70,70,70,70,70,70,70,70,70,70],"card_choices":[{"not_picked":["After Image","Envenom"],"picked":"Corpse Explosion","floor":0.0},{"not_picked":["Quick Slash","Underhanded Strike"],"picked":"PiercingWail","floor":1.0},{"not_picked":["Flechettes","Skewer"],"picked":"Backstab","floor":3.0},{"not_picked":["Flechettes","Flying Knee","Dagger Throw"],"picked":"SKIP","floor":6.0},{"not_picked":["Underhanded Strike","Dash"],"picked":"Deflect","floor":7.0},{"not_picked":["Sucker Punch","Underhanded Strike","Poisoned Stab"],"picked":"Caltrops","floor":10.0},{"not_picked":["Bane","Dodge and Roll","Backflip"],"picked":"Deadly Poison","floor":11.0},{"not_picked":["Escape Plan","Prepared","Dagger Spray"],"picked":"Footwork","floor":14.0},{"not_picked":["Grand Finale","Venomology","Tools of the Trade"],"picked":"Bullet Time","floor":16.0},{"not_picked":["Slice","Riddle With Holes+1","Reflex"],"picked":"Deadly Poison","floor":18.0},{"not_picked":["All Out Attack","Underhanded Strike","Backflip+1"],"picked":"PiercingWail+1","floor":24.0},{"not_picked":["Prepared","PiercingWail","Reflex"],"picked":"Catalyst","floor":29.0},{"not_picked":["Grand Finale","Unload","Tools of the Trade"],"picked":"Envenom","floor":33.0},{"not_picked":["Setup","Poisoned Stab","Prepared","Flechettes+1"],"picked":"SKIP","floor":35.0},{"not_picked":["Backflip","Sucker Punch","Endless Agony+1"],"picked":"Blade Dance+1","floor":36.0},{"not_picked":["Infinite Blades+1","Backflip","Dash+1"],"picked":"Terror+1","floor":38.0},{"not_picked":["Prepared+1","Quick Slash+1","Cloak And Dagger+1","Underhanded Strike+1"],"picked":"SKIP","floor":44},{"not_picked":["Sucker Punch","Blade Dance+1","Poisoned Stab","Slice+1"],"picked":"SKIP","floor":46},{"not_picked":["Predator+1","Poisoned Stab+1","Bouncing Flask+1"],"picked":"Blur+1","floor":47}],"player_experience":428898,"relics_obtained":[{"floor":6.0,"key":"Lantern"},{"floor":9.0,"key":"Question Card"},{"floor":43.0,"key":"PreservedInsect"}],"event_choices":[{"damage_healed":0.0,"max_hp_gain":0.0,"max_hp_loss":0.0,"gold_gain":0.0,"event_name":"Golden Idol","player_choice":"Take Wound","floor":2.0,"gold_loss":0.0,"damage_taken":0.0,"relics_obtained":["Golden Idol"],"cards_obtained":["Injury"]},{"damage_healed":0.0,"max_hp_gain":0.0,"max_hp_loss":0.0,"gold_gain":175.0,"event_name":"Liars Game","player_choice":"AGREE","floor":4.0,"gold_loss":0.0,"damage_taken":0.0,"cards_obtained":["Doubt"]},{"damage_healed":0.0,"max_hp_gain":0.0,"max_hp_loss":0.0,"gold_gain":0.0,"event_name":"Lab","player_choice":"Got Potions","floor":5.0,"gold_loss":0.0,"damage_taken":0.0},{"damage_healed":0.0,"max_hp_gain":0.0,"max_hp_loss":0.0,"gold_gain":99.0,"event_name":"Nest","player_choice":"Stole From Cult","floor":22.0,"gold_loss":0.0,"damage_taken":0.0},{"damage_healed":0.0,"max_hp_gain":0.0,"max_hp_loss":0.0,"gold_gain":0.0,"event_name":"Colosseum","player_choice":"Fight","floor":31.0,"gold_loss":0.0,"damage_taken":0.0},{"damage_healed":0.0,"max_hp_gain":0.0,"max_hp_loss":0.0,"gold_gain":0.0,"event_name":"Colosseum","player_choice":"Fled From Nobs","floor":31.0,"gold_loss":0.0,"damage_taken":0.0},{"damage_healed":0.0,"max_hp_gain":0.0,"max_hp_loss":0.0,"gold_gain":0.0,"event_name":"Mysterious Sphere","player_choice":"Ignored","floor":37.0,"gold_loss":0.0,"damage_taken":0.0},{"damage_healed":18.0,"max_hp_gain":0.0,"max_hp_loss":0.0,"gold_gain":0.0,"event_name":"Winding Halls","player_choice":"Writhe","floor":39.0,"gold_loss":0.0,"damage_taken":0.0,"cards_obtained":["Writhe"]},{"damage_healed":0.0,"max_hp_gain":0.0,"max_hp_loss":0.0,"gold_gain":0.0,"event_name":"SensoryStone","player_choice":"Memory 1","floor":41.0,"gold_loss":0.0,"damage_taken":0.0}],"is_beta":false,"boss_relics":[{"not_picked":["Snecko Eye","Runic Pyramid"],"picked":"Astrolabe"},{"not_picked":["Runic Dome","Orrery"],"picked":"Sozu"}],"items_purged_floors":[8,12,45],"is_endless":false,"potions_floor_spawned":[6,7,11,24,31,33,36,38,47],"killed_by":"Giant Head","ascension_level":0}