{"gold_per_floor":[10,10,10,25,44,44,61,96,119,132,132,166,166,17,17,17],"floor_reached":16,"playtime":521,"items_purged":[],"score":220,"play_id":"922ef307-f220-487a-834b-66107f7c8ac7","local_time":"20181121001911","is_ascension_mode":true,"campfire_choices":[{"data":"Bash","floor":6.0,"key":"SMITH"},{"floor":13,"key":"REST"},{"floor":15,"key":"REST"}],"neow_cost":"NO_GOLD","seed_source_timestamp":135455832218769,"circlet_count":0,"master_deck":["AscendersBane","Strike_R","Strike_R","Strike_R","Strike_R","Strike_R","Defend_R","Defend_R","Defend_R","Bash+1","Shrug It Off","True Grit","Disarm+1","Offering"],"special_seed":0,"relics":["Burning Blood","Bag of Preparation","Lantern","Juzu Bracelet"],"potions_floor_usage":[12],"damage_taken":[{"damage":7.0,"enemies":"Jaw Worm","floor":1.0,"turns":5.0},{"damage":6.0,"enemies":"Cultist","floor":4.0,"turns":3.0},{"damage":10.0,"enemies":"Small Slimes","floor":5.0,"turns":3.0},{"damage":8.0,"enemies":"Exordium Thugs","floor":7.0,"turns":4.0},{"damage":27.0,"enemies":"Gremlin Nob","floor":8.0,"turns":4.0},{"damage":5.0,"enemies":"Gremlin Gang","floor":10.0,"turns":7.0},{"damage":54,"enemies":"Lagavulin","floor":12,"turns":8},{"damage":62,"enemies":"Slime Boss","floor":16,"turns":8}],"seed_played":"1730913246134499787","potions_obtained":[{"floor":5.0,"key":"Poison Potion"},{"floor":7.0,"key":"Poison Potion"},{"floor":10.0,"key":"FearPotion"},{"floor":12,"key":"FearPotion"}],"is_trial":false,"path_per_floor":["M","?","?","M","M","R","M","E","T","M","?","E","R","$","R","B"],"character_chosen":"IRONCLAD","items_purchased":["Offering"],"campfire_rested":2,"item_purchase_floors":[14],"current_hp_per_floor":[81,81,81,81,77,77,75,54,54,55,55,7,33,33,59,0],"gold":17,"neow_bonus":"TWENTY_PERCENT_HP_BONUS","is_prod":false,"is_daily":false,"chose_seed":false,"campfire_upgraded":1,"win_rate":0,"timestamp":1542788351,"path_taken":["M","?","?","M","?","R","?","E","T","M","?","E","R","$","R","BOSS"],"build_version":"2018-11-15","purchased_purges":0,"victory":false,"max_hp_per_floor":[89,89,89,89,89,89,89,89,89,89,89,89,89,89,89,89],"card_choices":[{"not_picked":["Headbutt","Iron Wave"],"picked":"Shrug It Off","floor":1.0},{"not_picked":["Rage","Iron Wave"],"picked":"True Grit","floor":4.0},{"not_picked":["Evolve","Bloodletting"],"picked":"Disarm","floor":5.0},{"not_picked":["Cleave","Searing Blow","Armaments"],"picked":"SKIP","floor":7.0},{"not_picked":["Thunderclap","Limit Break","Exhume"],"picked":"SKIP","floor":8.0},{"not_picked":["Flex","Thunderclap","True Grit"],"picked":"SKIP","floor":10.0},{"not_picked":["Combust","Armaments","Perfected Strike"],"picked":"SKIP","floor":12}],"player_experience":665613,"relics_obtained":[{"floor":8.0,"key":"Bag of Preparation"},{"floor":9.0,"key":"Lantern"},{"floor":12,"key":"Juzu Bracelet"}],"event_choices":[{"damage_healed":0.0,"max_hp_gain":0.0,"max_hp_loss":0.0,"gold_gain":0.0,"event_name":"The Cleric","player_choice":"Leave","floor":2.0,"gold_loss":0.0,"damage_taken":0.0},{"cards_removed":["Defend_R"],"damage_healed":0.0,"max_hp_gain":0.0,"max_hp_loss":0.0,"gold_gain":0.0,"event_name":"Bonfire Elementals","player_choice":"Offered Basic","floor":3.0,"gold_loss":0.0,"damage_taken":0.0},{"damage_healed":0.0,"max_hp_gain":0.0,"max_hp_loss":0.0,"gold_gain":0.0,"event_name":"Upgrade Shrine","player_choice":"Upgraded","floor":11.0,"gold_loss":0.0,"damage_taken":0.0,"cards_upgraded":["Disarm"]}],"is_beta":false,"boss_relics":[],"items_purged_floors":[],"is_endless":false,"potions_floor_spawned":[5,7,10,12],"killed_by":"Slime Boss","ascension_level":20}