{"gold_per_floor":[213,68,82,82,82,82,110,126,195,224,224,239,253,273,273,344,344,364,289,289,307,325,325,248,248,248,268,268,283,297,313,313,387,387,402,48,65,82,96,96,111,111,111,111,111,129,139,151,151,151],"floor_reached":50,"playtime":2595,"items_purged":["Strike_G","Infinite Blades"],"score":852,"play_id":"030c812b-c3c0-45c2-84f6-c9880942c275","local_time":"20180806002612","is_ascension_mode":true,"campfire_choices":[{"data":"Skewer","floor":6.0,"key":"SMITH"},{"data":"Neutralize","floor":11.0,"key":"SMITH"},{"data":"Footwork","floor":15.0,"key":"SMITH"},{"data":"Outmaneuver","floor":23.0,"key":"SMITH"},{"data":"J.A.X.","floor":25.0,"key":"SMITH"},{"data":"Expertise","floor":28.0,"key":"SMITH"},{"floor":32.0,"key":"REST"},{"data":"Well Laid Plans","floor":40.0,"key":"SMITH"},{"data":"Malaise","floor":42.0,"key":"SMITH"},{"data":"Survivor","floor":45.0,"key":"SMITH"},{"data":"Noxious Fumes","floor":49,"key":"SMITH"}],"neow_cost":"NONE","seed_source_timestamp":27931901929755,"circlet_count":0,"master_deck":["Defend_G","Defend_G","Defend_G","Defend_G","Defend_G","Strike_G","Strike_G","Strike_G","Survivor+1","Neutralize+1","AscendersBane","Flying Knee","Well Laid Plans+1","Skewer+1","Malaise+1","Terror","Die Die Die","Footwork+1","Heel Hook","Adrenaline","Backflip","Outmaneuver+1","J.A.X.+1","Expertise+1","Deflect","Writhe","Noxious Fumes+1"],"special_seed":0,"relics":["Ring of the Snake","Strawberry","Paper Crane","Lantern","Sozu","Bottled Tornado","Velvet Choker","Meat on the Bone","Oddly Smooth Stone"],"potions_floor_usage":[],"damage_taken":[{"damage":4.0,"enemies":"Jaw Worm","floor":1.0,"turns":5.0},{"damage":2.0,"enemies":"Small Slimes","floor":3.0,"turns":5.0},{"damage":15.0,"enemies":"3 Sentries","floor":7.0,"turns":8.0},{"damage":7.0,"enemies":"2 Louse","floor":8.0,"turns":2.0},{"damage":0.0,"enemies":"Lagavulin","floor":10.0,"turns":6.0},{"damage":0.0,"enemies":"Exordium Thugs","floor":12.0,"turns":3.0},{"damage":8.0,"enemies":"2 Fungi Beasts","floor":13.0,"turns":3.0},{"damage":5.0,"enemies":"Red Slaver","floor":14.0,"turns":3.0},{"damage":2.0,"enemies":"Hexaghost","floor":16.0,"turns":10.0},{"damage":1.0,"enemies":"Shell Parasite","floor":18.0,"turns":4.0},{"damage":12.0,"enemies":"2 Thieves","floor":21.0,"turns":5.0},{"damage":11.0,"enemies":"Snake Plant","floor":22.0,"turns":5.0},{"damage":3.0,"enemies":"Cultist and Chosen","floor":27.0,"turns":4.0},{"damage":3.0,"enemies":"Centurion and Healer","floor":29.0,"turns":4.0},{"damage":3.0,"enemies":"Snecko","floor":30.0,"turns":4.0},{"damage":10.0,"enemies":"Sentry and Sphere","floor":31.0,"turns":5.0},{"damage":14.0,"enemies":"Collector","floor":33.0,"turns":10.0},{"damage":10.0,"enemies":"3 Darklings","floor":35.0,"turns":6.0},{"damage":8.0,"enemies":"Orb Walker","floor":37.0,"turns":4.0},{"damage":16.0,"enemies":"Sphere and 2 Shapes","floor":38.0,"turns":10.0},{"damage":3.0,"enemies":"Spire Growth","floor":39.0,"turns":3.0},{"damage":18.0,"enemies":"Transient","floor":41.0,"turns":5.0},{"damage":21.0,"enemies":"Sphere and 2 Shapes","floor":46.0,"turns":8.0},{"damage":3.0,"enemies":"3 Darklings","floor":47.0,"turns":6.0},{"damage":6,"enemies":"Spire Growth","floor":48,"turns":6},{"damage":46,"enemies":"Donu and Deca","floor":50,"turns":4}],"seed_played":"-7798592941066091112","potions_obtained":[{"floor":3.0,"key":"Energy Potion"},{"floor":7.0,"key":"SteroidPotion"},{"floor":8.0,"key":"Energy Potion"},{"floor":10.0,"key":"GhostInAJar"},{"floor":14.0,"key":"Dexterity Potion"}],"is_trial":false,"path_per_floor":["M","$","M","?","?","R","E","M","T","E","R","M","M","M","R","B",null,"M","?","?","M","M","R","?","R","T","M","R","M","M","M","R","B",null,"M","$","M","M","M","R","M","R","T","?","R","M","M","M","R"],"character_chosen":"THE_SILENT","items_purchased":["Well Laid Plans","Meat on the Bone"],"campfire_rested":1,"item_purchase_floors":[2,36],"current_hp_per_floor":[55,55,53,53,53,53,45,38,38,38,38,38,30,25,25,23,61,60,60,60,48,37,37,37,37,37,34,34,31,28,18,39,25,61,51,51,43,39,48,48,42,42,42,57,57,48,45,39,39,0],"gold":151,"neow_bonus":"HUNDRED_GOLD","is_prod":false,"is_daily":false,"chose_seed":false,"campfire_upgraded":10,"win_rate":0,"timestamp":1533482772,"path_taken":["M","$","M","?","?","R","E","?","T","E","R","M","M","M","R","BOSS","M","?","?","?","M","R","?","R","T","M","R","M","M","M","R","BOSS","M","$","M","M","M","R","M","R","T","?","R","M","M","M","R","BOSS"],"build_version":"2018-08-02","purchased_purges":2,"victory":false,"max_hp_per_floor":[66,66,66,66,66,66,73,73,73,73,73,73,73,73,73,73,73,73,73,73,73,73,73,73,73,73,73,73,73,73,73,73,73,73,73,73,73,73,73,73,73,73,73,73,73,73,73,73,73,73],"card_choices":[{"not_picked":["Sucker Punch","Prepared"],"picked":"Flying Knee","floor":1.0},{"not_picked":["Acrobatics","Dagger Spray"],"picked":"Skewer","floor":3.0},{"not_picked":["Dagger Throw","Bane"],"picked":"Terror","floor":7.0},{"not_picked":["Deadly Poison","Setup"],"picked":"Die Die Die","floor":8.0},{"not_picked":["Sucker Punch","Catalyst"],"picked":"Footwork","floor":10.0},{"not_picked":["Reflex","Slice"],"picked":"Infinite Blades","floor":12.0},{"not_picked":["Sucker Punch","Endless Agony","Reflex"],"picked":"SKIP","floor":13.0},{"not_picked":["Dagger Spray","Dodge and Roll"],"picked":"Heel Hook","floor":14.0},{"not_picked":["Doppelganger","Unload"],"picked":"Adrenaline","floor":16.0},{"not_picked":["Expertise","Cloak And Dagger+1"],"picked":"Backflip","floor":18.0},{"not_picked":["Dodge and Roll","Dagger Spray","Underhanded Strike+1"],"picked":"SKIP","floor":21.0},{"not_picked":["Slice","Outmaneuver","Underhanded Strike+1"],"picked":"SKIP","floor":22.0},{"not_picked":["Cloak And Dagger","Distraction"],"picked":"Expertise","floor":27.0},{"not_picked":["Crippling Poison","Prepared","Bullet Time"],"picked":"SKIP","floor":29.0},{"not_picked":["Deflect","Dagger Throw","Slice"],"picked":"SKIP","floor":30.0},{"not_picked":["Deflect","Flying Knee","Prepared"],"picked":"SKIP","floor":31.0},{"not_picked":["Flying Knee","Prepared"],"picked":"Deflect","floor":31.0},{"not_picked":["Flechettes","Cloak And Dagger","Expertise"],"picked":"SKIP","floor":35.0},{"not_picked":["Quick Slash","Slice","Dodge and Roll"],"picked":"SKIP","floor":37.0},{"not_picked":["Slice","Catalyst+1","Blade Dance+1"],"picked":"SKIP","floor":38.0},{"not_picked":["Bane+1","Blade Dance","Deflect"],"picked":"SKIP","floor":39.0},{"not_picked":["Caltrops","Predator+1","Storm of Steel"],"picked":"SKIP","floor":41.0},{"not_picked":["Flying Knee","Poisoned Stab"],"picked":"Noxious Fumes","floor":46.0},{"not_picked":["Deflect","Backflip","Bane"],"picked":"SKIP","floor":47.0},{"not_picked":["Acrobatics","Sucker Punch","Slice+1"],"picked":"SKIP","floor":48}],"player_experience":574773,"relics_obtained":[{"floor":7.0,"key":"Strawberry"},{"floor":9.0,"key":"Paper Crane"},{"floor":10.0,"key":"Lantern"},{"floor":26.0,"key":"Bottled Tornado"},{"floor":43.0,"key":"Oddly Smooth Stone"}],"event_choices":[{"event_name":"Golden Idol","player_choice":"Ignored","floor":4.0,"damage_taken":0.0},{"event_name":"Match and Keep!","player_choice":"1 cards matched","floor":5.0,"damage_taken":0.0},{"event_name":"Beggar","player_choice":"Gave Gold","floor":19.0,"damage_taken":0.0},{"event_name":"The Library","player_choice":"Read","floor":20.0,"damage_taken":0.0},{"event_name":"Drug Dealer","player_choice":"Got JAXXED","floor":24.0,"damage_taken":0.0},{"event_name":"Winding Halls","player_choice":"Writhe","floor":44.0,"damage_taken":0.0}],"is_beta":false,"boss_relics":[{"not_picked":["Eternal Feather","Black Star"],"picked":"Sozu"},{"not_picked":["Snecko Eye","Cursed Key"],"picked":"Velvet Choker"}],"items_purged_floors":[2,36],"is_endless":false,"potions_floor_spawned":[3,7,8,10,14,18,21,27,35,39,41,46,47],"killed_by":"Donu and Deca","ascension_level":15}