{"gold_per_floor":[114,127,127,138,138,168,168,187,214,214,234,268,268,322,322,398,398,415,415,425,425,443,443,476,476,476,502,14,25,39,39,39,110,110,123,123,136,153,153,185,185,212,212,212,267,1,1,1,1,1],"floor_reached":51,"playtime":3624,"items_purged":["Strike_G","Doubt"],"score":1442,"play_id":"197f8a6e-f103-4ca4-bd03-0dcb2edb6f31","local_time":"20180912152318","is_ascension_mode":true,"campfire_choices":[{"data":"Malaise","floor":7.0,"key":"SMITH"},{"floor":10.0,"key":"REST"},{"data":"Reflex","floor":15.0,"key":"SMITH"},{"data":"Leg Sweep","floor":23.0,"key":"SMITH"},{"data":"Footwork","floor":25.0,"key":"SMITH"},{"data":"Acrobatics","floor":32,"key":"SMITH"},{"data":"Skewer","floor":41,"key":"SMITH"},{"data":"Apotheosis","floor":49,"key":"SMITH"}],"neow_cost":"NONE","seed_source_timestamp":582499076066559,"circlet_count":0,"master_deck":["Defend_G","Defend_G","Defend_G","Defend_G+1","Defend_G","Strike_G","Strike_G","Strike_G","Survivor","Neutralize","AscendersBane","Dagger Throw","Footwork+1","Leg Sweep+1","Terror+1","Flying Knee","Quick Slash","Malaise+1","Caltrops","Well Laid Plans","Reflex+1","Backstab","Adrenaline","Choke+1","Deflect","Slice","Concentrate","Backflip","Acrobatics","Acrobatics+1","Skewer+1","Tactician","Expertise","Apotheosis+1"],"special_seed":0,"relics":["Orrery","Bronze Scales","Orichalcum","Bag of Preparation","Thread and Needle","Snake Skull","Runic Dome","MutagenicStrength","Boot","Nunchaku","Mummified Hand","ClockworkSouvenir","War Paint","White Beast Statue","Letter Opener","Strawberry","The Specimen","FossilizedHelix","Lantern","Sundial"],"potions_floor_usage":[33,38,40,40,42,50,50],"damage_taken":[{"damage":4.0,"enemies":"Small Slimes","floor":1.0,"turns":4.0},{"damage":0.0,"enemies":"Cultist","floor":2.0,"turns":4.0},{"damage":0.0,"enemies":"Jaw Worm","floor":4.0,"turns":4.0},{"damage":14.0,"enemies":"Lagavulin","floor":6.0,"turns":9.0},{"damage":21.0,"enemies":"Gremlin Gang","floor":8.0,"turns":5.0},{"damage":0.0,"enemies":"Exordium Wildlife","floor":11.0,"turns":5.0},{"damage":19.0,"enemies":"3 Sentries","floor":12.0,"turns":12.0},{"damage":0.0,"enemies":"Hexaghost","floor":16.0,"turns":10.0},{"damage":0.0,"enemies":"Chosen","floor":18.0,"turns":5.0},{"damage":0.0,"enemies":"3 Byrds","floor":20.0,"turns":4.0},{"damage":8.0,"enemies":"Snake Plant","floor":22.0,"turns":4.0},{"damage":15.0,"enemies":"Slavers","floor":24.0,"turns":6.0},{"damage":2,"enemies":"Book of Stabbing","floor":27,"turns":5},{"damage":0,"enemies":"3 Cultists","floor":29,"turns":4},{"damage":4,"enemies":"Sentry and Sphere","floor":30,"turns":4},{"damage":0,"enemies":"Collector","floor":33,"turns":8},{"damage":0,"enemies":"3 Shapes","floor":35,"turns":6},{"damage":0,"enemies":"Orb Walker","floor":37,"turns":4},{"damage":5,"enemies":"4 Shapes","floor":38,"turns":4},{"damage":6,"enemies":"2 Orb Walkers","floor":40,"turns":5},{"damage":26,"enemies":"Giant Head","floor":42,"turns":8},{"damage":0,"enemies":"Mysterious Sphere","floor":45,"turns":4},{"damage":20,"enemies":"Time Eater","floor":50,"turns":9}],"seed_played":"5388434632323976364","potions_obtained":[{"floor":2.0,"key":"Strength Potion"},{"floor":6.0,"key":"Weak Potion"},{"floor":11.0,"key":"Strength Potion"},{"floor":12.0,"key":"Explosive Potion"},{"floor":33,"key":"Fire Potion"},{"floor":35,"key":"EssenceOfSteel"},{"floor":38,"key":"AttackPotion"},{"floor":40,"key":"Energy Potion"},{"floor":42,"key":"Swift Potion"},{"floor":45,"key":"Dexterity Potion"}],"is_trial":false,"path_per_floor":["M","M","?","M","?","E","R","M","T","R","M","E","?","T","R","B",null,"M","?","M","?","M","R","E","R","T","E","$","M","M","$","R","B",null,"M","?","M","M","?","E","R","E","T","?","?","$","?","T","R","B"],"character_chosen":"THE_SILENT","items_purchased":["ClockworkSouvenir","War Paint","Lantern"],"campfire_rested":1,"item_purchase_floors":[28,28,46],"current_hp_per_floor":[55,55,55,55,55,41,41,20,20,39,39,20,20,20,20,20,55,55,55,55,55,47,47,32,32,32,30,30,30,26,26,26,26,56,56,56,56,51,51,45,45,26,26,70,70,70,60,60,60,40],"gold":1,"neow_bonus":"BOSS_RELIC","is_prod":false,"is_daily":false,"chose_seed":false,"campfire_upgraded":7,"win_rate":0,"timestamp":1536733398,"path_taken":["M","M","?","M","?","E","R","M","T","R","M","E","?","?","R","BOSS","M","?","M","?","M","R","E","R","T","E","$","?","M","$","R","BOSS","M","?","?","M","?","E","R","E","T","?","?","$","?","?","R","BOSS"],"build_version":"2018-09-06","purchased_purges":2,"victory":true,"max_hp_per_floor":[66,66,66,66,66,66,66,66,66,66,66,66,66,66,66,66,66,66,66,66,66,66,66,66,66,66,66,66,66,66,66,66,66,66,66,63,63,63,63,63,63,70,70,70,70,70,70,70,70,70],"card_choices":[{"not_picked":["Cloak And Dagger","Poisoned Stab"],"picked":"Dagger Throw","floor":0.0},{"not_picked":["Dodge and Roll","Setup"],"picked":"Footwork","floor":0.0},{"not_picked":["Deadly Poison","Backflip"],"picked":"Leg Sweep","floor":0.0},{"not_picked":["Underhanded Strike","Acrobatics"],"picked":"Terror","floor":0.0},{"not_picked":["Setup","Blade Dance"],"picked":"Flying Knee","floor":0.0},{"not_picked":["Calculated Gamble","Backflip"],"picked":"Quick Slash","floor":1.0},{"not_picked":["Crippling Poison","Deadly Poison"],"picked":"Malaise","floor":2.0},{"not_picked":["Calculated Gamble","PiercingWail"],"picked":"Caltrops","floor":4.0},{"not_picked":["Accuracy","Storm of Steel","Distraction"],"picked":"SKIP","floor":6.0},{"not_picked":["Sucker Punch","Terror","Dagger Throw"],"picked":"SKIP","floor":8.0},{"not_picked":["Deadly Poison","Leg Sweep"],"picked":"Reflex","floor":11.0},{"not_picked":["Dash","Quick Slash"],"picked":"Backstab","floor":12.0},{"not_picked":["Night Terror","Phantasmal Killer"],"picked":"Adrenaline","floor":16.0},{"not_picked":["Deflect","Crippling Poison+1"],"picked":"Choke","floor":18.0},{"not_picked":["Catalyst","Choke"],"picked":"Deflect","floor":20.0},{"not_picked":["Quick Slash","Blur"],"picked":"Slice","floor":22.0},{"not_picked":["Crippling Poison","Flying Knee"],"picked":"Concentrate","floor":24.0},{"not_picked":["Bane","Distraction"],"picked":"Backflip","floor":27},{"not_picked":["Noxious Fumes","Dodge and Roll"],"picked":"Acrobatics","floor":29},{"not_picked":["Deadly Poison","Backflip"],"picked":"Acrobatics","floor":30},{"not_picked":["Distraction","Underhanded Strike","Poisoned Stab"],"picked":"SKIP","floor":35},{"not_picked":["Cloak And Dagger","Deflect+1","Flying Knee"],"picked":"SKIP","floor":37},{"not_picked":["Dagger Throw","Flying Knee","Bane"],"picked":"SKIP","floor":38},{"not_picked":["Flechettes","Corpse Explosion"],"picked":"Skewer","floor":40},{"not_picked":["Well Laid Plans","Calculated Gamble"],"picked":"Tactician","floor":42},{"not_picked":["Deflect+1","Dodge and Roll"],"picked":"Expertise","floor":45},{"not_picked":["Purity","Trip"],"picked":"Apotheosis","floor":47}],"player_experience":654458,"relics_obtained":[{"floor":6.0,"key":"Orichalcum"},{"floor":9.0,"key":"Bag of Preparation"},{"floor":12.0,"key":"Thread and Needle"},{"floor":14.0,"key":"Snake Skull"},{"floor":24.0,"key":"Boot"},{"floor":26.0,"key":"Nunchaku"},{"floor":27,"key":"Mummified Hand"},{"floor":40,"key":"Letter Opener"},{"floor":42,"key":"Strawberry"},{"floor":43,"key":"The Specimen"},{"floor":45,"key":"FossilizedHelix"},{"floor":48,"key":"Sundial"}],"event_choices":[{"event_name":"WeMeetAgain","player_choice":"Potion","floor":3.0,"damage_taken":0.0},{"event_name":"Transmorgrifier","player_choice":"Transform","floor":5.0,"damage_taken":0.0},{"event_name":"Shining Light","player_choice":"Ignored","floor":13.0,"damage_taken":0.0},{"event_name":"Upgrade Shrine","player_choice":"Upgraded","floor":19.0,"damage_taken":0.0},{"event_name":"Drug Dealer","player_choice":"Inject Mutagens","floor":21.0,"damage_taken":0.0},{"event_name":"Winding Halls","player_choice":"Max HP","floor":36,"damage_taken":0},{"event_name":"Tomb of Lord Red Mask","player_choice":"Ignored","floor":39,"damage_taken":0},{"event_name":"MindBloom","player_choice":"Heal","floor":44,"damage_taken":0},{"event_name":"Mysterious Sphere","player_choice":"Fight","floor":45,"damage_taken":0},{"event_name":"SensoryStone","player_choice":"Memory 3","floor":47,"damage_taken":0}],"is_beta":false,"boss_relics":[{"not_picked":["Busted Crown","Philosopher\u0027s Stone"],"picked":"Runic Dome"},{"not_picked":["Runic Pyramid","Tiny House"],"picked":"White Beast Statue"}],"items_purged_floors":[28,46],"is_endless":false,"potions_floor_spawned":[2,6,11,12,18,20,33,35,37,38,40,42,45],"ascension_level":16}