{"gold_per_floor":[111,126,142,142,142,142,181,197,197,0,0,0,19,33,33,164,164,183,208,208,223,263,263,263,263,287,299,436,464,28,62,62,185,185,200,200,200,200,47,47,60,60,60,60,91,107,107,127,127,127],"floor_reached":51,"playtime":2759,"items_purged":[],"score":943,"play_id":"f2535ecf-0674-4cae-82fb-b58c8bec5591","local_time":"20190308120310","is_ascension_mode":true,"campfire_choices":[{"data":"Zap","floor":6,"key":"SMITH"},{"data":"Coolheaded","floor":11,"key":"SMITH"},{"data":"Ball Lightning","floor":15,"key":"SMITH"},{"data":"Defragment","floor":23,"key":"SMITH"},{"data":"Loop","floor":25,"key":"SMITH"},{"data":"Electrodynamics","floor":27,"key":"SMITH"},{"floor":32,"key":"REST"},{"data":"Seek","floor":40,"key":"SMITH"},{"data":"Madness","floor":42,"key":"SMITH"},{"floor":49,"key":"REST"}],"neow_cost":"NONE","seed_source_timestamp":72669618484071,"circlet_count":0,"master_deck":["Strike_B+1","Strike_B+1","Strike_B+1","Strike_B+1","Defend_B+1","Defend_B+1","Defend_B+1","Defend_B+1","Zap+1","Dualcast+1","Conserve Battery","Coolheaded+1","Seek+1","Cold Snap","Ball Lightning+1","Electrodynamics+1","Defragment+1","Hologram+1","Loop+1","Leap+1","Madness+1","Madness","Doubt"],"relics":["Cracked Core","NeowsBlessing","Golden Idol","Whetstone","Singing Bowl","Nuclear Battery","Red Mask","MawBank","FossilizedHelix","Letter Opener","Pear","HandDrill","Unceasing Top","Black Star","Molten Egg 2","DataDisk","Juzu Bracelet"],"potions_floor_usage":[7,16,18,21,22,31,33,33,45,46],"damage_taken":[{"damage":0,"enemies":"Small Slimes","floor":1,"turns":1},{"damage":0,"enemies":"Jaw Worm","floor":2,"turns":1},{"damage":0,"enemies":"2 Louse","floor":3,"turns":1},{"damage":22,"enemies":"3 Sentries","floor":7,"turns":7},{"damage":5,"enemies":"Exordium Wildlife","floor":8,"turns":3},{"damage":1,"enemies":"Blue Slaver","floor":13,"turns":4},{"damage":0,"enemies":"Large Slime","floor":14,"turns":4},{"damage":6,"enemies":"Slime Boss","floor":16,"turns":9},{"damage":0,"enemies":"Chosen","floor":18,"turns":3},{"damage":0,"enemies":"3 Byrds","floor":19,"turns":2},{"damage":17,"enemies":"Snake Plant","floor":21,"turns":2},{"damage":0,"enemies":"Masked Bandits","floor":22,"turns":2},{"damage":0,"enemies":"Colosseum Slavers","floor":28,"turns":2},{"damage":3,"enemies":"Colosseum Nobs","floor":28,"turns":3},{"damage":0,"enemies":"Shelled Parasite and Fungi","floor":29,"turns":5},{"damage":0,"enemies":"Slavers","floor":31,"turns":2},{"damage":14,"enemies":"Champ","floor":33,"turns":11},{"damage":0,"enemies":"3 Shapes","floor":35,"turns":2},{"damage":0,"enemies":"3 Darklings","floor":41,"turns":2},{"damage":81,"enemies":"Nemesis","floor":45,"turns":9},{"damage":0,"enemies":"Spire Growth","floor":46,"turns":5},{"damage":9,"enemies":"Writhing Mass","floor":48,"turns":6},{"damage":109,"enemies":"Awakened One","floor":50,"turns":22}],"seed_played":"-196270862280906343","potions_obtained":[{"floor":2,"key":"Weak Potion"},{"floor":3,"key":"FocusPotion"},{"floor":8,"key":"Weak Potion"},{"floor":13,"key":"LiquidBronze"},{"floor":16,"key":"Ancient Potion"},{"floor":19,"key":"AttackPotion"},{"floor":29,"key":"Explosive Potion"},{"floor":31,"key":"Energy Potion"},{"floor":45,"key":"SkillPotion"}],"is_trial":false,"path_per_floor":["M","M","M","?","?","R","E","M","T","$","R","?","M","M","R","B",null,"M","M","?","M","?","R","?","R","T","R","?","M","$","E","R","B",null,"M","?","$","?","$","R","M","R","T","?","E","M","?","M","R","B",null],"character_chosen":"DEFECT","items_purchased":["Seek","Cold Snap","Pear","HandDrill","FairyPotion","Block Potion"],"campfire_rested":2,"item_purchase_floors":[10,10,30,30,39,39],"current_hp_per_floor":[68,68,68,50,75,75,53,48,48,48,48,48,47,49,49,43,69,69,71,71,54,54,54,54,54,54,54,51,53,63,65,92,80,91,93,93,93,81,81,81,83,83,83,83,4,6,103,96,105,10],"gold":127,"neow_bonus":"THREE_ENEMY_KILL","is_prod":false,"is_daily":false,"chose_seed":false,"campfire_upgraded":8,"win_rate":0,"timestamp":1552068190,"path_taken":["M","M","M","?","?","R","E","M","T","?","R","?","M","M","R","BOSS","M","M","?","M","?","R","?","R","T","R","?","M","$","E","R","BOSS","M","?","$","?","$","R","M","R","T","?","E","M","?","M","R","BOSS"],"build_version":"2019-01-23","purchased_purges":0,"victory":true,"max_hp_per_floor":[75,75,75,75,75,75,75,75,75,75,75,75,75,77,77,77,77,77,79,79,79,79,79,79,79,79,79,79,81,91,93,93,95,95,97,97,97,97,97,97,99,99,99,99,101,103,103,105,105,105],"card_choices":[{"not_picked":["Streamline","Lockon"],"picked":"Conserve Battery","floor":1},{"not_picked":["Compile Driver","Chill","Reprogram"],"picked":"SKIP","floor":2},{"not_picked":["Streamline","Beam Cell"],"picked":"Conserve Battery","floor":3},{"not_picked":["Biased Cognition","Sweeping Beam","Genetic Algorithm"],"picked":"SKIP","floor":7},{"not_picked":["Stack","Fusion"],"picked":"Coolheaded","floor":8},{"not_picked":["Consume","Redo"],"picked":"Ball Lightning","floor":13},{"not_picked":["FTL","Go for the Eyes","Conserve Battery"],"picked":"Singing Bowl","floor":14},{"not_picked":["Hyperbeam","Seek"],"picked":"Electrodynamics","floor":16},{"not_picked":["Cold Snap+1","White Noise"],"picked":"Defragment","floor":18},{"not_picked":["Steam+1","Leap","FTL"],"picked":"Singing Bowl","floor":19},{"not_picked":["Conserve Battery","Redo"],"picked":"Hologram+1","floor":21},{"not_picked":["Leap+1","Stack"],"picked":"Loop","floor":22},{"not_picked":["Skim+1","Barrage"],"picked":"Leap+1","floor":28},{"not_picked":["Recycle+1","Hyperbeam","Leap"],"picked":"Singing Bowl","floor":29},{"not_picked":["Stack","Leap","Beam Cell"],"picked":"Singing Bowl","floor":31},{"not_picked":["Amplify","Reboot","Meteor Strike"],"picked":"Singing Bowl","floor":33},{"not_picked":["Chaos+1","Reprogram","Ball Lightning"],"picked":"Singing Bowl","floor":35},{"not_picked":["Conserve Battery","Gash+1","Cold Snap"],"picked":"Singing Bowl","floor":41},{"not_picked":["Hologram+1","Loop","Consume+1"],"picked":"Singing Bowl","floor":45},{"not_picked":["BootSequence+1","Sweeping Beam+1","Cold Snap+1"],"picked":"Singing Bowl","floor":46},{"not_picked":["Ball Lightning+1","Turbo+1","All For One+1"],"picked":"Singing Bowl","floor":48}],"player_experience":296410,"relics_obtained":[{"floor":7,"key":"Whetstone"},{"floor":9,"key":"Singing Bowl"},{"floor":22,"key":"Red Mask"},{"floor":26,"key":"MawBank"},{"floor":28,"key":"FossilizedHelix"},{"floor":28,"key":"Letter Opener"},{"floor":31,"key":"Unceasing Top"},{"floor":43,"key":"Molten Egg 2"},{"floor":45,"key":"DataDisk"},{"floor":45,"key":"Juzu Bracelet"}],"event_choices":[{"damage_healed":0,"gold_gain":0,"player_choice":"Take Damage","damage_taken":18,"relics_obtained":["Golden Idol"],"max_hp_gain":0,"max_hp_loss":0,"event_name":"Golden Idol","floor":4,"gold_loss":0},{"damage_healed":25,"gold_gain":0,"player_choice":"Banana","damage_taken":0,"max_hp_gain":0,"max_hp_loss":0,"event_name":"Big Fish","floor":5,"gold_loss":0},{"damage_healed":0,"gold_gain":0,"player_choice":"Left Gold","damage_taken":0,"max_hp_gain":0,"max_hp_loss":0,"event_name":"World of Goop","floor":12,"gold_loss":0},{"damage_healed":0,"gold_gain":0,"player_choice":"Ignored","damage_taken":0,"max_hp_gain":0,"max_hp_loss":0,"event_name":"Vampires","floor":20,"gold_loss":0},{"damage_healed":0,"gold_gain":0,"player_choice":"Fought Bandits","damage_taken":0,"max_hp_gain":0,"max_hp_loss":0,"event_name":"Masked Bandits","floor":22,"gold_loss":0},{"damage_healed":0,"gold_gain":0,"player_choice":"Simplicity","damage_taken":0,"max_hp_gain":0,"max_hp_loss":0,"event_name":"Back to Basics","floor":24,"gold_loss":0,"cards_upgraded":["Strike_B","Strike_B","Defend_B","Defend_B","Defend_B","Defend_B"]},{"damage_healed":0,"gold_gain":0,"player_choice":"Fight","damage_taken":0,"max_hp_gain":0,"max_hp_loss":0,"event_name":"Colosseum","floor":28,"gold_loss":0},{"damage_healed":0,"gold_gain":0,"player_choice":"Fought Nobs","damage_taken":0,"max_hp_gain":0,"max_hp_loss":0,"event_name":"Colosseum","floor":28,"gold_loss":0},{"cards_removed":["Conserve Battery"],"damage_healed":0,"gold_gain":0,"player_choice":"Removed Skill","damage_taken":0,"max_hp_gain":0,"max_hp_loss":0,"event_name":"Falling","floor":36,"gold_loss":0},{"damage_healed":0,"gold_gain":0,"player_choice":"Embrace Madness","damage_taken":12,"max_hp_gain":0,"max_hp_loss":0,"event_name":"Winding Halls","floor":38,"gold_loss":0,"cards_obtained":["Madness","Madness"]},{"damage_healed":0,"gold_gain":0,"player_choice":"Forge","damage_taken":0,"max_hp_gain":0,"max_hp_loss":0,"event_name":"Accursed Blacksmith","floor":44,"gold_loss":0,"cards_upgraded":["Dualcast"]},{"damage_healed":97,"gold_gain":0,"player_choice":"Heal","damage_taken":0,"max_hp_gain":0,"max_hp_loss":0,"event_name":"MindBloom","floor":47,"gold_loss":0,"cards_obtained":["Doubt"]}],"is_beta":false,"boss_relics":[{"not_picked":["Busted Crown","Lizard Tail"],"picked":"Nuclear Battery"},{"not_picked":["Runic Pyramid","Orrery"],"picked":"Black Star"}],"items_purged_floors":[],"is_endless":false,"potions_floor_spawned":[2,3,8,13,16,19,29,31,45],"ascension_level":6}