{"gold_per_floor":[114,114,114,114,39,67,67,98,137,175,205,227,239,278,290,405,417,447,477,77,77,97,97],"floor_reached":23,"playtime":1424,"items_purged":["Defend_R","Defend_R"],"score":217,"play_id":"75be2617-6857-4b79-ac4b-fe0ce5428ee2","local_time":"20190303210552","is_ascension_mode":true,"campfire_choices":[{"floor":7,"key":"REST"},{"floor":13,"key":"REST"},{"floor":15,"key":"REST"}],"neow_cost":"NONE","seed_source_timestamp":9560983255890,"circlet_count":0,"master_deck":["Strike_R","Strike_R","Strike_R","Strike_R+1","Strike_R","Defend_R+1","Bash","Twin Strike","Double Tap","Battle Trance","Dark Embrace","Disarm","Twin Strike","Dropkick","Feed","Dual Wield","Seeing Red","Whirlwind","Perfected Strike","Twin Strike","Infernal Blade","Perfected Strike+1","Warcry","Panache","Flash of Steel","Rupture","Corruption","Fiend Fire"],"relics":["Burning Blood","Boot","Ancient Tea Set","Dream Catcher","MawBank","Centennial Puzzle","Omamori","Odd Mushroom","Orrery"],"potions_floor_usage":[16,16,19,22,23,23],"damage_taken":[{"damage":5,"enemies":"Jaw Worm","floor":1,"turns":4},{"damage":15,"enemies":"Gremlin Nob","floor":6,"turns":4},{"damage":13,"enemies":"3 Sentries","floor":8,"turns":7},{"damage":22,"enemies":"Lagavulin","floor":10,"turns":5},{"damage":12,"enemies":"2 Louse","floor":11,"turns":2},{"damage":4,"enemies":"Cultist","floor":12,"turns":3},{"damage":44,"enemies":"The Mushroom Lair","floor":14,"turns":6},{"damage":32,"enemies":"Hexaghost","floor":16,"turns":10},{"damage":40,"enemies":"Shell Parasite","floor":18,"turns":8},{"damage":31,"enemies":"2 Thieves","floor":19,"turns":4},{"damage":20,"enemies":"Chosen and Byrds","floor":22,"turns":4},{"damage":19,"enemies":"Slavers","floor":23,"turns":1}],"seed_played":"-6566251778644571998","potions_obtained":[{"floor":8,"key":"Block Potion"},{"floor":11,"key":"Regen Potion"},{"floor":12,"key":"SneckoOil"},{"floor":16,"key":"Poison Potion"},{"floor":19,"key":"Ancient Potion"},{"floor":22,"key":"Explosive Potion"}],"is_trial":false,"path_per_floor":["M","?","T","?","$","E","R","E","T","E","M","M","R","?","R","B",null,"M","M","$","?","M","E"],"character_chosen":"IRONCLAD","items_purchased":["Warcry","Panache","Flash of Steel"],"campfire_rested":3,"item_purchase_floors":[20,20,20],"current_hp_per_floor":[80,64,64,64,64,55,79,72,72,56,50,52,76,38,62,51,80,46,24,24,24,13,0],"gold":97,"neow_bonus":"RANDOM_COMMON_RELIC","is_prod":false,"is_daily":false,"chose_seed":false,"campfire_upgraded":0,"win_rate":0,"timestamp":1551614752,"path_taken":["M","?","?","?","$","E","R","E","T","E","?","M","R","?","R","BOSS","M","M","$","?","M","E"],"build_version":"2019-01-23","purchased_purges":2,"victory":false,"max_hp_per_floor":[80,80,80,80,80,80,80,80,80,80,80,80,80,80,80,80,80,80,83,83,83,86,86],"card_choices":[{"not_picked":["Flex","Heavy Blade"],"picked":"Twin Strike","floor":1},{"not_picked":["Heavy Blade","Iron Wave"],"picked":"Metallicize","floor":6},{"not_picked":["Headbutt","Combust"],"picked":"Double Tap","floor":7},{"not_picked":["Thunderclap","Armaments"],"picked":"Battle Trance","floor":8},{"not_picked":["Headbutt","Heavy Blade"],"picked":"Dark Embrace","floor":10},{"not_picked":["Shrug It Off","Heavy Blade"],"picked":"Disarm","floor":11},{"not_picked":["Evolve","Shrug It Off"],"picked":"Corruption","floor":12},{"not_picked":["Flex","Wild Strike"],"picked":"Twin Strike","floor":13},{"not_picked":["Sever Soul","Wild Strike"],"picked":"Dropkick","floor":14},{"not_picked":["Immolate","Impervious"],"picked":"Feed","floor":16},{"not_picked":["Searing Blow","Shrug It Off"],"picked":"Dual Wield","floor":17},{"not_picked":["Spot Weakness","Warcry"],"picked":"Seeing Red","floor":17},{"not_picked":["Shrug It Off","Evolve"],"picked":"Whirlwind","floor":17},{"not_picked":["Juggernaut","Rampage"],"picked":"Perfected Strike","floor":17},{"not_picked":["Clash","Intimidate"],"picked":"Twin Strike","floor":17},{"not_picked":["Intimidate","Rampage"],"picked":"Infernal Blade","floor":18},{"not_picked":["Anger","Twin Strike"],"picked":"Perfected Strike+1","floor":19},{"not_picked":["Combust","Body Slam+1"],"picked":"Fiend Fire","floor":22}],"player_experience":34348,"relics_obtained":[{"floor":3,"key":"Ancient Tea Set"},{"floor":6,"key":"Dream Catcher"},{"floor":8,"key":"MawBank"},{"floor":9,"key":"Centennial Puzzle"},{"floor":10,"key":"Omamori"},{"floor":14,"key":"Odd Mushroom"}],"event_choices":[{"damage_healed":0,"gold_gain":0,"player_choice":"Entered Light","damage_taken":16,"max_hp_gain":0,"max_hp_loss":0,"event_name":"Shining Light","floor":2,"gold_loss":0,"cards_upgraded":["Defend_R","Strike_R"]},{"cards_removed":["Defend_R"],"damage_healed":0,"gold_gain":0,"player_choice":"Purged","damage_taken":0,"max_hp_gain":0,"max_hp_loss":0,"event_name":"Purifier","floor":4,"gold_loss":0},{"damage_healed":0,"gold_gain":0,"player_choice":"Fought Mushrooms","damage_taken":0,"max_hp_gain":0,"max_hp_loss":0,"event_name":"Mushrooms","floor":14,"gold_loss":0},{"damage_healed":0,"gold_gain":0,"cards_transformed":["Corruption","Metallicize"],"player_choice":"Became Test Subject","damage_taken":0,"max_hp_gain":0,"max_hp_loss":0,"event_name":"Drug Dealer","floor":21,"gold_loss":0,"cards_obtained":["Rupture","Corruption"]}],"is_beta":false,"boss_relics":[{"not_picked":["Mark of Pain","White Beast Statue"],"picked":"Orrery"}],"items_purged_floors":[5,20],"is_endless":false,"potions_floor_spawned":[8,11,12,16,19,22],"killed_by":"Slavers","ascension_level":1}