{"gold_per_floor":[119,134,134,134,148,177,189,200,226,266,6,31,41,41,41,137,137,152,152,164,183,98,128,128,159,159,259,259,271,288,319,319,414,464,480,480,480,97,117,143,143,163,189,189,214,214,9,21,21,21,21,21,21,54,54],"floor_reached":56,"playtime":4155,"items_purged":["Strike_G","Sucker Punch","Dash"],"score":1790,"play_id":"64c8e25a-29e1-4d87-a2af-5d5c4d417cba","local_time":"20190131200000","is_ascension_mode":true,"campfire_choices":[{"data":"Footwork","floor":15.0,"key":"SMITH"},{"floor":24.0,"key":"REST"},{"floor":28.0,"key":"REST"},{"floor":32.0,"key":"REST"},{"floor":44.0,"key":"RECALL"},{"data":"Footwork","floor":46.0,"key":"SMITH"},{"floor":49.0,"key":"REST"},{"data":"Neutralize","floor":52.0,"key":"SMITH"}],"neow_cost":"NONE","seed_source_timestamp":656947136490351,"circlet_count":0,"master_deck":["Defend_G","Defend_G","Defend_G","Defend_G","Survivor","Neutralize+1","Deflect","Predator","Dagger Throw","Blur","Footwork+1","Slice","Cloak And Dagger+1","Dash+1","Dagger Throw","Blur","Phantasmal Killer","Corpse Explosion","Burst+1","Adrenaline+1","Catalyst+1","PiercingWail","Escape Plan","Sucker Punch+1","Catalyst","Slice+1","Deadly Poison+1","Leg Sweep","Footwork+1","Glass Knife+1","Crippling Poison+1","Distraction+1","Footwork+1","Outmaneuver+1","Prepared+1","Swift Strike+1","Cloak And Dagger+1","Footwork+1","Well Laid Plans","Catalyst","Flying Knee+1","Acrobatics+1","Flying Knee+1","Backstab+1"],"special_seed":0,"relics":["Ring of the Snake","Omamori","MawBank","Smiling Mask","Mercury Hourglass","Astrolabe","Ancient Tea Set","Centennial Puzzle","Pear","Molten Egg 2","Tingsha","Matryoshka","Anchor","Tiny House","Mummified Hand","Dream Catcher","Pantograph","Bronze Scales","War Paint","Bottled Lightning"],"potions_floor_usage":[55],"damage_taken":[{"damage":0.0,"enemies":"2 Louse","floor":1.0,"turns":4.0},{"damage":2.0,"enemies":"Jaw Worm","floor":2.0,"turns":5.0},{"damage":2.0,"enemies":"Cultist","floor":5.0,"turns":4.0},{"damage":22.0,"enemies":"Lagavulin","floor":6.0,"turns":8.0},{"damage":0.0,"enemies":"Looter","floor":7.0,"turns":4.0},{"damage":2.0,"enemies":"3 Louse","floor":8.0,"turns":3.0},{"damage":7.0,"enemies":"3 Sentries","floor":10.0,"turns":11.0},{"damage":0.0,"enemies":"Lagavulin","floor":12.0,"turns":8.0},{"damage":0.0,"enemies":"Blue Slaver","floor":13.0,"turns":4.0},{"damage":10.0,"enemies":"The Guardian","floor":16.0,"turns":15.0},{"damage":2.0,"enemies":"Shell Parasite","floor":18.0,"turns":7.0},{"damage":0.0,"enemies":"Chosen","floor":20.0,"turns":6.0},{"damage":6.0,"enemies":"Snecko","floor":21.0,"turns":4.0},{"damage":27.0,"enemies":"Gremlin Leader","floor":23.0,"turns":8.0},{"damage":20.0,"enemies":"Slavers","floor":25.0,"turns":5.0},{"damage":13.0,"enemies":"Colosseum Slavers","floor":27.0,"turns":4.0},{"damage":21.0,"enemies":"Colosseum Nobs","floor":27.0,"turns":5.0},{"damage":8.0,"enemies":"Snake Plant","floor":29.0,"turns":4.0},{"damage":17.0,"enemies":"Chosen and Byrds","floor":30.0,"turns":7.0},{"damage":0.0,"enemies":"Book of Stabbing","floor":31.0,"turns":7.0},{"damage":0.0,"enemies":"Champ","floor":33.0,"turns":12.0},{"damage":24.0,"enemies":"3 Darklings","floor":35.0,"turns":10.0},{"damage":0.0,"enemies":"3 Shapes","floor":39.0,"turns":7.0},{"damage":21.0,"enemies":"Nemesis","floor":40.0,"turns":9.0},{"damage":0.0,"enemies":"Transient","floor":42.0,"turns":5.0},{"damage":16.0,"enemies":"Giant Head","floor":45.0,"turns":11.0},{"damage":0.0,"enemies":"Maw","floor":48.0,"turns":6.0},{"damage":48.0,"enemies":"Donu and Deca","floor":50.0,"turns":6.0},{"damage":13.0,"enemies":"Shield and Spear","floor":54.0,"turns":5.0},{"damage":121,"enemies":"The Heart","floor":55,"turns":7}],"seed_played":"2438412659147160537","potions_obtained":[{"floor":2.0,"key":"Dexterity Potion"},{"floor":6.0,"key":"Block Potion"},{"floor":7.0,"key":"Weak Potion"},{"floor":8.0,"key":"Dexterity Potion"},{"floor":12.0,"key":"PowerPotion"},{"floor":13.0,"key":"Ancient Potion"},{"floor":18.0,"key":"Strength Potion"},{"floor":27.0,"key":"GhostInAJar"},{"floor":29.0,"key":"Explosive Potion"},{"floor":30.0,"key":"Weak Potion"},{"floor":33.0,"key":"Regen Potion"},{"floor":34.0,"key":"SkillPotion"},{"floor":39.0,"key":"SpeedPotion"},{"floor":45.0,"key":"SneckoOil"},{"floor":48.0,"key":"FairyPotion"}],"is_trial":false,"path_per_floor":["M","M","?","T","M","E","M","M","T","E","$","E","M","?","R","B",null,"M","?","M","M","?","E","R","E","T","?","R","M","M","E","R","B",null,"M","?","?","$","M","E","?","M","T","R","E","R","$","M","R","B",null,"R","$","E","B",null],"character_chosen":"THE_SILENT","items_purchased":["Footwork","Slice","Cloak And Dagger","Dash","Mummified Hand","Footwork","Well Laid Plans","Catalyst","Flying Knee+1"],"campfire_rested":4,"item_purchase_floors":[11,11,11,11,38,38,47,47,47],"current_hp_per_floor":[70,68,61,61,59,37,37,35,35,28,28,28,28,28,28,18,62,60,60,60,54,54,27,50,40,40,6,32,24,7,7,33,33,79,55,55,55,55,70,49,49,49,49,49,33,33,33,33,59,36,74,74,74,61,7],"gold":54,"neow_bonus":"TEN_PERCENT_HP_BONUS","is_prod":false,"is_daily":false,"chose_seed":false,"campfire_upgraded":3,"win_rate":0,"timestamp":1548982800,"path_taken":["M","M","?","?","M","E","M","M","T","E","?","E","?","?","R","BOSS","M","?","M","M","?","E","R","E","T","?","R","M","M","E","R","BOSS","M","?","?","$","M","E","?","?","T","R","E","R","$","M","R","BOSS","R","$","E","BOSS"],"build_version":"2019-01-23","purchased_purges":3,"victory":true,"max_hp_per_floor":[77,77,77,77,77,77,77,77,77,77,77,77,77,77,77,77,77,77,77,77,77,77,77,77,87,87,87,87,87,87,87,87,87,92,92,87,87,87,87,87,87,87,87,87,87,87,87,87,87,87,87,87,87,87,87],"card_choices":[{"not_picked":["Dagger Spray","Blade Dance"],"picked":"Deflect","floor":1.0},{"not_picked":["Dagger Spray","Masterful Stab"],"picked":"Predator","floor":2.0},{"not_picked":["Heel Hook","Envenom"],"picked":"Dagger Throw","floor":5.0},{"not_picked":["Riddle With Holes","A Thousand Cuts","Deflect"],"picked":"SKIP","floor":6.0},{"not_picked":["Outmaneuver","Deadly Poison"],"picked":"Sucker Punch","floor":7.0},{"not_picked":["Flying Knee","All Out Attack"],"picked":"Dash","floor":8.0},{"not_picked":["Finisher","Predator"],"picked":"Blur","floor":10.0},{"not_picked":["Endless Agony","Crippling Poison"],"picked":"Dagger Throw","floor":12.0},{"not_picked":["Prepared","Deflect"],"picked":"Blur","floor":13.0},{"not_picked":["Wraith Form v2","Night Terror"],"picked":"Corpse Explosion","floor":16.0},{"not_picked":["Dagger Throw","Dodge and Roll"],"picked":"PiercingWail","floor":18.0},{"not_picked":["Dagger Spray","Backflip"],"picked":"Escape Plan","floor":20.0},{"not_picked":["Escape Plan","Deadly Poison"],"picked":"Sucker Punch+1","floor":21.0},{"not_picked":["Calculated Gamble","Bullet Time"],"picked":"Catalyst","floor":23.0},{"not_picked":["Dagger Spray","Dodge and Roll","Reflex+1"],"picked":"SKIP","floor":25.0},{"not_picked":["Reflex","Setup"],"picked":"Slice+1","floor":27.0},{"not_picked":["Distraction","Flying Knee+1"],"picked":"Deadly Poison","floor":29.0},{"not_picked":["Acrobatics","Eviscerate+1"],"picked":"Leg Sweep","floor":30.0},{"not_picked":["Backflip","PiercingWail"],"picked":"Footwork+1","floor":31.0},{"not_picked":["A Thousand Cuts","Malaise"],"picked":"Glass Knife+1","floor":33.0},{"not_picked":["Skewer+1","Eviscerate+1"],"picked":"Crippling Poison+1","floor":34.0},{"not_picked":["Quick Slash+1","Poisoned Stab+1"],"picked":"Distraction+1","floor":35.0},{"not_picked":["Concentrate+1","Cloak And Dagger+1"],"picked":"Outmaneuver+1","floor":39.0},{"not_picked":["Dagger Spray+1","Blade Dance+1"],"picked":"Prepared+1","floor":40.0},{"not_picked":["Enlightenment","Good Instincts"],"picked":"Swift Strike+1","floor":41.0},{"not_picked":["Masterful Stab+1","Dagger Spray+1"],"picked":"Cloak And Dagger+1","floor":42.0},{"not_picked":["Slice+1","Acrobatics"],"picked":"Footwork+1","floor":45.0},{"not_picked":["Terror+1","Footwork"],"picked":"Acrobatics+1","floor":48.0},{"not_picked":["Crippling Poison","Dagger Spray+1"],"picked":"Flying Knee+1","floor":49.0},{"not_picked":["Tools of the Trade","Underhanded Strike+1"],"picked":"Backstab+1","floor":54.0}],"player_experience":282599,"relics_obtained":[{"floor":6.0,"key":"Omamori"},{"floor":9.0,"key":"MawBank"},{"floor":10.0,"key":"Smiling Mask"},{"floor":12.0,"key":"Mercury Hourglass"},{"floor":23.0,"key":"Centennial Puzzle"},{"floor":25.0,"key":"Pear"},{"floor":26.0,"key":"Molten Egg 2"},{"floor":27.0,"key":"Tingsha"},{"floor":27.0,"key":"Matryoshka"},{"floor":31.0,"key":"Anchor"},{"floor":40.0,"key":"Dream Catcher"},{"floor":43.0,"key":"Pantograph"},{"floor":43.0,"key":"Bronze Scales"},{"floor":45.0,"key":"War Paint"},{"floor":54.0,"key":"Bottled Lightning"}],"event_choices":[{"cards_removed":["Strike_G"],"damage_healed":0.0,"max_hp_gain":0.0,"max_hp_loss":0.0,"gold_gain":0.0,"event_name":"Golden Wing","player_choice":"Card Removal","floor":3.0,"gold_loss":0.0,"damage_taken":7.0},{"damage_healed":0.0,"max_hp_gain":0.0,"max_hp_loss":0.0,"gold_gain":0.0,"cards_transformed":["Strike_G"],"event_name":"Transmorgrifier","player_choice":"Transformed","floor":14.0,"gold_loss":0.0,"damage_taken":0.0,"cards_obtained":["Phantasmal Killer"]},{"damage_healed":0.0,"max_hp_gain":0.0,"max_hp_loss":0.0,"gold_gain":0.0,"event_name":"Ghosts","player_choice":"Ignored","floor":19.0,"gold_loss":0.0,"damage_taken":0.0},{"damage_healed":0.0,"max_hp_gain":0.0,"max_hp_loss":0.0,"gold_gain":0.0,"event_name":"Addict","player_choice":"Obtained Relic","floor":22.0,"gold_loss":85.0,"damage_taken":0.0,"relics_obtained":["Ancient Tea Set"]},{"damage_healed":0.0,"max_hp_gain":0.0,"max_hp_loss":0.0,"gold_gain":0.0,"event_name":"Colosseum","player_choice":"Fight","floor":27.0,"gold_loss":0.0,"damage_taken":0.0},{"damage_healed":0.0,"max_hp_gain":0.0,"max_hp_loss":0.0,"gold_gain":0.0,"event_name":"Colosseum","player_choice":"Fought Nobs","floor":27.0,"gold_loss":0.0,"damage_taken":0.0},{"damage_healed":0.0,"max_hp_gain":0.0,"max_hp_loss":5.0,"gold_gain":0.0,"event_name":"Winding Halls","player_choice":"Max HP","floor":36.0,"gold_loss":0.0,"damage_taken":0.0},{"damage_healed":0.0,"max_hp_gain":0.0,"max_hp_loss":0.0,"gold_gain":0.0,"event_name":"Tomb of Lord Red Mask","player_choice":"Ignored","floor":37.0,"gold_loss":0.0,"damage_taken":0.0},{"damage_healed":0.0,"max_hp_gain":0.0,"max_hp_loss":0.0,"gold_gain":0.0,"event_name":"SensoryStone","player_choice":"Memory 1","floor":41.0,"gold_loss":0.0,"damage_taken":0.0}],"is_beta":false,"boss_relics":[{"not_picked":["Orrery","Pandora\u0027s Box"],"picked":"Astrolabe"},{"not_picked":["Lizard Tail","Runic Dome"],"picked":"Tiny House"}],"items_purged_floors":[11,38,47],"is_endless":false,"potions_floor_spawned":[2,6,7,8,12,13,18,27,29,30,33,39,45,48,54],"ascension_level":7}