{"gold_per_floor":[115,16,16,16,26,51,51,70,70,40,59,59,77,88,88,162,162,178,15,30,30,30],"floor_reached":22,"playtime":1223,"items_purged":["Strike_B"],"score":307,"play_id":"cad7c292-19ef-4f4d-b88d-4511649f4a84","local_time":"20181114011407","is_ascension_mode":true,"campfire_choices":[{"data":"Defragment","floor":7,"key":"SMITH"},{"data":"Fusion","floor":12,"key":"SMITH"},{"data":"Fusion","floor":15,"key":"SMITH"}],"neow_cost":"TEN_PERCENT_HP_LOSS","seed_source_timestamp":282951935767903,"circlet_count":0,"master_deck":["AscendersBane","Strike_B","Strike_B","Strike_B","Defend_B","Defend_B","Defend_B","Defend_B","Zap","Dualcast","Fusion+1","Defragment+1","Conserve Battery","Redo","White Noise","Fusion+1","Hello World","Streamline","Streamline","Amplify","Multi-Cast","Tempest","Coolheaded","Reprogram","Sweeping Beam"],"relics":["Cracked Core","Ice Cream","Meat on the Bone","PreservedInsect","Gremlin Horn","Inserter"],"potions_floor_usage":[6,6,16,16,22,22],"damage_taken":[{"damage":6,"enemies":"Cultist","floor":1,"turns":3},{"damage":2,"enemies":"Small Slimes","floor":5,"turns":4},{"damage":28,"enemies":"3 Sentries","floor":6,"turns":7},{"damage":5,"enemies":"Jaw Worm","floor":8,"turns":2},{"damage":6,"enemies":"Looter","floor":10,"turns":4},{"damage":12,"enemies":"Blue Slaver","floor":11,"turns":4},{"damage":12,"enemies":"3 Louse","floor":13,"turns":4},{"damage":15,"enemies":"2 Fungi Beasts","floor":14,"turns":3},{"damage":38,"enemies":"The Guardian","floor":16,"turns":12},{"damage":31,"enemies":"Shell Parasite","floor":18,"turns":5},{"damage":25,"enemies":"Chosen","floor":20,"turns":6},{"damage":22,"enemies":"Shelled Parasite and Fungi","floor":22,"turns":3}],"seed_played":"-7044950319059354542","potions_obtained":[{"floor":1,"key":"Fire Potion"},{"floor":4,"key":"EntropicBrew"},{"floor":6,"key":"EssenceOfSteel"},{"floor":16,"key":"FocusPotion"},{"floor":18,"key":"EssenceOfSteel"}],"is_trial":false,"path_per_floor":["M","$","?","?","M","E","R","M","T","M","M","R","M","M","R","B",null,"M","$","M","?","M"],"character_chosen":"DEFECT","items_purchased":["Defragment","Conserve Battery","Coolheaded","Reprogram"],"campfire_rested":0,"item_purchase_floors":[2,2,19,19],"current_hp_per_floor":[62,62,59,59,57,41,41,36,36,42,42,42,42,39,39,13,54,35,35,22,22,0],"gold":30,"neow_bonus":"ONE_RARE_RELIC","is_prod":false,"is_daily":false,"chose_seed":false,"campfire_upgraded":3,"win_rate":0,"timestamp":1542186847,"path_taken":["M","$","?","?","M","E","R","M","T","M","?","R","M","M","R","BOSS","M","$","M","?","M"],"build_version":"2018-11-08","purchased_purges":1,"victory":false,"max_hp_per_floor":[68,68,68,68,68,68,68,68,68,68,68,68,68,68,68,68,68,68,68,68,68,68],"card_choices":[{"not_picked":["Double Energy","Streamline"],"picked":"Fusion","floor":1},{"not_picked":["Compile Driver","Stack"],"picked":"Redo","floor":5},{"not_picked":["Lockon","BootSequence"],"picked":"White Noise","floor":6},{"not_picked":["Hologram","Rebound"],"picked":"Fusion","floor":8},{"not_picked":["Sunder","Redo"],"picked":"Hello World","floor":10},{"not_picked":["Reinforced Body","Steam"],"picked":"Streamline","floor":11},{"not_picked":["Genetic Algorithm","Leap"],"picked":"Streamline","floor":13},{"not_picked":["Go for the Eyes","Leap"],"picked":"Amplify","floor":14},{"not_picked":["Biased Cognition","Seek"],"picked":"Multi-Cast","floor":16},{"not_picked":["Conserve Battery","Sweeping Beam"],"picked":"Tempest","floor":18},{"not_picked":["Barrage","Leap"],"picked":"Sweeping Beam","floor":20}],"player_experience":407952,"relics_obtained":[{"floor":6,"key":"PreservedInsect"},{"floor":9,"key":"Gremlin Horn"}],"event_choices":[{"damage_healed":0,"gold_gain":0,"player_choice":"Success","damage_taken":3,"relics_obtained":["Meat on the Bone"],"max_hp_gain":0,"max_hp_loss":0,"event_name":"Scrap Ooze","floor":3,"gold_loss":0},{"damage_healed":0,"gold_gain":0,"player_choice":"Got Potions","damage_taken":0,"max_hp_gain":0,"max_hp_loss":0,"event_name":"Lab","floor":4,"gold_loss":0},{"damage_healed":0,"gold_gain":0,"player_choice":"Ignored","damage_taken":0,"max_hp_gain":0,"max_hp_loss":0,"event_name":"Cursed Tome","floor":21,"gold_loss":0}],"is_beta":false,"boss_relics":[{"not_picked":["Calling Bell","Coffee Dripper"],"picked":"Inserter"}],"items_purged_floors":[19],"is_endless":false,"potions_floor_spawned":[1,6,13,16,18],"killed_by":"Shelled Parasite and Fungi","ascension_level":13}