{"gold_per_floor":[110,122,47,64,64,95,95,109,134,134,149,49,49,78,78,175,175,193,203,215,233,233],"floor_reached":22,"playtime":3088,"items_purged":["Strike_R","Strike_R"],"score":198,"play_id":"6336b22d-3150-4085-b7b0-3ca598b30cd0","local_time":"20190222121811","is_ascension_mode":false,"campfire_choices":[{"data":"Seeing Red","floor":7,"key":"SMITH"},{"data":"Rampage","floor":10,"key":"SMITH"},{"data":"Metallicize","floor":13,"key":"SMITH"},{"data":"Dark Embrace","floor":15,"key":"SMITH"}],"neow_cost":"NONE","seed_source_timestamp":99116930617654,"circlet_count":0,"master_deck":["Strike_R","Strike_R","Strike_R","Defend_R","Defend_R","Defend_R","Defend_R","Bash","Finesse","Heavy Blade","Seeing Red+1","Rampage+1","Warcry","Headbutt","Metallicize+1","Dark Embrace+1","Barricade","Shrug It Off","Battle Trance","Demon Form","Headbutt","Armaments"],"relics":["Burning Blood","Anchor","Bag of Preparation","Boot","Orrery"],"potions_floor_usage":[6,16,18,21],"damage_taken":[{"damage":4,"enemies":"Small Slimes","floor":1,"turns":6},{"damage":4,"enemies":"Cultist","floor":2,"turns":3},{"damage":2,"enemies":"Jaw Worm","floor":4,"turns":4},{"damage":11,"enemies":"Gremlin Nob","floor":6,"turns":3},{"damage":0,"enemies":"Looter","floor":8,"turns":3},{"damage":1,"enemies":"3 Louse","floor":11,"turns":3},{"damage":16,"enemies":"Lagavulin","floor":14,"turns":6},{"damage":25,"enemies":"Slime Boss","floor":16,"turns":8},{"damage":16,"enemies":"Shell Parasite","floor":18,"turns":7},{"damage":22,"enemies":"Spheric Guardian","floor":19,"turns":4},{"damage":29,"enemies":"Chosen and Byrds","floor":20,"turns":8},{"damage":13,"enemies":"Snake Plant","floor":21,"turns":6},{"damage":25,"enemies":"Sentry and Sphere","floor":22,"turns":5}],"seed_played":"-6800808798988570950","potions_obtained":[{"floor":1,"key":"PowerPotion"},{"floor":2,"key":"Weak Potion"},{"floor":11,"key":"Dexterity Potion"},{"floor":14,"key":"Fire Potion"},{"floor":20,"key":"EssenceOfSteel"},{"floor":21,"key":"PowerPotion"}],"is_trial":false,"path_per_floor":["M","M","$","M","?","E","R","M","T","R","M","$","R","E","R","B",null,"M","M","M","M","M"],"character_chosen":"IRONCLAD","items_purchased":[],"campfire_rested":0,"item_purchase_floors":[],"current_hp_per_floor":[80,80,80,80,80,75,75,80,80,80,80,80,80,70,70,51,80,70,54,31,24,0],"gold":233,"neow_bonus":"RANDOM_COLORLESS","is_prod":false,"is_daily":false,"chose_seed":false,"campfire_upgraded":4,"win_rate":0,"timestamp":1550837891,"path_taken":["M","M","$","M","?","E","R","M","T","R","M","?","R","E","R","BOSS","M","M","?","M","?"],"build_version":"2019-01-23","purchased_purges":2,"victory":false,"max_hp_per_floor":[80,80,80,80,80,80,80,80,80,80,80,80,80,80,80,80,80,80,80,80,80,80],"card_choices":[{"not_picked":["Anger","Iron Wave"],"picked":"Heavy Blade","floor":1},{"not_picked":["Evolve","Uppercut"],"picked":"Seeing Red","floor":2},{"not_picked":["Iron Wave","Armaments"],"picked":"Rampage","floor":4},{"not_picked":["Havoc","Blood for Blood"],"picked":"Warcry","floor":6},{"not_picked":["Body Slam","Havoc"],"picked":"Headbutt","floor":8},{"not_picked":["Clothesline","Rampage"],"picked":"Metallicize","floor":11},{"not_picked":["Disarm","Flex"],"picked":"Dark Embrace","floor":14},{"not_picked":["Fiend Fire","Feed"],"picked":"Barricade","floor":16},{"not_picked":["Dropkick","Rampage"],"picked":"Shrug It Off","floor":17},{"not_picked":["Warcry","Thunderclap"],"picked":"Battle Trance","floor":17},{"not_picked":["Heavy Blade","Clothesline"],"picked":"Demon Form","floor":17},{"not_picked":["Hemokinesis","Metallicize"],"picked":"Headbutt","floor":18},{"not_picked":["Flex","Wild Strike"],"picked":"Armaments","floor":19},{"not_picked":["Havoc","Whirlwind","Reckless Charge"],"picked":"SKIP","floor":20},{"not_picked":["Flex","Anger+1","Warcry"],"picked":"SKIP","floor":21}],"player_experience":422247,"relics_obtained":[{"floor":6,"key":"Anchor"},{"floor":9,"key":"Bag of Preparation"},{"floor":14,"key":"Boot"}],"event_choices":[{"damage_healed":0,"gold_gain":0,"player_choice":"Bought 0 Potions","damage_taken":0,"max_hp_gain":0,"max_hp_loss":0,"event_name":"The Woman in Blue","floor":5,"gold_loss":0}],"is_beta":false,"boss_relics":[{"not_picked":["Runic Pyramid","Snecko Eye"],"picked":"Orrery"}],"items_purged_floors":[3,12],"is_endless":false,"potions_floor_spawned":[1,2,11,14,20,21],"killed_by":"Sentry and Sphere","ascension_level":0}