{"gold_per_floor":[113,28,28,47,61,61,95,6,29,55,5,0],"floor_reached":12,"playtime":439,"items_purged":["Strike_R","Strike_R"],"score":95,"play_id":"66d5b0b4-c850-4846-bf04-db66e7dd4e24","local_time":"20190306094246","is_ascension_mode":true,"campfire_choices":[{"data":"Searing Blow","floor":6,"key":"SMITH"}],"neow_cost":"NONE","seed_source_timestamp":413600003735321,"circlet_count":0,"master_deck":["Strike_R","Strike_R","Strike_R","Defend_R","Defend_R","Defend_R","Defend_R","Bash","Infernal Blade","Inflame+1","Flex","Inflame","Searing Blow+1","Rampage","Metallicize"],"relics":["Burning Blood","NeowsBlessing","Smiling Mask","Happy Flower"],"potions_floor_usage":[7],"damage_taken":[{"damage":0,"enemies":"Small Slimes","floor":1,"turns":1},{"damage":0,"enemies":"Cultist","floor":4,"turns":1},{"damage":0,"enemies":"2 Louse","floor":5,"turns":1},{"damage":42,"enemies":"Lagavulin","floor":7,"turns":7},{"damage":40,"enemies":"Gremlin Nob","floor":10,"turns":5},{"damage":29,"enemies":"Exordium Thugs","floor":12,"turns":2}],"seed_played":"5905028921858441673","potions_obtained":[{"floor":4,"key":"Regen Potion"},{"floor":7,"key":"LiquidBronze"}],"is_trial":false,"path_per_floor":["M","$","?","M","M","R","E","$","T","E","$","M"],"character_chosen":"IRONCLAD","items_purchased":["Inflame","Flex","Metallicize"],"campfire_rested":0,"item_purchase_floors":[2,2,8],"current_hp_per_floor":[80,80,80,80,80,80,53,53,53,19,19,0],"gold":0,"neow_bonus":"THREE_ENEMY_KILL","is_prod":false,"is_daily":false,"chose_seed":false,"campfire_upgraded":1,"win_rate":0,"timestamp":1551876166,"path_taken":["M","$","?","M","M","R","E","$","T","E","$","?"],"build_version":"2019-01-23","purchased_purges":2,"victory":false,"max_hp_per_floor":[80,80,80,80,80,80,80,80,80,80,80,80],"card_choices":[{"not_picked":["Flex","Iron Wave"],"picked":"Infernal Blade","floor":1},{"not_picked":["Headbutt","Sentinel"],"picked":"Inflame","floor":4},{"not_picked":["Havoc","Battle Trance"],"picked":"Searing Blow","floor":5},{"not_picked":["Clash","Perfected Strike"],"picked":"Rampage","floor":7},{"not_picked":["Havoc","Brutality","Anger"],"picked":"SKIP","floor":10}],"player_experience":159037,"relics_obtained":[{"floor":7,"key":"Smiling Mask"},{"floor":10,"key":"Happy Flower"}],"event_choices":[{"damage_healed":0,"gold_gain":0,"player_choice":"Upgraded","damage_taken":0,"max_hp_gain":0,"max_hp_loss":0,"event_name":"Upgrade Shrine","floor":3,"gold_loss":0,"cards_upgraded":["Inflame"]}],"is_beta":false,"boss_relics":[],"items_purged_floors":[8,11],"is_endless":false,"potions_floor_spawned":[4,7],"killed_by":"Exordium Thugs","ascension_level":2}