{"gold_per_floor":[115,115,115,415,432,459,459,52,100,100,115,131,161,180,180,259,259,273,2,12,12,27,27,52,52],"floor_reached":25,"playtime":885,"items_purged":[],"score":467,"play_id":"89236dc4-b948-4c0f-9166-ee9f86d38254","local_time":"20190119171012","is_ascension_mode":true,"campfire_choices":[{"data":"Coolheaded","floor":7,"key":"SMITH"},{"data":"Zap","floor":10,"key":"SMITH"},{"data":"Capacitor","floor":15,"key":"SMITH"},{"floor":23,"key":"REST"}],"neow_cost":"NONE","seed_source_timestamp":780251320326600,"circlet_count":0,"master_deck":["AscendersBane","Strike_B+1","Strike_B","Strike_B","Defend_B","Defend_B","Defend_B","Defend_B","Zap+1","Dualcast","Defragment+1","Steam","Coolheaded+1","Capacitor+1","Conserve Battery","Coolheaded","Ball Lightning","Ball Lightning","Fission","Redo+1","Coolheaded","Biased Cognition","Capacitor"],"relics":["Cracked Core","NeowsBlessing","Old Coin","Orichalcum","Bottled Tornado","Bronze Scales","Tiny Chest","Cursed Key","ClockworkSouvenir","Nilry\u0027s Codex","Anchor"],"potions_floor_usage":[18],"damage_taken":[{"damage":0,"enemies":"Cultist","floor":1,"turns":1},{"damage":0,"enemies":"Jaw Worm","floor":5,"turns":1},{"damage":0,"enemies":"Lagavulin","floor":6,"turns":1},{"damage":1,"enemies":"Small Slimes","floor":11,"turns":3},{"damage":0,"enemies":"Looter","floor":12,"turns":3},{"damage":6,"enemies":"Exordium Wildlife","floor":14,"turns":3},{"damage":1,"enemies":"Hexaghost","floor":16,"turns":7},{"damage":3,"enemies":"Chosen","floor":18,"turns":5},{"damage":8,"enemies":"2 Thieves","floor":20,"turns":5},{"damage":13,"enemies":"Sentry and Sphere","floor":22,"turns":5},{"damage":28,"enemies":"Gremlin Leader","floor":24,"turns":7},{"damage":5,"enemies":"Shelled Parasite and Fungi","floor":25,"turns":1}],"seed_played":"5830353705786882378","potions_obtained":[{"floor":1,"key":"Poison Potion"},{"floor":6,"key":"Ancient Potion"},{"floor":12,"key":"Weak Potion"},{"floor":18,"key":"Strength Potion"}],"is_trial":false,"path_per_floor":["M","?","?","?","M","E","R","$","T","R","M","M","T","M","R","B",null,"M","$","M","?","M","R","E","M"],"character_chosen":"DEFECT","items_purchased":["Bottled Tornado","Capacitor","Conserve Battery","ClockworkSouvenir","Coolheaded"],"campfire_rested":1,"item_purchase_floors":[8,8,8,19,19],"current_hp_per_floor":[64,43,36,18,18,18,18,18,18,18,17,17,17,11,11,10,56,53,53,45,24,11,32,4,0],"gold":52,"neow_bonus":"THREE_ENEMY_KILL","is_prod":false,"is_daily":false,"chose_seed":false,"campfire_upgraded":3,"win_rate":0,"timestamp":1547946612,"path_taken":["M","?","?","?","M","E","R","$","T","R","M","M","?","M","R","BOSS","M","$","M","?","M","R","E","M"],"build_version":"2019-01-17v2","purchased_purges":0,"victory":false,"max_hp_per_floor":[71,71,71,71,71,71,71,71,71,71,71,71,71,71,71,71,71,71,71,71,71,71,71,71,71],"card_choices":[{"not_picked":["Rebound","Scrape"],"picked":"Defragment","floor":1},{"not_picked":["Rebound","Stack"],"picked":"Steam","floor":5},{"not_picked":["Static Discharge","Conserve Battery"],"picked":"Coolheaded","floor":6},{"not_picked":["Sweeping Beam","Stack"],"picked":"Coolheaded","floor":11},{"not_picked":["BootSequence","Gash"],"picked":"Ball Lightning","floor":12},{"not_picked":["Force Field","Compile Driver"],"picked":"Ball Lightning","floor":14},{"not_picked":["Meteor Strike","Machine Learning"],"picked":"Fission","floor":16},{"not_picked":["Aggregate","Hologram"],"picked":"Redo+1","floor":18},{"not_picked":["Beam Cell+1","Turbo","Gash"],"picked":"SKIP","floor":20},{"not_picked":["Compile Driver","Sweeping Beam"],"picked":"Biased Cognition","floor":22},{"not_picked":["Go for the Eyes","Hologram"],"picked":"Capacitor","floor":24}],"player_experience":553604,"relics_obtained":[{"floor":6,"key":"Orichalcum"},{"floor":9,"key":"Bronze Scales"},{"floor":13,"key":"Tiny Chest"},{"floor":21,"key":"Nilry\u0027s Codex"},{"floor":24,"key":"Anchor"}],"event_choices":[{"damage_healed":0,"gold_gain":0,"player_choice":"Entered Light","damage_taken":21,"max_hp_gain":0,"max_hp_loss":0,"event_name":"Shining Light","floor":2,"gold_loss":0,"cards_upgraded":["Strike_B","Defragment"]},{"cards_removed":["Strike_B"],"damage_healed":0,"gold_gain":0,"player_choice":"Card Removal","damage_taken":7,"max_hp_gain":0,"max_hp_loss":0,"event_name":"Golden Wing","floor":3,"gold_loss":0},{"damage_healed":0,"gold_gain":0,"player_choice":"Success","damage_taken":18,"relics_obtained":["Old Coin"],"max_hp_gain":0,"max_hp_loss":0,"event_name":"Scrap Ooze","floor":4,"gold_loss":0},{"damage_healed":0,"gold_gain":0,"player_choice":"Obtained Book","damage_taken":21,"max_hp_gain":0,"max_hp_loss":0,"event_name":"Cursed Tome","floor":21,"gold_loss":0}],"is_beta":false,"boss_relics":[{"not_picked":["Snecko Eye","White Beast Statue"],"picked":"Cursed Key"}],"items_purged_floors":[],"is_endless":false,"potions_floor_spawned":[1,6,12,16,18],"killed_by":"Shelled Parasite and Fungi","ascension_level":18}