{"path_per_floor":["M","?","?","M","M","R","E","M","T","M","M","$","E","M","R","B",null,"M","?","M","M","M","R","E","M","T","E","M","M","?","?","R"],"character_chosen":"IRONCLAD","items_purchased":["Limit Break"],"gold_per_floor":[117,117,117,133,143,143,171,182,182,196,214,53,80,95,95,195,195,120,120,120,120,120,120,120,120,120,120,120,120,120,120,120,120],"floor_reached":33,"campfire_rested":2,"playtime":1731,"current_hp_per_floor":[75,59,52,58,64,64,52,58,58,58,62,62,63,62,62,42,80,67,67,61,37,34,58,56,45,55,41,29,29,29,29,56,0],"items_purged":[],"gold":120,"score":378,"play_id":"b0f5a046-6c64-4e59-8c86-37d85c1c0f9a","local_time":"20180417223833","is_prod":false,"is_daily":false,"chose_seed":false,"is_ascension_mode":false,"campfire_upgraded":2,"timestamp":1523997513,"path_taken":["M","?","?","M","M","R","E","M","T","?","M","$","E","M","R","BOSS","M","?","M","M","M","R","E","M","T","E","M","?","?","?","R","BOSS"],"build_version":"2018-04-12","seed_source_timestamp":15055670645364,"purchased_purges":0,"victory":false,"master_deck":["Strike_R","Strike_R","Strike_R+1","Defend_R","Defend_R","Defend_R+1","Defend_R","Bash","Rampage+1","Whirlwind","Iron Wave","Shrug It Off","Shrug It Off","Pommel Strike+1","Combust","Limit Break+1","Reckless Charge+1","Rupture","Brutality","Hemokinesis+1","Ghostly Armor+1","Corruption","Shrug It Off","Shrug It Off"],"max_hp_per_floor":[80,80,80,80,80,80,80,80,80,80,80,80,80,80,80,80,80,80,80,80,80,80,80,80,80,90,90,90,90,90,90,90,90],"relics":["Burning Blood","Self Forming Clay","Molten Egg 2","Art of War","Ectoplasm","Anchor","Pear","Pen Nib"],"card_choices":[{"not_picked":["Wild Strike","Warcry"],"picked":"Rampage","floor":1},{"not_picked":["Entrench","Sword Boomerang"],"picked":"Whirlwind","floor":4},{"not_picked":["Blood for Blood","Spot Weakness"],"picked":"Iron Wave","floor":5},{"not_picked":["Power Through","Bludgeon"],"picked":"Shrug It Off","floor":7},{"not_picked":["Power Through","Rampage"],"picked":"Shrug It Off","floor":8},{"not_picked":["Perfected Strike","Heavy Blade"],"picked":"Pommel Strike","floor":10},{"not_picked":["Warcry","Rupture"],"picked":"Combust","floor":11},{"not_picked":["Armaments","Havoc"],"picked":"Reckless Charge","floor":13},{"not_picked":["Reckless Charge","Iron Wave"],"picked":"Rupture","floor":14},{"not_picked":["Berserk","Fiend Fire"],"picked":"Brutality","floor":16},{"not_picked":["Clash","Bloodletting"],"picked":"Hemokinesis","floor":18},{"not_picked":["Combust","Blood for Blood"],"picked":"Ghostly Armor","floor":20},{"not_picked":["Heavy Blade","Impervious"],"picked":"Corruption","floor":25},{"not_picked":["Bloodletting","Thunderclap"],"picked":"Shrug It Off","floor":27},{"not_picked":["Pommel Strike","Double Tap"],"picked":"Shrug It Off","floor":29}],"player_experience":342774,"potions_floor_usage":[27,33],"damage_taken":[{"damage":11,"enemies":"Jaw Worm","floor":1,"turns":2},{"damage":0,"enemies":"Small Slimes","floor":4,"turns":2},{"damage":0,"enemies":"2 Louse","floor":5,"turns":3},{"damage":18,"enemies":"Gremlin Nob","floor":7,"turns":4},{"damage":0,"enemies":"Lots of Slimes","floor":8,"turns":1},{"damage":6,"enemies":"3 Louse","floor":10,"turns":2},{"damage":2,"enemies":"Looter","floor":11,"turns":4},{"damage":5,"enemies":"3 Sentries","floor":13,"turns":6},{"damage":7,"enemies":"Large Slime","floor":14,"turns":5},{"damage":26,"enemies":"Slime Boss","floor":16,"turns":8},{"damage":19,"enemies":"2 Thieves","floor":18,"turns":4},{"damage":12,"enemies":"Shell Parasite","floor":20,"turns":5},{"damage":30,"enemies":"Centurion and Healer","floor":21,"turns":6},{"damage":9,"enemies":"Snecko","floor":22,"turns":4},{"damage":8,"enemies":"Gremlin Leader","floor":24,"turns":5},{"damage":17,"enemies":"Cultist and Chosen","floor":25,"turns":7},{"damage":20,"enemies":"Book of Stabbing","floor":27,"turns":5},{"damage":18,"enemies":"Snake Plant","floor":28,"turns":4},{"damage":6,"enemies":"3 Cultists","floor":29,"turns":4},{"damage":66,"enemies":"Automaton","floor":33,"turns":8}],"event_choices":[{"event_name":"Shining Light","player_choice":"Entered Light","floor":2,"damage_taken":0},{"event_name":"Golden Wing","player_choice":"Card Removal","floor":3,"damage_taken":0},{"event_name":"Back to Basics","player_choice":"Elegance","floor":19,"damage_taken":0},{"event_name":"Golden Shrine","player_choice":"Pray","floor":30,"damage_taken":0},{"event_name":"Vampires","player_choice":"Ignored","floor":31,"damage_taken":0}],"boss_relics":[{"not_picked":["Runic Pyramid","Tiny House"],"picked":"Ectoplasm"}],"potions_floor_spawned":[1,5,8,10,18,21,25,27],"seed_played":"7738924466379316064","killed_by":"Automaton","ascension_level":0,"is_trial":false}