{"gold_per_floor":[111,211,211,228,8,43,43,73,73,90,120,135,146,165,165,239,239,250,262,262,187,115,115,165,196,196,18,35,35,61,74,74,149,149,159,179,193,213,5,32,48,59,59,88,88,101,160,185,185,185],"floor_reached":51,"playtime":3532,"items_purged":[],"score":1580,"play_id":"c01a1440-5788-4d1f-9f41-816159009cef","local_time":"20180630174112","is_ascension_mode":true,"campfire_choices":[{"data":"Dualcast","floor":7,"key":"SMITH"},{"data":"Cold Snap","floor":15,"key":"SMITH"},{"data":"Doom and Gloom","floor":23,"key":"SMITH"},{"floor":29,"key":"REST"},{"data":"Compile Driver","floor":32,"key":"SMITH"},{"data":"Capacitor","floor":45,"key":"SMITH"},{"floor":49,"key":"REST"}],"neow_cost":"NONE","seed_source_timestamp":1106563282094182,"circlet_count":0,"master_deck":["Strike_B+1","Strike_B+1","Strike_B+1","Defend_B+1","Defend_B+1","Defend_B+1","Defend_B+1","Zap+1","Dualcast+1","AscendersBane","Compile Driver","Cold Snap+1","Doom and Gloom+1","Core Surge","Genetic Algorithm+1","Tempest+1","Reinforced Body+1","Coolheaded+1","Stack+1","Seek+1","Compile Driver+1","Stack+1","Fusion+1","Leap+1","Conserve Battery+1","Redo+1","Hologram+1","Compile Driver","Skim+1","All For One","Capacitor+1","Chaos+1","FTL","Go for the Eyes","Hello World","Static Discharge","Hologram+1","Redo+1","Go for the Eyes+1","Stack+1","Barrage","Consume+1","Auto Shields+1"],"relics":["Cracked Core","NeowsBlessing","Boot","Toxic Egg 2","Potion Belt","Cables","Letter Opener","Nuclear Battery","The Courier","Oddly Smooth Stone","DataDisk","Blue Candle","Sozu","Blood Vial","Mummified Hand","Pen Nib","Tiny Chest","Lantern"],"potions_floor_usage":[8,11,14,16,25,25,33,50,50],"damage_taken":[{"damage":0,"enemies":"Small Slimes","floor":1,"turns":1},{"damage":0,"enemies":"Cultist","floor":4,"turns":1},{"damage":0,"enemies":"Gremlin Nob","floor":6,"turns":1},{"damage":6,"enemies":"3 Sentries","floor":8,"turns":4},{"damage":7,"enemies":"Jaw Worm","floor":10,"turns":2},{"damage":2,"enemies":"Gremlin Nob","floor":11,"turns":3},{"damage":1,"enemies":"Blue Slaver","floor":12,"turns":2},{"damage":1,"enemies":"Looter","floor":13,"turns":3},{"damage":1,"enemies":"2 Fungi Beasts","floor":14,"turns":2},{"damage":18,"enemies":"Hexaghost","floor":16,"turns":10},{"damage":4,"enemies":"Spheric Guardian","floor":18,"turns":3},{"damage":0,"enemies":"2 Thieves","floor":19,"turns":3},{"damage":3,"enemies":"Gremlin Leader","floor":25,"turns":7},{"damage":12,"enemies":"Snake Plant","floor":28,"turns":3},{"damage":0,"enemies":"Book of Stabbing","floor":30,"turns":5},{"damage":0,"enemies":"Slaver and Parasite","floor":31,"turns":5},{"damage":28,"enemies":"Automaton","floor":33,"turns":11},{"damage":0,"enemies":"Orb Walker","floor":35,"turns":1},{"damage":4,"enemies":"3 Shapes","floor":36,"turns":2},{"damage":0,"enemies":"Sphere and 2 Shapes","floor":37,"turns":3},{"damage":0,"enemies":"3 Darklings","floor":38,"turns":7},{"damage":0,"enemies":"Nemesis","floor":40,"turns":5},{"damage":0,"enemies":"Maw","floor":41,"turns":5},{"damage":12,"enemies":"4 Shapes","floor":42,"turns":3},{"damage":0,"enemies":"Giant Head","floor":44,"turns":6},{"damage":0,"enemies":"Sphere and 2 Shapes","floor":46,"turns":3},{"damage":24,"enemies":"Nemesis","floor":47,"turns":5},{"damage":22,"enemies":"Awakened One","floor":50,"turns":10}],"seed_played":"7821062480531630388","potions_obtained":[{"floor":1,"key":"Ancient Potion"},{"floor":6,"key":"Block Potion"},{"floor":8,"key":"Block Potion"},{"floor":13,"key":"Fruit Juice"},{"floor":14,"key":"Weak Potion"},{"floor":16,"key":"SkillPotion"},{"floor":19,"key":"SpeedPotion"},{"floor":30,"key":"Block Potion"},{"floor":33,"key":"SkillPotion"}],"is_trial":false,"path_per_floor":["M","?","?","M","$","E","R","E","T","M","E","M","M","M","R","B",null,"M","M","?","?","$","R","?","E","T","$","M","R","E","M","R","B",null,"M","M","M","M","$","E","M","M","T","E","R","M","E","T","R","B"],"character_chosen":"DEFECT","items_purchased":["Boot","Doom and Gloom","Fusion+1","DataDisk","Conserve Battery+1","Redo+1","Go for the Eyes","Hello World","Static Discharge","Hologram+1","Redo+1"],"campfire_rested":2,"item_purchase_floors":[5,5,22,27,27,27,39,39,39,39,39],"current_hp_per_floor":[64,64,64,64,64,64,64,58,58,51,49,48,47,51,51,33,65,61,61,61,61,61,61,61,58,58,58,46,68,68,68,68,40,67,67,63,63,63,63,63,65,55,55,57,57,59,37,37,59,39],"gold":185,"neow_bonus":"THREE_ENEMY_KILL","is_prod":false,"is_daily":false,"chose_seed":false,"campfire_upgraded":5,"win_rate":0,"timestamp":1530373272,"path_taken":["M","?","?","M","$","E","R","E","T","M","E","M","M","M","R","BOSS","M","M","?","?","?","R","?","E","T","$","?","R","E","M","R","BOSS","M","?","M","?","$","E","M","M","T","E","R","M","E","?","R","BOSS"],"build_version":"2018-06-28","purchased_purges":0,"victory":true,"max_hp_per_floor":[71,71,71,71,71,71,71,71,71,71,71,71,71,76,76,76,76,76,76,76,76,76,76,76,76,76,76,76,76,76,76,76,76,76,76,76,76,76,76,76,76,76,76,76,76,76,76,76,76,76],"card_choices":[{"not_picked":["Undo","Hologram"],"picked":"Compile Driver","floor":1},{"not_picked":["Barrage","Force Field"],"picked":"Cold Snap","floor":4},{"not_picked":["Chaos","Steam"],"picked":"Core Surge","floor":6},{"not_picked":["Hologram+1","Rebound"],"picked":"Genetic Algorithm+1","floor":8},{"not_picked":["Gash","Cold Snap","Beam Cell"],"picked":"SKIP","floor":10},{"not_picked":["Sweeping Beam","Reprogram+1"],"picked":"Tempest+1","floor":11},{"not_picked":["Ball Lightning","Fusion+1"],"picked":"Reinforced Body+1","floor":12},{"not_picked":["Stack+1","Multi-Cast+1"],"picked":"Coolheaded+1","floor":13},{"not_picked":["Rebound","Gash"],"picked":"Stack+1","floor":14},{"not_picked":["Thunder Strike","Buffer"],"picked":"Seek+1","floor":16},{"not_picked":["Beam Cell","Scrape"],"picked":"Compile Driver","floor":18},{"not_picked":["Compile Driver","Gash"],"picked":"Stack+1","floor":19},{"not_picked":["Auto Shields+1","Aggregate+1"],"picked":"Leap+1","floor":25},{"not_picked":["Redo+1","Skim+1"],"picked":"Hologram+1","floor":28},{"not_picked":["Beam Cell","Rebound"],"picked":"Compile Driver","floor":30},{"not_picked":["Rebound","Coolheaded+1"],"picked":"Skim+1","floor":31},{"not_picked":["Thunder Strike","Electrodynamics"],"picked":"All For One","floor":33},{"not_picked":["Turbo+1","Rebound"],"picked":"Capacitor","floor":35},{"not_picked":["Steam+1","Leap+1"],"picked":"Chaos+1","floor":36},{"not_picked":["Beam Cell","Turbo+1","Sunder"],"picked":"SKIP","floor":37},{"not_picked":["Conserve Battery+1","Tempest+1"],"picked":"FTL","floor":38},{"not_picked":["Streamline","Skim+1"],"picked":"Go for the Eyes+1","floor":40},{"not_picked":["Hello World","Amplify+1","Turbo+1"],"picked":"SKIP","floor":41},{"not_picked":["Skim+1","Turbo+1"],"picked":"Stack+1","floor":42},{"not_picked":["Undo+1","Electrodynamics"],"picked":"Barrage","floor":44},{"not_picked":["Steam Power+1","BootSequence+1"],"picked":"Consume+1","floor":46},{"not_picked":["Fusion+1","BootSequence+1"],"picked":"Auto Shields+1","floor":47}],"player_experience":708862,"relics_obtained":[{"floor":6,"key":"Toxic Egg 2"},{"floor":8,"key":"Potion Belt"},{"floor":9,"key":"Cables"},{"floor":11,"key":"Letter Opener"},{"floor":25,"key":"The Courier"},{"floor":26,"key":"Oddly Smooth Stone"},{"floor":30,"key":"Blue Candle"},{"floor":40,"key":"Blood Vial"},{"floor":43,"key":"Mummified Hand"},{"floor":44,"key":"Pen Nib"},{"floor":47,"key":"Tiny Chest"},{"floor":48,"key":"Lantern"}],"event_choices":[{"event_name":"Wheel of Change","player_choice":"Gold","floor":2,"damage_taken":0},{"event_name":"Upgrade Shrine","player_choice":"Upgraded","floor":3,"damage_taken":0},{"event_name":"Back to Basics","player_choice":"Simplicity","floor":20,"damage_taken":0},{"event_name":"Beggar","player_choice":"Gave Gold","floor":21,"damage_taken":0},{"event_name":"Golden Shrine","player_choice":"Pray","floor":24,"damage_taken":0}],"boss_relics":[{"not_picked":["Tiny House","Astrolabe"],"picked":"Nuclear Battery"},{"not_picked":["Busted Crown","Calling Bell"],"picked":"Sozu"}],"items_purged_floors":[],"is_endless":false,"potions_floor_spawned":[1,6,8,13,14,16,19,30,33,40,41,46,47],"ascension_level":15}