{"gold_per_floor":[112,127,127,127,145,170,170,195,195,195,211,223,223,257,257,328,328,343,343,111,125,136,136,163,163,163,198,236,248,272,311,323,335],"floor_reached":33,"playtime":2344,"items_purged":["Strike_R"],"score":708,"play_id":"c7e218cb-f7db-494e-936d-0dae4593bd65","local_time":"20190227192430","is_ascension_mode":true,"campfire_choices":[{"data":"Metallicize","floor":7.0,"key":"SMITH"},{"data":"Pommel Strike","floor":10.0,"key":"SMITH"},{"data":"Cleave","floor":13.0,"key":"SMITH"},{"data":"Rampage","floor":15.0,"key":"SMITH"},{"data":"Evolve","floor":23.0,"key":"SMITH"},{"data":"Feel No Pain","floor":25.0,"key":"SMITH"},{"data":"Uppercut","floor":29.0,"key":"SMITH"},{"data":"Battle Trance","floor":32.0,"key":"SMITH"}],"neow_cost":"PERCENT_DAMAGE","seed_source_timestamp":332414688093037,"circlet_count":0,"master_deck":["AscendersBane","Strike_R+1","Defend_R","Defend_R","Defend_R+1","Defend_R","Bash+1","Pommel Strike+1","Battle Trance+1","Iron Wave+1","Metallicize+1","Reckless Charge","Cleave+1","Dropkick","Rampage+1","Feed+1","Fire Breathing+1","Feel No Pain+1","Evolve+1","Battle Trance","Uppercut+1","Headbutt"],"special_seed":0,"relics":["Burning Blood","Whetstone","Thread and Needle","Gremlin Horn","Bag of Preparation","Black Star","Orichalcum","Pocketwatch","Bronze Scales","Singing Bowl","Dream Catcher","MawBank","Red Skull","WingedGreaves"],"potions_floor_usage":[33],"damage_taken":[{"damage":5.0,"enemies":"Small Slimes","floor":1.0,"turns":4.0},{"damage":4.0,"enemies":"Jaw Worm","floor":2.0,"turns":4.0},{"damage":0.0,"enemies":"Cultist","floor":5.0,"turns":3.0},{"damage":27.0,"enemies":"Gremlin Nob","floor":6.0,"turns":4.0},{"damage":9.0,"enemies":"3 Sentries","floor":8.0,"turns":11.0},{"damage":0.0,"enemies":"Gremlin Gang","floor":11.0,"turns":5.0},{"damage":0.0,"enemies":"3 Louse","floor":12.0,"turns":2.0},{"damage":0.0,"enemies":"Lagavulin","floor":14.0,"turns":6.0},{"damage":15.0,"enemies":"Slime Boss","floor":16.0,"turns":6.0},{"damage":5.0,"enemies":"Spheric Guardian","floor":18.0,"turns":5.0},{"damage":8.0,"enemies":"2 Thieves","floor":21.0,"turns":3.0},{"damage":0.0,"enemies":"3 Cultists","floor":22.0,"turns":5.0},{"damage":25.0,"enemies":"Gremlin Leader","floor":24.0,"turns":7.0},{"damage":20.0,"enemies":"Slavers","floor":27.0,"turns":5.0},{"damage":8.0,"enemies":"Shelled Parasite and Fungi","floor":28.0,"turns":6.0},{"damage":3.0,"enemies":"Centurion and Healer","floor":30.0,"turns":7.0},{"damage":20.0,"enemies":"Book of Stabbing","floor":31.0,"turns":5.0},{"damage":55,"enemies":"Automaton","floor":33,"turns":8}],"seed_played":"-8808323318063725891","potions_obtained":[{"floor":2.0,"key":"EssenceOfSteel"},{"floor":8.0,"key":"Block Potion"},{"floor":11.0,"key":"FairyPotion"},{"floor":14.0,"key":"LiquidBronze"},{"floor":16.0,"key":"Weak Potion"},{"floor":22.0,"key":"FearPotion"},{"floor":24.0,"key":"EssenceOfSteel"},{"floor":28.0,"key":"BloodPotion"}],"is_trial":false,"path_per_floor":["M","M","?","?","M","E","R","E","T","R","M","M","R","E","R","B",null,"M","?","$","M","M","R","E","R","T","E","M","R","M","E","R","B"],"character_chosen":"IRONCLAD","items_purchased":["Orichalcum"],"campfire_rested":0,"item_purchase_floors":[20],"current_hp_per_floor":[51,53,53,30,36,15,15,12,12,12,18,24,24,30,30,21,62,63,63,63,65,71,71,56,56,56,46,48,48,57,45,45,0],"gold":335,"neow_bonus":"REMOVE_TWO","is_prod":false,"is_daily":false,"chose_seed":false,"campfire_upgraded":8,"win_rate":0,"timestamp":1551313470,"path_taken":["M","M","?","?","M","E","R","E","T","R","M","M","R","E","R","BOSS","M","?","?","M","M","R","E","R","T","E","M","R","M","E","R","BOSS"],"build_version":"2019-01-23","purchased_purges":1,"victory":false,"max_hp_per_floor":[75,75,75,75,75,75,75,75,75,75,75,75,75,75,75,75,75,75,75,75,79,79,79,83,83,83,87,91,91,97,99,99,99],"card_choices":[{"not_picked":["Twin Strike","Shockwave"],"picked":"Pommel Strike","floor":1.0},{"not_picked":["Twin Strike","Wild Strike"],"picked":"Battle Trance","floor":2.0},{"not_picked":["Sentinel","Corruption"],"picked":"Iron Wave","floor":5.0},{"not_picked":["Inflame","Anger"],"picked":"Metallicize","floor":6.0},{"not_picked":["Armaments","Exhume"],"picked":"Reckless Charge","floor":8.0},{"not_picked":["Heavy Blade","Warcry"],"picked":"Cleave","floor":11.0},{"not_picked":["Exhume","Perfected Strike"],"picked":"Dropkick","floor":12.0},{"not_picked":["Iron Wave","Feel No Pain"],"picked":"Rampage","floor":14.0},{"not_picked":["Demon Form","Dark Embrace"],"picked":"Feed","floor":16.0},{"not_picked":["Iron Wave","Burning Pact"],"picked":"Fire Breathing+1","floor":18.0},{"not_picked":["Reckless Charge","Cleave"],"picked":"Feel No Pain","floor":21.0},{"not_picked":["Hemokinesis+1","Flex"],"picked":"Evolve","floor":22.0},{"not_picked":["Infernal Blade","Dark Embrace"],"picked":"Battle Trance","floor":24.0},{"not_picked":["Warcry","Intimidate"],"picked":"Uppercut","floor":27.0},{"not_picked":["Infernal Blade","Inflame"],"picked":"Headbutt","floor":28.0},{"not_picked":["Wild Strike","Warcry","Uppercut"],"picked":"Singing Bowl","floor":30.0},{"not_picked":["Power Through","Inflame","Flex"],"picked":"Singing Bowl","floor":31.0}],"player_experience":600196,"relics_obtained":[{"floor":6.0,"key":"Whetstone"},{"floor":8.0,"key":"Thread and Needle"},{"floor":9.0,"key":"Gremlin Horn"},{"floor":14.0,"key":"Bag of Preparation"},{"floor":24.0,"key":"Pocketwatch"},{"floor":24.0,"key":"Bronze Scales"},{"floor":26.0,"key":"Singing Bowl"},{"floor":27.0,"key":"Dream Catcher"},{"floor":27.0,"key":"MawBank"},{"floor":31.0,"key":"Red Skull"},{"floor":31.0,"key":"WingedGreaves"}],"event_choices":[{"cards_removed":["Strike_R"],"damage_healed":0.0,"max_hp_gain":0.0,"max_hp_loss":0.0,"gold_gain":0.0,"event_name":"Living Wall","player_choice":"Forget","floor":3.0,"gold_loss":0.0,"damage_taken":0.0},{"damage_healed":0.0,"max_hp_gain":0.0,"max_hp_loss":0.0,"gold_gain":0.0,"event_name":"Shining Light","player_choice":"Entered Light","floor":4.0,"gold_loss":0.0,"damage_taken":23.0,"cards_upgraded":["Strike_R","Defend_R"]},{"damage_healed":0.0,"max_hp_gain":0.0,"max_hp_loss":0.0,"gold_gain":0.0,"event_name":"Upgrade Shrine","player_choice":"Upgraded","floor":19.0,"gold_loss":0.0,"damage_taken":0.0,"cards_upgraded":["Feed"]}],"is_beta":false,"boss_relics":[{"not_picked":["Sozu","Snecko Eye"],"picked":"Black Star"}],"items_purged_floors":[20],"is_endless":false,"potions_floor_spawned":[2,8,11,14,16,22,24,28,31],"killed_by":"Automaton","ascension_level":19}