{"path_per_floor":["M","?","M","?","$","E","R","E","T","M","M","M","R","M","R","B",null,"M","?","?","$","M","R","M","?","T"],"character_chosen":"IRONCLAD","items_purchased":["Spot Weakness","Bloodletting","Rupture","Heavy Blade","Thunderclap","Flash of Steel","Second Wind"],"gold_per_floor":[116,116,128,203,10,36,36,70,70,81,96,108,108,120,120,215,215,235,285,285,39,41,41,54,54,132],"floor_reached":27,"campfire_rested":4,"playtime":1754,"current_hp_per_floor":[66,50,56,45,45,24,48,15,15,10,10,19,43,50,74,32,80,30,30,30,30,21,45,14,14,14],"items_purged":[],"gold":132,"play_id":"65d28d5f-2be2-4e31-84cf-932c745de893","is_prod":false,"is_daily":false,"campfire_rituals":0,"campfire_upgraded":0,"is_hardmode":false,"path_taken":["M","?","M","?","$","E","R","E","T","M","M","?","R","M","R","BOSS","M","?","?","$","M","R","M","?","T","E"],"build_version":"2017-12-21-PROD1","purchased_purges":0,"victory":false,"master_deck":["Strike_R","Strike_R","Strike_R","Defend_R","Defend_R","Defend_R","Defend_R","Bash","Shrug It Off","Thunderclap","Spot Weakness","Bloodletting","Rupture","Impervious","Combust","Flex","Reaper","Hemokinesis","Juggernaut","Blood for Blood","Rampage","True Grit","Iron Wave","Heavy Blade","Thunderclap","Flash of Steel","Second Wind","Flame Barrier","Rage","Decay"],"max_hp_per_floor":[80,80,80,80,80,80,80,80,80,80,80,80,80,80,80,80,80,80,80,80,80,80,80,80,80,80],"relics":["Burning Blood","Shuriken","Mummified Hand","Torii","Astrolabe","Darkstone Periapt"],"campfire_meditates":0,"card_choices":[{"not_picked":["Sword Boomerang","Pommel Strike"],"picked":"Shrug It Off"},{"not_picked":["Heavy Blade","True Grit"],"picked":"Thunderclap"},{"not_picked":["Corruption","Dual Wield"],"picked":"Impervious"},{"not_picked":["Thunderclap","Searing Blow"],"picked":"Combust"},{"not_picked":["Wild Strike","Headbutt"],"picked":"Power Through"},{"not_picked":["Anger","Clash"],"picked":"Flex"},{"not_picked":["Infernal Blade","Twin Strike"],"picked":"Reaper"},{"not_picked":["Burning Pact","Uppercut"],"picked":"Hemokinesis"},{"not_picked":["Impervious","Offering"],"picked":"Juggernaut"},{"not_picked":["Rupture","Perfected Strike"],"picked":"Iron Wave"},{"not_picked":["Warcry","Searing Blow"],"picked":"Flame Barrier"},{"not_picked":["True Grit","Dual Wield"],"picked":"Rage"}],"player_experience":42961,"potions_floor_usage":[12,12,27],"damage_taken":[{"damage":20,"enemies":"Looter","floor":1,"turns":3},{"damage":0,"enemies":"Cultist","floor":3,"turns":3},{"damage":27,"enemies":"Gremlin Nob","floor":6,"turns":4},{"damage":39,"enemies":"3 Sentries","floor":8,"turns":6},{"damage":11,"enemies":"Jaw Worm","floor":10,"turns":3},{"damage":6,"enemies":"Red Slaver","floor":11,"turns":5},{"damage":0,"enemies":"3 Louse","floor":12,"turns":2},{"damage":6,"enemies":"Gremlin Gang","floor":14,"turns":4},{"damage":48,"enemies":"The Guardian","floor":16,"turns":7},{"damage":56,"enemies":"Shell Parasite","floor":18,"turns":7},{"damage":27,"enemies":"2 Thieves","floor":22,"turns":5},{"damage":37,"enemies":"Centurion and Healer","floor":24,"turns":8},{"damage":18,"enemies":"Book of Stabbing","floor":27,"turns":4}],"event_choices":[{"event_name":"Shining Light","player_choice":"Entered Light","floor":2,"damage_taken":0},{"event_name":"World of Goop","player_choice":"Gather Gold","floor":4,"damage_taken":0},{"event_name":"The Joust","player_choice":"Bet on Murderer","floor":19,"damage_taken":0},{"event_name":"The Lab","player_choice":"Got Potions","floor":20,"damage_taken":0},{"event_name":"Forgotten Altar","player_choice":"Smashed Altar","floor":25,"damage_taken":0}],"boss_relics":[{"not_picked":["Snecko Eye","Runic Dome"],"picked":"Astrolabe"}],"potions_floor_spawned":[8,10,11,12,24],"seed_played":"-7903548652309489436","killed_by":"Book of Stabbing","is_trial":false}