{"path_per_floor":["M","$","M","M","?","?","M","M","T","E","R","E","R","E","R"],"character_chosen":"IRONCLAD","items_purchased":["Battle Trance"],"gold_per_floor":[117,77,97,113,113,113,137,156,181,219,219,255,255,289,289],"floor_reached":16,"campfire_rested":2,"playtime":2101,"current_hp_per_floor":[79,79,80,80,60,60,51,48,48,43,67,41,67,51,51],"items_purged":[],"gold":289,"score":120,"play_id":"7259afa8-210c-4144-a32e-85c33ded3326","local_time":"20180315204703","is_prod":false,"is_daily":false,"is_ascension_mode":false,"campfire_upgraded":1,"timestamp":1521107223,"path_taken":["M","$","M","M","?","?","M","M","T","E","R","E","R","E","R","BOSS"],"build_version":"2018-03-09","purchased_purges":0,"victory":false,"master_deck":["Strike_R","Strike_R","Strike_R","Strike_R","Strike_R","Defend_R","Defend_R","Defend_R","Defend_R","Bash","Pummel","Battle Trance","Burning Pact","Armaments","Second Wind","Cleave","Pommel Strike","Anger","Searing Blow+1"],"max_hp_per_floor":[80,80,80,80,80,80,80,80,80,80,80,87,87,87,87],"relics":["Burning Blood","Bag of Marbles","Golden Idol","Bronze Scales","Mummified Hand","Strawberry","Omamori"],"card_choices":[{"not_picked":["Intimidate","True Grit"],"picked":"Pummel"},{"not_picked":["Flex","Wild Strike"],"picked":"Burning Pact"},{"not_picked":["Twin Strike","Wild Strike"],"picked":"Armaments"},{"not_picked":["Flex","Demon Form"],"picked":"Second Wind"},{"not_picked":["Power Through","Pommel Strike"],"picked":"Cleave"},{"not_picked":["True Grit","Armaments"],"picked":"Pommel Strike"},{"not_picked":["Rampage","Dropkick"],"picked":"Anger"},{"not_picked":["Clash","Heavy Blade"],"picked":"Searing Blow"}],"player_experience":38592,"potions_floor_usage":[10,10,12],"damage_taken":[{"damage":7,"enemies":"2 Louse","floor":1,"turns":3},{"damage":0,"enemies":"Small Slimes","floor":3,"turns":4},{"damage":1,"enemies":"Cultist","floor":4,"turns":3},{"damage":15,"enemies":"Looter","floor":7,"turns":3},{"damage":9,"enemies":"Blue Slaver","floor":8,"turns":3},{"damage":23,"enemies":"Gremlin Nob","floor":10,"turns":5},{"damage":39,"enemies":"Lagavulin","floor":12,"turns":7},{"damage":22,"enemies":"3 Sentries","floor":14,"turns":7},{"damage":51,"enemies":"Hexaghost","floor":16,"turns":9}],"event_choices":[{"event_name":"Golden Idol","player_choice":"Take Damage","floor":5,"damage_taken":0},{"event_name":"The Lab","player_choice":"Got Potions","floor":6,"damage_taken":0}],"boss_relics":[],"potions_floor_spawned":[1,4,10,14],"seed_played":"-7254379987242400776","killed_by":"Hexaghost","ascension_level":0,"is_trial":false}