{"gold_per_floor":[110,127,140,140,140,170,188,188,215,215,241,241,252,252,252,353,353,373,360,360,459,35,35,53,53],"floor_reached":25,"playtime":1169,"items_purged":["Pain"],"score":253,"play_id":"c5356a66-9885-4df5-8718-e21f4919db1d","local_time":"20190119112624","is_ascension_mode":true,"campfire_choices":[{"floor":8,"key":"REST"},{"data":"Envenom","floor":10,"key":"SMITH"},{"data":"Masterful Stab","floor":12,"key":"SMITH"},{"data":"Dodge and Roll","floor":15,"key":"SMITH"},{"floor":23,"key":"REST"}],"neow_cost":"NONE","seed_source_timestamp":759340530494700,"circlet_count":0,"master_deck":["Defend_G","Defend_G","Defend_G","Defend_G","Defend_G","Strike_G","Strike_G","Strike_G","Strike_G","Strike_G","Survivor","Neutralize+1","Backflip","Masterful Stab+1","Dodge and Roll+1","Envenom+1","Deadly Poison","Riddle With Holes","Finisher","Bullet Time","Shame","Regret","Dagger Spray","Catalyst","Decay","Flying Knee+1"],"relics":["Ring of the Snake","Happy Flower","Bag of Preparation","Blood Vial","Singing Bowl","Calling Bell","Lantern","Dodecahedron","Ginger","Sling","PreservedInsect"],"potions_floor_usage":[11,13,16],"damage_taken":[{"damage":9,"enemies":"Jaw Worm","floor":1,"turns":6},{"damage":0,"enemies":"Small Slimes","floor":2,"turns":3},{"damage":0,"enemies":"2 Louse","floor":3,"turns":2},{"damage":46,"enemies":"Lagavulin","floor":6,"turns":10},{"damage":0,"enemies":"2 Fungi Beasts","floor":7,"turns":4},{"damage":17,"enemies":"Gremlin Nob","floor":11,"turns":3},{"damage":0,"enemies":"Large Slime","floor":13,"turns":3},{"damage":15,"enemies":"The Guardian","floor":16,"turns":11},{"damage":45,"enemies":"3 Byrds","floor":18,"turns":7},{"damage":32,"enemies":"2 Thieves","floor":19,"turns":4},{"damage":9,"enemies":"Snecko","floor":24,"turns":3},{"damage":33,"enemies":"Sentry and Sphere","floor":25,"turns":3}],"seed_played":"-1900420015401711379","potions_obtained":[{"floor":6,"key":"Strength Potion"},{"floor":7,"key":"SkillPotion"},{"floor":11,"key":"Regen Potion"},{"floor":16,"key":"FearPotion"},{"floor":18,"key":"SteroidPotion"},{"floor":19,"key":"Poison Potion"}],"is_trial":false,"path_per_floor":["M","M","M","?","?","E","M","R","T","R","E","R","M","?","R","B",null,"M","M","?","?","$","R","M","M"],"character_chosen":"THE_SILENT","items_purchased":["Sling","PreservedInsect"],"campfire_rested":2,"item_purchase_floors":[22,22],"current_hp_per_floor":[68,68,68,68,73,27,27,51,51,51,34,34,36,24,24,26,82,37,7,7,7,7,31,24,0],"gold":53,"neow_bonus":"TEN_PERCENT_HP_BONUS","is_prod":false,"is_daily":false,"chose_seed":false,"campfire_upgraded":3,"win_rate":0,"timestamp":1547925984,"path_taken":["M","M","M","?","?","E","M","R","T","R","E","R","M","?","R","BOSS","M","M","?","?","$","R","M","M"],"build_version":"2019-01-17v2","purchased_purges":1,"victory":false,"max_hp_per_floor":[77,77,77,77,82,82,82,82,82,82,82,82,82,82,82,82,82,82,82,82,82,82,82,82,82],"card_choices":[{"not_picked":["Cloak And Dagger","PiercingWail"],"picked":"Backflip","floor":1},{"not_picked":["Burst","Outmaneuver"],"picked":"Masterful Stab","floor":2},{"not_picked":["Sucker Punch","Terror"],"picked":"Dodge and Roll","floor":3},{"not_picked":["Blade Dance","Dodge and Roll"],"picked":"Envenom","floor":6},{"not_picked":["Bane","Accuracy"],"picked":"Deadly Poison","floor":7},{"not_picked":["Crippling Poison","Acrobatics"],"picked":"Riddle With Holes","floor":11},{"not_picked":["Flechettes","Acrobatics"],"picked":"Finisher","floor":13},{"not_picked":["Adrenaline","Phantasmal Killer"],"picked":"Bullet Time","floor":16},{"not_picked":["Blade Dance","Accuracy"],"picked":"Dagger Spray","floor":18},{"not_picked":["Backflip+1","Dagger Throw"],"picked":"Catalyst","floor":19},{"not_picked":["Dash","Blade Dance"],"picked":"Flying Knee+1","floor":24}],"player_experience":542156,"relics_obtained":[{"floor":6,"key":"Happy Flower"},{"floor":9,"key":"Bag of Preparation"},{"floor":11,"key":"Blood Vial"},{"floor":17,"key":"Lantern"},{"floor":17,"key":"Dodecahedron"},{"floor":17,"key":"Ginger"}],"event_choices":[{"damage_healed":0,"gold_gain":0,"player_choice":"Grow","damage_taken":0,"max_hp_gain":0,"max_hp_loss":0,"event_name":"Living Wall","floor":4,"gold_loss":0,"cards_upgraded":["Neutralize"]},{"damage_healed":0,"gold_gain":0,"player_choice":"Donut","damage_taken":0,"max_hp_gain":5,"max_hp_loss":0,"event_name":"Big Fish","floor":5,"gold_loss":0},{"damage_healed":0,"gold_gain":0,"player_choice":"Success","damage_taken":12,"relics_obtained":["Singing Bowl"],"max_hp_gain":0,"max_hp_loss":0,"event_name":"Scrap Ooze","floor":14,"gold_loss":0},{"damage_healed":0,"gold_gain":0,"player_choice":"Smashed Altar","damage_taken":0,"max_hp_gain":0,"max_hp_loss":0,"event_name":"Forgotten Altar","floor":20,"gold_loss":0,"cards_obtained":["Decay"]},{"damage_healed":0,"gold_gain":99,"player_choice":"Stole From Cult","damage_taken":0,"max_hp_gain":0,"max_hp_loss":0,"event_name":"Nest","floor":21,"gold_loss":0}],"is_beta":false,"boss_relics":[{"not_picked":["Velvet Choker","Runic Dome"],"picked":"Calling Bell"}],"items_purged_floors":[22],"is_endless":false,"potions_floor_spawned":[6,7,11,16,18,19],"killed_by":"Sentry and Sphere","ascension_level":4}