{"gold_per_floor":[365,378,378,398,413,413,431,108,108,108,108,166,184,201,201,301,301,291,318,195,195],"floor_reached":21,"playtime":1012,"items_purged":["Regret","Strike_R"],"score":171,"play_id":"e9806438-d047-4e37-ab03-8a88e5cd5126","local_time":"20181001154105","is_ascension_mode":false,"campfire_choices":[{"data":"Rampage","floor":6,"key":"SMITH"},{"data":"Burning Pact","floor":11,"key":"SMITH"},{"floor":15,"key":"REST"}],"neow_cost":"TEN_PERCENT_HP_LOSS","seed_source_timestamp":1459356148443487,"circlet_count":0,"master_deck":["Strike_R","Strike_R+1","Defend_R","Defend_R","Defend_R","Defend_R","Bash","Rampage+1","Headbutt","Burning Pact+1","Burning Pact+1","Berserk","Intimidate","Dark Embrace","Burning Pact+1","Flex","Warcry"],"relics":["Burning Blood","Gremlin Horn","DollysMirror","Kunai","Orichalcum","Empty Cage","Red Mask"],"potions_floor_usage":[14,19,19],"damage_taken":[{"damage":6,"enemies":"Cultist","floor":1,"turns":3},{"damage":6,"enemies":"2 Louse","floor":2,"turns":3},{"damage":11,"enemies":"Jaw Worm","floor":4,"turns":2},{"damage":6,"enemies":"3 Louse","floor":5,"turns":3},{"damage":16,"enemies":"2 Fungi Beasts","floor":7,"turns":3},{"damage":34,"enemies":"3 Sentries","floor":12,"turns":9},{"damage":8,"enemies":"Looter","floor":13,"turns":3},{"damage":12,"enemies":"3 Louse","floor":14,"turns":3},{"damage":18,"enemies":"Slime Boss","floor":16,"turns":7},{"damage":29,"enemies":"2 Thieves","floor":18,"turns":4},{"damage":43,"enemies":"Masked Bandits","floor":19,"turns":4},{"damage":13,"enemies":"3 Byrds","floor":21,"turns":4}],"seed_played":"5171033304042092482","potions_obtained":[{"floor":1,"key":"LiquidBronze"},{"floor":2,"key":"Poison Potion"},{"floor":7,"key":"SpeedPotion"},{"floor":14,"key":"SkillPotion"}],"is_trial":false,"path_per_floor":["M","M","?","M","M","R","M","$","T","?","R","?","M","M","R","B",null,"M","?","$"],"character_chosen":"IRONCLAD","items_purchased":["Burning Pact","DollysMirror","Warcry"],"campfire_rested":1,"item_purchase_floors":[8,8,20],"current_hp_per_floor":[72,72,72,67,67,67,57,57,57,43,43,15,13,7,28,16,72,49,12,12,0],"gold":195,"neow_bonus":"TWO_FIFTY_GOLD","is_prod":false,"is_daily":false,"chose_seed":false,"campfire_upgraded":2,"win_rate":0,"timestamp":1538422865,"path_taken":["M","?","?","M","M","R","M","$","T","?","R","?","M","M","R","BOSS","M","?","$","M"],"build_version":"2018-09-27","purchased_purges":2,"victory":false,"max_hp_per_floor":[72,72,72,72,72,72,72,72,72,72,72,72,72,72,72,72,72,72,72,72,72],"card_choices":[{"not_picked":["Second Wind","Perfected Strike"],"picked":"Rampage","floor":1},{"not_picked":["Hemokinesis","Warcry","Rage"],"picked":"SKIP","floor":2},{"not_picked":["Warcry","Perfected Strike"],"picked":"Headbutt","floor":4},{"not_picked":["Body Slam","Flex","Thunderclap"],"picked":"SKIP","floor":5},{"not_picked":["Thunderclap","Armaments","Twin Strike"],"picked":"SKIP","floor":7},{"not_picked":["Clash","Intimidate"],"picked":"Berserk","floor":12},{"not_picked":["Headbutt","Wild Strike","Shrug It Off"],"picked":"SKIP","floor":13},{"not_picked":["Blood for Blood","Flame Barrier"],"picked":"Intimidate","floor":14},{"not_picked":["Offering","Immolate"],"picked":"Dark Embrace","floor":16},{"not_picked":["Heavy Blade","Flex"],"picked":"Burning Pact+1","floor":18},{"not_picked":["Anger","Body Slam"],"picked":"Flex","floor":19}],"player_experience":296879,"relics_obtained":[{"floor":9,"key":"Kunai"},{"floor":12,"key":"Orichalcum"},{"floor":19,"key":"Red Mask"}],"event_choices":[{"event_name":"Big Fish","player_choice":"Box","floor":3,"damage_taken":0},{"event_name":"Shining Light","player_choice":"Entered Light","floor":10,"damage_taken":0},{"event_name":"Dead Adventurer","player_choice":"Searched \u00272\u0027 times","floor":12,"damage_taken":0},{"event_name":"Masked Bandits","player_choice":"Fought Bandits","floor":19,"damage_taken":0}],"is_beta":false,"boss_relics":[{"not_picked":["Fusion Hammer","Black Blood"],"picked":"Empty Cage"}],"items_purged_floors":[8,20],"is_endless":false,"potions_floor_spawned":[1,2,7,14],"killed_by":"3 Byrds","ascension_level":0}