{"gold_per_floor":[110,110,110,32,49,49,49,49,102,102,113,113,38,120,120,220,220,238,255,63,162,177,177,177,193,193,193,193,193,211,211,211,316,316,333,350,0,100,100,100,119,119,119,19,19,19,37,37,37,37],"floor_reached":51,"playtime":1992,"items_purged":["Strike_G","Strike_G+1"],"score":754,"play_id":"45326c0e-f4f7-443a-b301-ea8651471ba1","local_time":"20190105171632","is_ascension_mode":false,"campfire_choices":[{"data":"Noxious Fumes","floor":6,"key":"SMITH"},{"data":"Catalyst","floor":8,"key":"SMITH"},{"data":"Deflect","floor":10,"key":"SMITH"},{"data":"Neutralize","floor":12,"key":"SMITH"},{"data":"Survivor","floor":15,"key":"SMITH"},{"floor":23,"key":"REST"},{"data":"Crippling Poison","floor":27,"key":"SMITH"},{"data":"Corpse Explosion","floor":29,"key":"SMITH"},{"floor":32,"key":"REST"},{"data":"Noxious Fumes","floor":40,"key":"SMITH"},{"data":"Night Terror","floor":42,"key":"SMITH"},{"floor":45,"key":"REST"},{"floor":49,"key":"REST"}],"neow_cost":"NONE","seed_source_timestamp":1740218408675393,"circlet_count":0,"master_deck":["Defend_G+1","Defend_G+1","Defend_G+1","Defend_G+1","Defend_G+1","Strike_G+1","Strike_G+1","Strike_G+1","Survivor+1","Neutralize+1","Bane+1","Deflect+1","Noxious Fumes+1","Catalyst+1","Corpse Explosion+1","Flying Knee+1","Noxious Fumes+1","Crippling Poison+1","Night Terror+1","Noxious Fumes+1","Noxious Fumes+1","Blur+1","Madness","Madness"],"relics":["Ring of the Snake","Happy Flower","Orichalcum","Ninja Scroll","Cursed Key","DollysMirror","MutagenicStrength","Black Star","Red Mask","Ice Cream"],"potions_floor_usage":[50,50,50],"damage_taken":[{"damage":0,"enemies":"Jaw Worm","floor":1,"turns":5},{"damage":1,"enemies":"Cultist","floor":5,"turns":4},{"damage":0,"enemies":"Small Slimes","floor":11,"turns":4},{"damage":16,"enemies":"The Guardian","floor":16,"turns":8},{"damage":2,"enemies":"Shell Parasite","floor":18,"turns":4},{"damage":0,"enemies":"Chosen","floor":19,"turns":4},{"damage":21,"enemies":"Snake Plant","floor":22,"turns":5},{"damage":0,"enemies":"Cultist and Chosen","floor":25,"turns":3},{"damage":0,"enemies":"3 Cultists","floor":30,"turns":2},{"damage":0,"enemies":"Champ","floor":33,"turns":7},{"damage":7,"enemies":"3 Darklings","floor":35,"turns":3},{"damage":3,"enemies":"Orb Walker","floor":36,"turns":4},{"damage":1,"enemies":"Mind Bloom Boss Battle","floor":38,"turns":6},{"damage":0,"enemies":"Transient","floor":41,"turns":5},{"damage":14,"enemies":"Jaw Worm Horde","floor":47,"turns":4},{"damage":41,"enemies":"Time Eater","floor":50,"turns":7}],"seed_played":"-5569812550827455350","potions_obtained":[{"floor":5,"key":"Regen Potion"},{"floor":16,"key":"Ancient Potion"},{"floor":18,"key":"Dexterity Potion"},{"floor":25,"key":"Poison Potion"}],"is_trial":false,"path_per_floor":["M","?","?","$","M","R","?","R","T","R","M","R","$","T","R","B",null,"M","M","$","?","M","R","?","M","T","R","?","R","M","?","R","B",null,"M","M","?","?","?","R","M","R","T","$","R","T","M","?","R","B",null],"character_chosen":"THE_SILENT","items_purchased":["Noxious Fumes","DollysMirror"],"campfire_rested":4,"item_purchase_floors":[4,20],"current_hp_per_floor":[70,67,67,67,66,66,66,66,66,66,66,66,66,66,66,50,70,68,68,68,68,47,68,55,55,55,55,55,55,55,55,75,75,75,68,65,65,64,64,64,64,64,64,64,75,75,61,52,74,47],"gold":37,"neow_bonus":"THREE_CARDS","is_prod":false,"is_daily":false,"chose_seed":false,"campfire_upgraded":9,"win_rate":0.0,"timestamp":1546726592,"path_taken":["M","?","?","?","?","R","?","R","T","R","M","R","?","?","R","BOSS","M","M","$","?","M","R","?","M","T","R","?","R","M","?","R","BOSS","M","M","?","?","?","R","?","R","T","?","R","?","M","?","R","BOSS"],"build_version":"2019-01-03v4","purchased_purges":2,"victory":true,"max_hp_per_floor":[70,70,70,70,70,70,70,70,70,70,70,70,70,70,70,70,70,70,70,70,70,70,70,75,75,75,75,75,75,75,75,75,75,75,75,75,75,75,75,75,75,75,75,75,75,75,75,75,75,75],"card_choices":[{"not_picked":["Caltrops","Underhanded Strike"],"picked":"Bane","floor":0},{"not_picked":["Bane","Prepared"],"picked":"Deflect","floor":1},{"not_picked":["Outmaneuver","Well Laid Plans"],"picked":"Catalyst","floor":5},{"not_picked":["Expertise","Flying Knee","Tactician"],"picked":"SKIP","floor":11},{"not_picked":["Doppelganger","Phantasmal Killer"],"picked":"Corpse Explosion","floor":16},{"not_picked":["Riddle With Holes","Dagger Throw"],"picked":"Flying Knee+1","floor":18},{"not_picked":["Sucker Punch+1","Eviscerate","Dagger Throw"],"picked":"SKIP","floor":19},{"not_picked":["Sucker Punch","Dagger Throw","Quick Slash+1"],"picked":"SKIP","floor":22},{"not_picked":["Quick Slash","Flying Knee"],"picked":"Crippling Poison","floor":25},{"not_picked":["Prepared","Acrobatics","Quick Slash"],"picked":"SKIP","floor":30},{"not_picked":["Burst","Bullet Time"],"picked":"Night Terror","floor":33},{"not_picked":["Slice","Flying Knee"],"picked":"Noxious Fumes+1","floor":35},{"not_picked":["Riddle With Holes","All Out Attack+1"],"picked":"Noxious Fumes","floor":36},{"not_picked":["PiercingWail","Acrobatics","Poisoned Stab"],"picked":"SKIP","floor":41},{"not_picked":["Masterful Stab","Quick Slash+1"],"picked":"Blur+1","floor":47}],"player_experience":10542,"relics_obtained":[{"floor":9,"key":"Orichalcum"},{"floor":14,"key":"Ninja Scroll"},{"floor":38,"key":"Ice Cream"}],"event_choices":[{"damage_healed":0,"gold_gain":0,"player_choice":"Success","damage_taken":3,"relics_obtained":["Happy Flower"],"max_hp_gain":0,"max_hp_loss":0,"event_name":"Scrap Ooze","floor":2,"gold_loss":0},{"damage_healed":0,"gold_gain":0,"player_choice":"Leave","damage_taken":0,"max_hp_gain":0,"max_hp_loss":0,"event_name":"The Cleric","floor":3,"gold_loss":0},{"damage_healed":0,"gold_gain":0,"player_choice":"Forge","damage_taken":0,"max_hp_gain":0,"max_hp_loss":0,"event_name":"Accursed Blacksmith","floor":7,"gold_loss":0,"cards_upgraded":["Bane"]},{"damage_healed":0,"gold_gain":99,"player_choice":"Stole From Cult","damage_taken":0,"max_hp_gain":0,"max_hp_loss":0,"event_name":"Nest","floor":21,"gold_loss":0},{"damage_healed":0,"gold_gain":0,"player_choice":"Shed Blood","damage_taken":18,"max_hp_gain":5,"max_hp_loss":0,"event_name":"Forgotten Altar","floor":24,"gold_loss":0},{"damage_healed":0,"gold_gain":0,"player_choice":"Inject Mutagens","damage_taken":0,"relics_obtained":["MutagenicStrength"],"max_hp_gain":0,"max_hp_loss":0,"event_name":"Drug Dealer","floor":28,"gold_loss":0},{"damage_healed":0,"gold_gain":0,"player_choice":"Simplicity","damage_taken":0,"max_hp_gain":0,"max_hp_loss":0,"event_name":"Back to Basics","floor":31,"gold_loss":0,"cards_upgraded":["Defend_G","Defend_G","Defend_G","Defend_G","Defend_G","Strike_G","Strike_G","Strike_G","Strike_G"]},{"damage_healed":0,"gold_gain":0,"player_choice":"Paid","damage_taken":0,"relics_obtained":["Red Mask"],"max_hp_gain":0,"max_hp_loss":0,"event_name":"Tomb of Lord Red Mask","floor":37,"gold_loss":350},{"damage_healed":0,"gold_gain":0,"player_choice":"Fight","damage_taken":0,"max_hp_gain":0,"max_hp_loss":0,"event_name":"MindBloom","floor":38,"gold_loss":0},{"damage_healed":0,"gold_gain":0,"player_choice":"Ignored","damage_taken":0,"max_hp_gain":0,"max_hp_loss":0,"event_name":"NoteForYourself","floor":39,"gold_loss":0},{"damage_healed":0,"gold_gain":0,"player_choice":"Embrace Madness","damage_taken":9,"max_hp_gain":0,"max_hp_loss":0,"event_name":"Winding Halls","floor":48,"gold_loss":0,"cards_obtained":["Madness","Madness"]}],"is_beta":false,"boss_relics":[{"not_picked":["Empty Cage","Velvet Choker"],"picked":"Cursed Key"},{"not_picked":["Coffee Dripper","White Beast Statue"],"picked":"Black Star"}],"items_purged_floors":[13,44],"is_endless":false,"potions_floor_spawned":[5,16,18,22,25,35,41],"ascension_level":0}