{"gold_per_floor":[112,124,138,148,128,161,176,189,189,214,12,44,44,54,54,151,151,163,438,457,469,16,89,128,128,128,144,1,49,49,103,103,201,201,214,231,331,342,342,342],"floor_reached":40,"playtime":5433,"items_purged":["Regret"],"score":523,"play_id":"a3b3d21e-8749-479f-af5f-002d7da7cf0f","local_time":"20190123192452","is_ascension_mode":true,"campfire_choices":[{"floor":13,"key":"RECALL"},{"floor":15,"key":"REST"},{"floor":25,"key":"REST"},{"data":"Rainbow","floor":32,"key":"SMITH"}],"neow_cost":"NONE","seed_source_timestamp":156845587852956,"circlet_count":0,"master_deck":["Strike_B","Strike_B","Strike_B","Strike_B","Defend_B","Defend_B","Defend_B","Zap","Dualcast","Sweeping Beam","Ball Lightning","Sweeping Beam","Streamline","Aggregate","Auto Shields","Seek","Steam","Bandage Up","Conserve Battery","Core Surge","Rainbow+1","Loop","Machine Learning","Go for the Eyes+1","Glacier+1","Cold Snap+1","HandOfGreed","BootSequence+1","FTL","FTL+1","Beam Cell+1","Shame","Steam Power","Reboot","Chaos","Tempest+1","Storm","Double Energy+1","Electrodynamics","Cold Snap+1","Genetic Algorithm+1","Go for the Eyes","White Noise","Discovery","Mind Blast","PanicButton"],"relics":["Cracked Core","Centennial Puzzle","Shuriken","Ginger","Philosopher\u0027s Stone","Toolbox","Mercury Hourglass","Sundial","Orichalcum","Art of War","Meat on the Bone","Red Mask","Orrery","Dead Branch"],"potions_floor_usage":[6,6,10,16,16,23,31,31,33,33,36,40],"damage_taken":[{"damage":1,"enemies":"Cultist","floor":1,"turns":3},{"damage":0,"enemies":"2 Louse","floor":2,"turns":2},{"damage":5,"enemies":"Small Slimes","floor":3,"turns":3},{"damage":6,"enemies":"Gremlin Gang","floor":4,"turns":2},{"damage":16,"enemies":"Lagavulin","floor":6,"turns":6},{"damage":6,"enemies":"Red Slaver","floor":7,"turns":3},{"damage":0,"enemies":"Large Slime","floor":8,"turns":4},{"damage":11,"enemies":"3 Sentries","floor":10,"turns":4},{"damage":16,"enemies":"Gremlin Nob","floor":12,"turns":4},{"damage":3,"enemies":"Looter","floor":14,"turns":3},{"damage":11,"enemies":"The Guardian","floor":16,"turns":8},{"damage":11,"enemies":"Shell Parasite","floor":18,"turns":4},{"damage":18,"enemies":"2 Thieves","floor":20,"turns":3},{"damage":15,"enemies":"Snake Plant","floor":21,"turns":4},{"damage":30,"enemies":"Slavers","floor":23,"turns":5},{"damage":3,"enemies":"Cultist and Chosen","floor":24,"turns":5},{"damage":0,"enemies":"Chosen and Byrds","floor":27,"turns":4},{"damage":27,"enemies":"Gremlin Leader","floor":29,"turns":5},{"damage":0,"enemies":"Masked Bandits","floor":31,"turns":3},{"damage":6,"enemies":"Collector","floor":33,"turns":8},{"damage":8,"enemies":"Orb Walker","floor":35,"turns":3},{"damage":19,"enemies":"3 Darklings","floor":36,"turns":3},{"damage":14,"enemies":"Mind Bloom Boss Battle","floor":37,"turns":6},{"damage":17,"enemies":"Maw","floor":38,"turns":6},{"damage":63,"enemies":"Nemesis","floor":40,"turns":4}],"seed_played":"1971432499916445965","potions_obtained":[{"floor":2,"key":"GamblersBrew"},{"floor":5,"key":"Energy Potion"},{"floor":7,"key":"Regen Potion"},{"floor":8,"key":"Swift Potion"},{"floor":12,"key":"EssenceOfSteel"},{"floor":14,"key":"LiquidBronze"},{"floor":20,"key":"AttackPotion"},{"floor":21,"key":"Swift Potion"},{"floor":24,"key":"Ancient Potion"},{"floor":29,"key":"Explosive Potion"},{"floor":33,"key":"Fruit Juice"},{"floor":35,"key":"Fire Potion"},{"floor":38,"key":"Swift Potion"}],"is_trial":false,"path_per_floor":["M","M","M","M","?","E","M","M","T","E","$","E","R","M","R","B",null,"M","?","M","M","$","E","M","R","T","M","$","E","?","?","R","B",null,"M","M","?","M","?","E"],"character_chosen":"DEFECT","items_purchased":["Bandage Up","Conserve Battery","Core Surge","HandOfGreed","Toolbox","Orichalcum"],"campfire_rested":2,"item_purchase_floors":[11,11,11,22,22,28],"current_hp_per_floor":[74,74,69,63,63,47,41,41,41,39,39,27,27,28,50,43,75,68,68,50,39,39,13,14,36,36,40,40,17,17,33,33,48,80,72,57,47,46,36,0],"gold":342,"neow_bonus":"REMOVE_CARD","is_prod":false,"is_daily":false,"chose_seed":false,"campfire_upgraded":1,"win_rate":0,"timestamp":1548289492,"path_taken":["M","M","?","M","?","E","M","?","T","E","?","E","R","M","R","BOSS","M","?","?","M","$","E","M","R","T","M","?","E","?","?","R","BOSS","M","M","?","M","?","E"],"build_version":"2019-01-23","purchased_purges":1,"victory":false,"max_hp_per_floor":[75,75,75,75,75,75,75,75,75,75,75,75,75,75,75,75,75,75,75,75,75,75,75,75,75,75,75,75,75,75,75,75,80,80,80,80,80,80,80,80],"card_choices":[{"not_picked":["Coolheaded","Turbo"],"picked":"Sweeping Beam","floor":1},{"not_picked":["Beam Cell","Leap"],"picked":"Ball Lightning","floor":2},{"not_picked":["Rebound","Turbo"],"picked":"Sweeping Beam","floor":3},{"not_picked":["Hologram","Undo"],"picked":"Streamline","floor":4},{"not_picked":["Sweeping Beam","Cold Snap"],"picked":"Aggregate","floor":6},{"not_picked":["Doom and Gloom","Reinforced Body"],"picked":"Auto Shields","floor":7},{"not_picked":["Gash","Darkness"],"picked":"Seek","floor":8},{"not_picked":["Turbo","Streamline"],"picked":"Steam","floor":10},{"not_picked":["Hologram","Go for the Eyes"],"picked":"Rainbow","floor":12},{"not_picked":["Barrage","Coolheaded"],"picked":"Loop","floor":14},{"not_picked":["Thunder Strike","Meteor Strike"],"picked":"Machine Learning","floor":16},{"not_picked":["Blizzard","Rebound+1"],"picked":"Go for the Eyes+1","floor":18},{"not_picked":["Recycle","Cold Snap"],"picked":"Glacier+1","floor":20},{"not_picked":["Beam Cell","Darkness+1"],"picked":"Cold Snap+1","floor":21},{"not_picked":["Reinforced Body","Rebound"],"picked":"BootSequence+1","floor":23},{"not_picked":["Beam Cell","Steam"],"picked":"FTL","floor":24},{"not_picked":["Gash","Ball Lightning"],"picked":"FTL+1","floor":27},{"not_picked":["Stack","Core Surge"],"picked":"Beam Cell+1","floor":29},{"not_picked":["Go for the Eyes","Steam"],"picked":"Steam Power","floor":31},{"not_picked":["Buffer","Rainbow"],"picked":"Reboot","floor":33},{"not_picked":["Conserve Battery","Coolheaded"],"picked":"Chaos","floor":34},{"not_picked":["Gash","Leap"],"picked":"Tempest+1","floor":34},{"not_picked":["Coolheaded","Leap"],"picked":"Storm","floor":34},{"not_picked":["Coolheaded","Reinforced Body"],"picked":"Double Energy+1","floor":34},{"not_picked":["Go for the Eyes","Leap+1"],"picked":"Electrodynamics","floor":34},{"not_picked":["Turbo","Reprogram+1"],"picked":"Cold Snap+1","floor":35},{"not_picked":["Go for the Eyes+1","Hologram"],"picked":"Genetic Algorithm+1","floor":36},{"not_picked":["Reinforced Body","Coolheaded"],"picked":"Go for the Eyes","floor":37},{"not_picked":["Barrage","Turbo+1"],"picked":"White Noise","floor":38},{"not_picked":["PanicButton","Swift Strike"],"picked":"Discovery","floor":39},{"not_picked":["Dark Shackles","Good Instincts"],"picked":"Mind Blast","floor":39},{"not_picked":["The Bomb","Panacea"],"picked":"PanicButton","floor":39}],"player_experience":63007,"relics_obtained":[{"floor":6,"key":"Centennial Puzzle"},{"floor":10,"key":"Shuriken"},{"floor":12,"key":"Ginger"},{"floor":23,"key":"Mercury Hourglass"},{"floor":26,"key":"Sundial"},{"floor":29,"key":"Art of War"},{"floor":31,"key":"Red Mask"},{"floor":37,"key":"Dead Branch"}],"event_choices":[{"damage_healed":0,"gold_gain":0,"player_choice":"Bought 1 Potion","damage_taken":0,"max_hp_gain":0,"max_hp_loss":0,"event_name":"The Woman in Blue","floor":5,"gold_loss":0},{"damage_healed":0,"gold_gain":275,"player_choice":"Desecrate","damage_taken":0,"max_hp_gain":0,"max_hp_loss":0,"event_name":"Golden Shrine","floor":19,"gold_loss":0,"cards_obtained":["Regret"]},{"damage_healed":0,"gold_gain":0,"player_choice":"Stole Relic","damage_taken":0,"relics_obtained":["Meat on the Bone"],"max_hp_gain":0,"max_hp_loss":0,"event_name":"Addict","floor":30,"gold_loss":0,"cards_obtained":["Shame"]},{"damage_healed":0,"gold_gain":0,"player_choice":"Fought Bandits","damage_taken":0,"max_hp_gain":0,"max_hp_loss":0,"event_name":"Masked Bandits","floor":31,"gold_loss":0},{"damage_healed":0,"gold_gain":0,"player_choice":"Fight","damage_taken":0,"max_hp_gain":0,"max_hp_loss":0,"event_name":"MindBloom","floor":37,"gold_loss":0},{"damage_healed":0,"gold_gain":0,"player_choice":"Memory 3","damage_taken":10,"max_hp_gain":0,"max_hp_loss":0,"event_name":"SensoryStone","floor":39,"gold_loss":0}],"is_beta":false,"boss_relics":[{"not_picked":["Snecko Eye","Cursed Key"],"picked":"Philosopher\u0027s Stone"},{"not_picked":["White Beast Statue","Calling Bell"],"picked":"Orrery"}],"items_purged_floors":[22],"is_endless":false,"potions_floor_spawned":[2,7,8,12,14,20,21,24,29,33,35,38],"killed_by":"Nemesis","ascension_level":1}