{"gold_per_floor":[148,194,194,206,226,226,226,226,307,307,336,351,451,185,185,285,285,305,321,331,5,23,23,23,23,48,48,67,67,77,96,96,196,196,207,231,244,51,51,79,93,93,146,146,16,16,31,42,42,42],"floor_reached":51,"playtime":2610,"items_purged":[],"score":1103,"play_id":"ca001ebd-d6dd-4ff0-932b-b474e8fe6e9a","local_time":"20180922144419","is_ascension_mode":true,"campfire_choices":[{"data":"Zap","floor":6,"key":"SMITH"},{"data":"Dualcast","floor":8,"key":"SMITH"},{"data":"Melter","floor":10,"key":"SMITH"},{"data":"Metamorphosis","floor":15,"key":"SMITH"},{"floor":25,"key":"REST"},{"floor":27,"key":"REST"},{"data":"Biased Cognition","floor":29,"key":"SMITH"},{"data":"Loop","floor":32,"key":"SMITH"},{"data":"Seek","floor":44,"key":"SMITH"},{"floor":49,"key":"REST"}],"neow_cost":"NONE","seed_source_timestamp":676672040240000,"circlet_count":0,"master_deck":["Strike_B+1","Strike_B+1","Strike_B+1","Defend_B+1","Defend_B+1","Defend_B+1","Defend_B+1","Zap+1","Dualcast+1","AscendersBane","Melter+1","Cold Snap","Static Discharge","Tempest","Biased Cognition+1","Loop+1","Metamorphosis+1","Creative AI","Turbo","Conserve Battery","Seek","Self Repair","Cold Snap","Ball Lightning+1","Steam+1","Chill","Seek+1","Machine Learning","Conserve Battery","Defragment+1","Master of Strategy","Echo Form","Steam+1","Secret Technique","Flash of Steel","Dark Shackles","Glacier"],"relics":["Cracked Core","Tiny Chest","Anchor","Gremlin Horn","Mango","Nuclear Battery","ClockworkSouvenir","PreservedInsect","Lizard Tail","Blood Vial","Girya","Thread and Needle","Orichalcum","FaceOfCleric"],"potions_floor_usage":[20,33,37,41,50],"damage_taken":[{"damage":0,"enemies":"Cultist","floor":1,"turns":4},{"damage":0,"enemies":"Jaw Worm","floor":4,"turns":3},{"damage":0,"enemies":"2 Louse","floor":5,"turns":2},{"damage":23,"enemies":"Lagavulin","floor":11,"turns":6},{"damage":1,"enemies":"Looter","floor":12,"turns":2},{"damage":36,"enemies":"Slime Boss","floor":16,"turns":4},{"damage":19,"enemies":"2 Thieves","floor":18,"turns":3},{"damage":0,"enemies":"Spheric Guardian","floor":19,"turns":1},{"damage":5,"enemies":"3 Cultists","floor":20,"turns":4},{"damage":44,"enemies":"Shelled Parasite and Fungi","floor":22,"turns":4},{"damage":5,"enemies":"Centurion and Healer","floor":28,"turns":5},{"damage":0,"enemies":"Snake Plant","floor":30,"turns":4},{"damage":2,"enemies":"3 Cultists","floor":31,"turns":4},{"damage":22,"enemies":"Automaton","floor":33,"turns":10},{"damage":2,"enemies":"3 Shapes","floor":35,"turns":3},{"damage":8,"enemies":"3 Darklings","floor":37,"turns":6},{"damage":28,"enemies":"Mind Bloom Boss Battle","floor":39,"turns":6},{"damage":13,"enemies":"Giant Head","floor":40,"turns":9},{"damage":9,"enemies":"Reptomancer","floor":41,"turns":4},{"damage":0,"enemies":"Sphere and 2 Shapes","floor":47,"turns":3},{"damage":8,"enemies":"Transient","floor":48,"turns":5},{"damage":81,"enemies":"Awakened One","floor":50,"turns":13}],"seed_played":"5919533763187601369","potions_obtained":[{"floor":1,"key":"Swift Potion"},{"floor":16,"key":"Ancient Potion"},{"floor":31,"key":"PowerPotion"},{"floor":33,"key":"Explosive Potion"},{"floor":37,"key":"Weak Potion"},{"floor":39,"key":"GamblersBrew"},{"floor":48,"key":"SteroidPotion"}],"is_trial":false,"path_per_floor":["M","T","?","M","M","R","?","R","T","R","E","M","?","$","R","B",null,"M","M","M","$","M","?","$","R","T","R","M","R","M","M","R","B",null,"M","T","M","$","?","E","M","?","T","R","$","?","M","M","R","B"],"character_chosen":"DEFECT","items_purchased":["Loop","Metamorphosis","ClockworkSouvenir","Self Repair","Cold Snap","Master of Strategy","Dark Shackles","Glacier"],"campfire_rested":3,"item_purchase_floors":[14,14,21,21,21,38,45,45],"current_hp_per_floor":[68,68,61,61,61,61,61,61,61,61,52,51,51,51,51,15,71,52,52,47,47,10,10,10,36,36,62,64,64,64,69,69,54,80,78,78,79,79,60,56,63,58,58,58,58,58,61,63,90,11],"gold":42,"neow_bonus":"RANDOM_COMMON_RELIC","is_prod":false,"is_daily":false,"chose_seed":false,"campfire_upgraded":7,"win_rate":0,"timestamp":1537641859,"path_taken":["M","?","?","M","?","R","?","R","T","R","E","M","?","$","R","BOSS","M","M","?","$","M","?","$","R","T","R","M","R","?","M","R","BOSS","M","?","M","$","?","E","M","?","T","R","$","?","?","M","R","BOSS"],"build_version":"2018-09-20","purchased_purges":0,"victory":true,"max_hp_per_floor":[75,75,75,75,75,75,75,75,75,75,89,89,89,89,89,89,89,89,89,89,89,89,89,89,89,89,89,89,89,89,89,89,89,89,89,89,89,89,89,89,89,89,89,89,89,89,90,91,91,92],"card_choices":[{"not_picked":["Hello World","Gash"],"picked":"Melter","floor":1},{"not_picked":["FTL","Turbo"],"picked":"Cold Snap","floor":4},{"not_picked":["Ball Lightning","Hologram"],"picked":"Static Discharge","floor":5},{"not_picked":["Beam Cell","Lockon"],"picked":"Tempest","floor":11},{"not_picked":["Force Field","Sweeping Beam"],"picked":"Biased Cognition","floor":12},{"not_picked":["Reboot","Machine Learning"],"picked":"Creative AI","floor":16},{"not_picked":["Beam Cell","Gash"],"picked":"Turbo","floor":18},{"not_picked":["Reprogram","Streamline"],"picked":"Conserve Battery","floor":19},{"not_picked":["Steam+1","Turbo"],"picked":"Seek","floor":20},{"not_picked":["Rebound","Steam Power"],"picked":"Ball Lightning+1","floor":22},{"not_picked":["Go for the Eyes+1","Steam Power"],"picked":"Steam+1","floor":28},{"not_picked":["Steam","Stack+1"],"picked":"Chill","floor":30},{"not_picked":["Gash","Turbo"],"picked":"Seek","floor":31},{"not_picked":["All For One","Creative AI"],"picked":"Machine Learning","floor":33},{"not_picked":["Rebound+1","Sweeping Beam"],"picked":"Conserve Battery","floor":35},{"not_picked":["Rebound+1","Streamline"],"picked":"Defragment+1","floor":37},{"not_picked":["Stack","Barrage"],"picked":"Echo Form","floor":40},{"not_picked":["Darkness","Go for the Eyes"],"picked":"Steam+1","floor":41},{"not_picked":["PanicButton","Discovery"],"picked":"Secret Technique","floor":42},{"not_picked":["Secret Weapon","Mayhem"],"picked":"Flash of Steel","floor":42},{"not_picked":["Coolheaded","Genetic Algorithm","Go for the Eyes"],"picked":"SKIP","floor":47},{"not_picked":["Redo","Cold Snap","Compile Driver"],"picked":"SKIP","floor":48}],"player_experience":238147,"relics_obtained":[{"floor":2,"key":"Anchor"},{"floor":9,"key":"Gremlin Horn"},{"floor":11,"key":"Mango"},{"floor":26,"key":"PreservedInsect"},{"floor":36,"key":"Blood Vial"},{"floor":39,"key":"Girya"},{"floor":40,"key":"Thread and Needle"},{"floor":43,"key":"Orichalcum"}],"event_choices":[{"event_name":"Golden Wing","player_choice":"Card Removal","floor":3,"damage_taken":0},{"event_name":"Dead Adventurer","player_choice":"Searched \u00271\u0027 times","floor":7,"damage_taken":0},{"event_name":"Golden Shrine","player_choice":"Pray","floor":13,"damage_taken":0},{"event_name":"Back to Basics","player_choice":"Simplicity","floor":23,"damage_taken":0},{"event_name":"MindBloom","player_choice":"Fight","floor":39,"damage_taken":0},{"event_name":"SensoryStone","player_choice":"Memory 2","floor":42,"damage_taken":0},{"event_name":"FaceTrader","player_choice":"Trade","floor":46,"damage_taken":0}],"is_beta":false,"boss_relics":[{"not_picked":["Velvet Choker","Tiny House"],"picked":"Nuclear Battery"},{"not_picked":["Philosopher\u0027s Stone","Calling Bell"],"picked":"Lizard Tail"}],"items_purged_floors":[],"is_endless":false,"potions_floor_spawned":[1,16,18,31,33,37,39,48],"ascension_level":12}