{"path_per_floor":["M","?","?","M","M","E","M","M","T","R","T","R","$","?","R","B",null,"M","$","M","?","$","R"],"character_chosen":"DEFECT","items_purchased":["Apotheosis","Fusion"],"gold_per_floor":[117,117,117,133,153,184,201,214,262,262,262,262,78,43,43,139,139,151,77,87,87,87,87,87],"floor_reached":24,"campfire_rested":3,"playtime":1504,"current_hp_per_floor":[75,75,63,54,45,25,22,10,10,32,32,54,54,72,72,50,75,53,53,42,42,42,64,0],"items_purged":[],"gold":87,"score":194,"play_id":"d72659d1-8ccc-486e-a4dc-2a55509e2cc4","local_time":"20180427204808","is_prod":false,"is_daily":false,"chose_seed":false,"is_ascension_mode":false,"campfire_upgraded":1,"timestamp":1524826088,"path_taken":["M","?","?","?","M","E","M","M","T","R","?","R","?","?","R","BOSS","M","$","M","?","?","R","E"],"build_version":"2018-04-26v2","seed_source_timestamp":252316235933981,"purchased_purges":0,"victory":false,"master_deck":["Strike_B+1","Strike_B+1","Strike_B","Strike_B","Defend_B","Defend_B","Defend_B","Defend_B","Zap","Dualcast","Thunder Strike","Streamline","Regret","Impulse","Impulse","Stack","Redo","Chill","Apotheosis+1","Fission","Sweeping Beam+1","Fusion","Coolheaded"],"max_hp_per_floor":[75,75,75,75,75,75,75,75,75,75,75,75,75,75,75,75,75,75,75,75,75,75,75,75],"relics":["Cracked Core","Bag of Marbles","Mummified Hand","Orichalcum","Whetstone","Torii","Inserter"],"card_choices":[{"not_picked":["Hologram","Stack"],"picked":"Streamline","floor":1},{"not_picked":["Hologram","Beam Cell"],"picked":"Impulse","floor":4},{"not_picked":["Stack","Skim"],"picked":"Impulse","floor":5},{"not_picked":["Skim","Conserve Battery"],"picked":"Stack","floor":6},{"not_picked":["Storm","Hello World"],"picked":"Redo","floor":7},{"not_picked":["Barrage","Coolheaded"],"picked":"Chill","floor":8},{"not_picked":["Redo","Multi-Cast"],"picked":"Fission","floor":16},{"not_picked":["Capacitor","Loop"],"picked":"Sweeping Beam","floor":18},{"not_picked":["Hello World","Auto Shields"],"picked":"Coolheaded","floor":20}],"player_experience":147735,"potions_floor_usage":[6,6,7,16,24],"damage_taken":[{"damage":0,"enemies":"Small Slimes","floor":1,"turns":3},{"damage":9,"enemies":"Jaw Worm","floor":4,"turns":3},{"damage":9,"enemies":"Cultist","floor":5,"turns":3},{"damage":35,"enemies":"Lagavulin","floor":6,"turns":6},{"damage":3,"enemies":"Large Slime","floor":7,"turns":3},{"damage":12,"enemies":"Looter","floor":8,"turns":3},{"damage":37,"enemies":"The Guardian","floor":16,"turns":12},{"damage":22,"enemies":"Spheric Guardian","floor":18,"turns":7},{"damage":11,"enemies":"Chosen","floor":20,"turns":7},{"damage":73,"enemies":"Slavers","floor":24,"turns":5}],"event_choices":[{"event_name":"Big Fish","player_choice":"Box","floor":2,"damage_taken":0},{"event_name":"Scrap Ooze","player_choice":"success","floor":3,"damage_taken":12},{"event_name":"The Cleric","player_choice":"Healed","floor":14,"damage_taken":0},{"event_name":"Drug Dealer","player_choice":"Ignored","floor":21,"damage_taken":0}],"boss_relics":[{"not_picked":["Ectoplasm","Eternal Feather"],"picked":"Inserter"}],"potions_floor_spawned":[1,5,6,7,18],"seed_played":"-7063626553984732170","killed_by":"Slavers","ascension_level":0,"is_trial":false}