{"gold_per_floor":[113,132,150,161,161,192,192,206,233,245,275,322,348,360,372,479,491,518,543,567,579,602,614,130,156,181,209,219,239,268,285,285,383,383,397,417,428,441,196,222,222,252,252,280,280,280,290,12,12,12],"floor_reached":51,"playtime":3881,"items_purged":["Strike_B","Strike_B","Strike_B"],"score":1116,"play_id":"cfb37064-e2ee-4b0e-9838-ebad7786c92a","local_time":"20190302175117","is_ascension_mode":true,"campfire_choices":[{"data":"Chaos","floor":7,"key":"SMITH"},{"floor":10,"key":"REST"},{"data":"Zap","floor":15,"key":"SMITH"},{"data":"Capacitor","floor":23,"key":"SMITH"},{"data":"Defragment","floor":32,"key":"SMITH"},{"data":"Skim","floor":41,"key":"SMITH"},{"data":"Capacitor","floor":49,"key":"SMITH"}],"neow_cost":"TEN_PERCENT_HP_LOSS","seed_source_timestamp":4236978525185,"circlet_count":0,"master_deck":["Strike_B","Defend_B+1","Defend_B","Defend_B","Defend_B","Zap+1","Dualcast","Ball Lightning","Glacier","Skim+1","Capacitor+1","Chaos+1","Cold Snap","Coolheaded","Self Repair","Meteor Strike","Biased Cognition","Conserve Battery+1","Turbo+1","Hologram+1","Cold Snap+1","Capacitor+1","Chill","Genetic Algorithm+1","Stack+1","Hologram+1","Defragment+1","Fission+1","Meteor Strike","Coolheaded+1","Coolheaded+1","Hologram+1","Undo+1","Defragment+1","Parasite","Blizzard+1","Skim+1"],"relics":["Cracked Core","Emotion Chip","Pen Nib","Smiling Mask","MawBank","Strawberry","Coffee Dripper","Matryoshka","ClockworkSouvenir","War Paint","Toxic Egg 2","Bronze Scales","Lantern","Centennial Puzzle","Dream Catcher","Black Star","Bag of Preparation","Anchor","Ancient Tea Set","Dead Branch","Molten Egg 2","Potion Belt","Kunai","Ginger","Du-Vu Doll","DataDisk"],"potions_floor_usage":[8,11,12,16,18,19,25,25,27,36,37,37,50],"damage_taken":[{"damage":4,"enemies":"Small Slimes","floor":1,"turns":3},{"damage":1,"enemies":"Cultist","floor":2,"turns":3},{"damage":2,"enemies":"Jaw Worm","floor":3,"turns":3},{"damage":3,"enemies":"2 Fungi Beasts","floor":4,"turns":4},{"damage":13,"enemies":"Lagavulin","floor":6,"turns":7},{"damage":11,"enemies":"Lots of Slimes","floor":8,"turns":3},{"damage":0,"enemies":"Red Slaver","floor":11,"turns":3},{"damage":16,"enemies":"Gremlin Nob","floor":12,"turns":4},{"damage":2,"enemies":"Looter","floor":13,"turns":4},{"damage":30,"enemies":"Hexaghost","floor":16,"turns":12},{"damage":10,"enemies":"2 Thieves","floor":18,"turns":4},{"damage":2,"enemies":"Shell Parasite","floor":19,"turns":6},{"damage":23,"enemies":"Centurion and Healer","floor":20,"turns":9},{"damage":6,"enemies":"3 Cultists","floor":22,"turns":6},{"damage":21,"enemies":"Slavers","floor":25,"turns":5},{"damage":20,"enemies":"Gremlin Leader","floor":27,"turns":7},{"damage":4,"enemies":"Snake Plant","floor":28,"turns":4},{"damage":2,"enemies":"Cultist and Chosen","floor":29,"turns":6},{"damage":17,"enemies":"Book of Stabbing","floor":30,"turns":5},{"damage":0,"enemies":"Snecko","floor":31,"turns":5},{"damage":14,"enemies":"Champ","floor":33,"turns":9},{"damage":7,"enemies":"3 Darklings","floor":35,"turns":8},{"damage":0,"enemies":"Orb Walker","floor":36,"turns":1},{"damage":8,"enemies":"Transient","floor":37,"turns":5},{"damage":17,"enemies":"Jaw Worm Horde","floor":38,"turns":4},{"damage":20,"enemies":"Nemesis","floor":40,"turns":9},{"damage":3,"enemies":"Giant Head","floor":42,"turns":10},{"damage":8,"enemies":"Reptomancer","floor":44,"turns":6},{"damage":0,"enemies":"Writhing Mass","floor":47,"turns":6},{"damage":0,"enemies":"Donu and Deca","floor":50,"turns":9}],"seed_played":"-8715904341402889600","potions_obtained":[{"floor":4,"key":"Ancient Potion"},{"floor":6,"key":"Fire Potion"},{"floor":8,"key":"Block Potion"},{"floor":11,"key":"SkillPotion"},{"floor":14,"key":"Swift Potion"},{"floor":14,"key":"Block Potion"},{"floor":14,"key":"Block Potion"},{"floor":16,"key":"FocusPotion"},{"floor":18,"key":"Weak Potion"},{"floor":19,"key":"SteroidPotion"},{"floor":22,"key":"Regen Potion"},{"floor":30,"key":"Fire Potion"},{"floor":31,"key":"Weak Potion"},{"floor":33,"key":"Fire Potion"},{"floor":36,"key":"Regen Potion"},{"floor":42,"key":"SpeedPotion"},{"floor":44,"key":"Poison Potion"}],"is_trial":false,"path_per_floor":["M","M","M","M","?","E","R","M","T","R","M","E","M","?","R","B",null,"M","M","M","T","M","R","$","E","T","E","M","M","E","M","R","B",null,"M","M","M","M","$","E","R","E","T","E","?","?","M","$","R","B",null],"character_chosen":"DEFECT","items_purchased":["ClockworkSouvenir","Capacitor","Chill","War Paint","Hologram+1","Bag of Preparation","DataDisk","Skim+1"],"campfire_rested":1,"item_purchase_floors":[24,24,24,24,39,39,48,48],"current_hp_per_floor":[64,63,61,58,58,45,45,34,34,54,54,45,50,50,50,27,63,60,65,49,49,50,50,50,43,43,30,33,38,28,35,35,28,63,63,63,55,45,45,32,32,36,36,35,35,35,42,42,42,64],"gold":12,"neow_bonus":"ONE_RARE_RELIC","is_prod":false,"is_daily":false,"chose_seed":false,"campfire_upgraded":6,"win_rate":0,"timestamp":1551545477,"path_taken":["M","M","M","M","?","E","R","?","T","R","M","E","M","?","R","BOSS","M","M","M","?","M","R","$","E","T","E","M","?","E","M","R","BOSS","M","?","M","?","$","E","R","E","T","E","?","?","?","?","R","BOSS"],"build_version":"2019-01-23","purchased_purges":3,"victory":true,"max_hp_per_floor":[68,68,68,68,68,68,68,68,68,68,68,75,75,75,75,75,75,75,75,75,75,75,75,75,75,75,75,75,75,75,75,75,75,75,75,75,75,75,75,75,75,75,75,75,75,75,75,75,75,75],"card_choices":[{"not_picked":["Sweeping Beam","Redo"],"picked":"Ball Lightning","floor":1},{"not_picked":["Hello World","Barrage"],"picked":"Glacier","floor":2},{"not_picked":["FTL","Barrage"],"picked":"Skim","floor":3},{"not_picked":["Rip and Tear","Darkness"],"picked":"Capacitor","floor":4},{"not_picked":["Rebound","Static Discharge"],"picked":"Chaos","floor":6},{"not_picked":["Gash","Beam Cell"],"picked":"Cold Snap","floor":8},{"not_picked":["Turbo","Beam Cell"],"picked":"Coolheaded","floor":11},{"not_picked":["Coolheaded","Lockon"],"picked":"Self Repair","floor":12},{"not_picked":["Doom and Gloom","Loop"],"picked":"Meteor Strike","floor":13},{"not_picked":["Thunder Strike","Fission"],"picked":"Biased Cognition","floor":16},{"not_picked":["Tempest","Beam Cell+1"],"picked":"Conserve Battery+1","floor":18},{"not_picked":["Streamline","Storm"],"picked":"Turbo+1","floor":19},{"not_picked":["Steam","BootSequence"],"picked":"Hologram","floor":20},{"not_picked":["Redo","Double Energy"],"picked":"Cold Snap+1","floor":22},{"not_picked":["Fusion+1","Glacier+1"],"picked":"Genetic Algorithm","floor":25},{"not_picked":["Hyperbeam","Redo+1"],"picked":"Stack+1","floor":27},{"not_picked":["Ball Lightning","Scrape"],"picked":"Hologram+1","floor":28},{"not_picked":["Cold Snap+1","Barrage"],"picked":"Defragment","floor":29},{"not_picked":["Hologram+1","Conserve Battery+1"],"picked":"Fission+1","floor":30},{"not_picked":["Beam Cell","Sweeping Beam","Doom and Gloom"],"picked":"SKIP","floor":31},{"not_picked":["Thunder Strike","Multi-Cast+1"],"picked":"Meteor Strike","floor":33},{"not_picked":["Barrage","Lockon"],"picked":"Coolheaded+1","floor":35},{"not_picked":["Go for the Eyes","Cold Snap+1","Beam Cell"],"picked":"SKIP","floor":36},{"not_picked":["Rebound+1","Sweeping Beam+1","Redo+1"],"picked":"SKIP","floor":37},{"not_picked":["Rainbow+1","Undo+1"],"picked":"Coolheaded+1","floor":38},{"not_picked":["Barrage","Genetic Algorithm+1","Sweeping Beam+1"],"picked":"SKIP","floor":40},{"not_picked":["Ball Lightning","Hello World"],"picked":"Undo+1","floor":42},{"not_picked":["Aggregate+1","Chaos+1"],"picked":"Defragment+1","floor":44},{"not_picked":["Force Field+1","Hello World+1"],"picked":"Blizzard+1","floor":47}],"player_experience":1039609,"relics_obtained":[{"floor":6,"key":"Smiling Mask"},{"floor":9,"key":"MawBank"},{"floor":12,"key":"Strawberry"},{"floor":21,"key":"Matryoshka"},{"floor":25,"key":"Toxic Egg 2"},{"floor":26,"key":"Bronze Scales"},{"floor":26,"key":"Lantern"},{"floor":27,"key":"Centennial Puzzle"},{"floor":30,"key":"Dream Catcher"},{"floor":40,"key":"Anchor"},{"floor":40,"key":"Ancient Tea Set"},{"floor":42,"key":"Dead Branch"},{"floor":42,"key":"Molten Egg 2"},{"floor":43,"key":"Potion Belt"},{"floor":43,"key":"Kunai"},{"floor":44,"key":"Ginger"},{"floor":44,"key":"Du-Vu Doll"}],"event_choices":[{"damage_healed":0,"gold_gain":0,"player_choice":"Gave Potion","damage_taken":0,"relics_obtained":["Pen Nib"],"max_hp_gain":0,"max_hp_loss":0,"event_name":"WeMeetAgain","floor":5,"gold_loss":0},{"damage_healed":0,"gold_gain":0,"player_choice":"Got Potions","damage_taken":0,"max_hp_gain":0,"max_hp_loss":0,"event_name":"Lab","floor":14,"gold_loss":0},{"damage_healed":0,"gold_gain":0,"player_choice":"Ignored","damage_taken":0,"max_hp_gain":0,"max_hp_loss":0,"event_name":"Tomb of Lord Red Mask","floor":45,"gold_loss":0},{"damage_healed":0,"gold_gain":0,"player_choice":"Ignored","damage_taken":0,"max_hp_gain":0,"max_hp_loss":0,"event_name":"SecretPortal","floor":46,"gold_loss":0}],"is_beta":false,"boss_relics":[{"not_picked":["Astrolabe","White Beast Statue"],"picked":"Coffee Dripper"},{"not_picked":["Calling Bell","Sozu"],"picked":"Black Star"}],"items_purged_floors":[24,39,48],"is_endless":false,"potions_floor_spawned":[4,6,8,11,16,18,19,22,30,31,33,36,42,44],"ascension_level":5}