{"gold_per_floor":[110,128,142,161,172,172,203,203,203,238,253,273,304,304,304,401,401,415,430,460,294,358,387,387,405,405,380,380,396,396,107,107,205,205,217,267,285,160,210,210,227,227,279,279,279,108,158,208,208,208],"floor_reached":51,"playtime":2430,"items_purged":["Strike_R","Strike_R","Strike_R"],"score":1166,"play_id":"85d4d91e-10f4-4616-aadf-4a6fe61412f0","local_time":"20181114220551","is_ascension_mode":true,"campfire_choices":[{"data":"Iron Wave","floor":6,"key":"SMITH"},{"data":"Rampage","floor":8,"key":"SMITH"},{"data":"Shrug It Off","floor":15,"key":"SMITH"},{"data":"Shrug It Off","floor":24,"key":"SMITH"},{"data":"Double Tap","floor":28,"key":"SMITH"},{"data":"Battle Trance","floor":30,"key":"SMITH"},{"data":"Pommel Strike","floor":32,"key":"SMITH"},{"data":"Offering","floor":40,"key":"SMITH"},{"data":"Warcry","floor":42,"key":"SMITH"},{"data":"Inflame","floor":44,"key":"SMITH"},{"data":"Second Wind","floor":45,"key":"SMITH"},{"data":"True Grit","floor":49,"key":"SMITH"}],"neow_cost":"NONE","seed_source_timestamp":12903802564755,"circlet_count":0,"master_deck":["Defend_R","Defend_R","Defend_R","Defend_R+1","Bash+1","Iron Wave+1","Headbutt","Pommel Strike+1","Offering+1","Rampage+1","Shrug It Off+1","Headbutt","Inflame+1","Double Tap+1","Bludgeon","Shrug It Off+1","Battle Trance+1","Warcry+1","Headbutt+1","Second Wind+1","Offering+1","True Grit+1"],"relics":["Burning Blood","Ancient Tea Set","Omamori","War Paint","Singing Bowl","SsserpentHead","Coffee Dripper","Self Forming Clay","WingedGreaves","Blood Vial","Philosopher\u0027s Stone","Potion Belt","Vajra"],"potions_floor_usage":[7,10,23,35,50,50,50,50,50,50,50],"damage_taken":[{"damage":6,"enemies":"Cultist","floor":1,"turns":3},{"damage":0,"enemies":"2 Louse","floor":2,"turns":3},{"damage":9,"enemies":"Jaw Worm","floor":3,"turns":3},{"damage":7,"enemies":"Looter","floor":4,"turns":3},{"damage":11,"enemies":"Blue Slaver","floor":5,"turns":4},{"damage":29,"enemies":"Lagavulin","floor":7,"turns":6},{"damage":6,"enemies":"Gremlin Nob","floor":10,"turns":2},{"damage":0,"enemies":"2 Fungi Beasts","floor":11,"turns":4},{"damage":0,"enemies":"Looter","floor":12,"turns":3},{"damage":26,"enemies":"Lagavulin","floor":13,"turns":6},{"damage":32,"enemies":"The Guardian","floor":16,"turns":12},{"damage":12,"enemies":"3 Byrds","floor":18,"turns":5},{"damage":7,"enemies":"Shell Parasite","floor":19,"turns":3},{"damage":19,"enemies":"Shelled Parasite and Fungi","floor":22,"turns":5},{"damage":6,"enemies":"Gremlin Leader","floor":23,"turns":4},{"damage":1,"enemies":"Chosen and Byrds","floor":25,"turns":4},{"damage":6,"enemies":"Snecko","floor":29,"turns":3},{"damage":6,"enemies":"Champ","floor":33,"turns":6},{"damage":6,"enemies":"3 Darklings","floor":35,"turns":5},{"damage":6,"enemies":"3 Shapes","floor":37,"turns":3},{"damage":12,"enemies":"Writhing Mass","floor":41,"turns":2},{"damage":70,"enemies":"Awakened One","floor":50,"turns":7}],"seed_played":"2031419798288040117","potions_obtained":[{"floor":3,"key":"Swift Potion"},{"floor":4,"key":"Strength Potion"},{"floor":7,"key":"Energy Potion"},{"floor":16,"key":"Explosive Potion"},{"floor":20,"key":"Poison Potion"},{"floor":29,"key":"Block Potion"},{"floor":37,"key":"SteroidPotion"},{"floor":41,"key":"EntropicBrew"}],"is_trial":false,"path_per_floor":["M","M","M","M","M","R","E","R","T","E","M","M","E","?","R","B",null,"M","M","?","$","M","E","R","M","T","?","R","M","R","$","R","B",null,"M","?","M","$","?","R","M","R","T","R","R","$","?","?","R","B",null],"character_chosen":"IRONCLAD","items_purchased":["Battle Trance","Warcry","Second Wind","Blood Vial","True Grit","Vajra"],"campfire_rested":0,"item_purchase_floors":[21,21,31,31,46,46],"current_hp_per_floor":[72,78,75,74,69,69,46,46,46,46,52,58,38,38,38,12,63,59,58,58,58,47,49,49,54,54,54,54,56,56,56,56,58,81,85,85,89,89,89,89,87,87,87,87,87,87,89,89,89,36],"gold":208,"neow_bonus":"UPGRADE_CARD","is_prod":false,"is_daily":false,"chose_seed":false,"campfire_upgraded":12,"win_rate":0,"timestamp":1542251151,"path_taken":["M","M","?","M","M","R","E","R","T","E","M","M","E","?","R","BOSS","M","M","?","$","?","E","R","M","T","?","R","M","R","$","R","BOSS","M","?","M","$","?","R","M","R","T","R","R","$","?","?","R","BOSS"],"build_version":"2018-11-13","purchased_purges":3,"victory":true,"max_hp_per_floor":[80,80,80,80,80,80,80,80,80,80,80,80,80,80,80,80,80,82,82,82,82,84,86,86,86,86,86,86,88,88,88,88,88,88,90,90,92,92,92,92,94,94,94,94,94,94,96,96,96,96],"card_choices":[{"not_picked":["Clothesline","Anger"],"picked":"Iron Wave","floor":1},{"not_picked":["Infernal Blade","Iron Wave"],"picked":"Headbutt","floor":2},{"not_picked":["Anger","Wild Strike"],"picked":"Pommel Strike","floor":3},{"not_picked":["Sword Boomerang","Combust","Cleave"],"picked":"SKIP","floor":4},{"not_picked":["Cleave","Bloodletting"],"picked":"Offering","floor":5},{"not_picked":["Ghostly Armor","Immolate"],"picked":"Rampage","floor":7},{"not_picked":["Thunderclap","Clash"],"picked":"Shrug It Off","floor":10},{"not_picked":["Pommel Strike","Sword Boomerang"],"picked":"Headbutt","floor":11},{"not_picked":["Heavy Blade","Pummel"],"picked":"Inflame","floor":12},{"not_picked":["Dual Wield","Power Through"],"picked":"Double Tap","floor":13},{"not_picked":["Exhume","Demon Form"],"picked":"Bludgeon","floor":16},{"not_picked":["Clothesline","Ghostly Armor","Anger"],"picked":"Singing Bowl","floor":18},{"not_picked":["Evolve","Dual Wield+1"],"picked":"Shrug It Off","floor":19},{"not_picked":["Rupture","Rampage","Inflame"],"picked":"Singing Bowl","floor":22},{"not_picked":["Infernal Blade+1","Iron Wave","Dropkick+1"],"picked":"Singing Bowl","floor":23},{"not_picked":["Clothesline","Rampage"],"picked":"Headbutt+1","floor":25},{"not_picked":["Clothesline+1","Spot Weakness+1","Seeing Red"],"picked":"Singing Bowl","floor":29},{"not_picked":["Double Tap","Berserk"],"picked":"Offering","floor":33},{"not_picked":["Metallicize+1","Iron Wave","Havoc+1"],"picked":"Singing Bowl","floor":35},{"not_picked":["Cleave","Sword Boomerang","Iron Wave+1"],"picked":"Singing Bowl","floor":37},{"not_picked":["Inflame+1","Sentinel+1","Bludgeon"],"picked":"Singing Bowl","floor":41},{"not_picked":["Purity","Impatience","PanicButton"],"picked":"Singing Bowl","floor":47}],"player_experience":362180,"relics_obtained":[{"floor":7,"key":"Ancient Tea Set"},{"floor":9,"key":"Omamori"},{"floor":10,"key":"War Paint"},{"floor":13,"key":"Singing Bowl"},{"floor":23,"key":"Self Forming Clay"},{"floor":26,"key":"WingedGreaves"},{"floor":43,"key":"Potion Belt"}],"event_choices":[{"damage_healed":0,"gold_gain":0,"player_choice":"Trade","damage_taken":0,"relics_obtained":["SsserpentHead"],"max_hp_gain":0,"max_hp_loss":0,"event_name":"FaceTrader","floor":14,"gold_loss":0},{"damage_healed":0,"gold_gain":0,"player_choice":"Bought 1 Potion","damage_taken":0,"max_hp_gain":0,"max_hp_loss":0,"event_name":"The Woman in Blue","floor":20,"gold_loss":0},{"cards_removed":["Strike_R"],"damage_healed":0,"gold_gain":0,"player_choice":"Gave Gold","damage_taken":0,"max_hp_gain":0,"max_hp_loss":0,"event_name":"Beggar","floor":27,"gold_loss":75},{"cards_removed":["Strike_R"],"damage_healed":0,"gold_gain":0,"player_choice":"Removed Attack","damage_taken":0,"max_hp_gain":0,"max_hp_loss":0,"event_name":"Falling","floor":36,"gold_loss":0},{"damage_healed":0,"gold_gain":0,"player_choice":"Ignored","damage_taken":0,"max_hp_gain":0,"max_hp_loss":0,"event_name":"Tomb of Lord Red Mask","floor":39,"gold_loss":0},{"damage_healed":0,"gold_gain":0,"player_choice":"Memory 1","damage_taken":0,"max_hp_gain":0,"max_hp_loss":0,"event_name":"SensoryStone","floor":47,"gold_loss":0},{"damage_healed":0,"gold_gain":0,"player_choice":"Ignored","damage_taken":0,"max_hp_gain":0,"max_hp_loss":0,"event_name":"Mysterious Sphere","floor":48,"gold_loss":0}],"is_beta":true,"boss_relics":[{"not_picked":["Black Star","Runic Dome"],"picked":"Coffee Dripper"},{"not_picked":["Fusion Hammer","Mark of Pain"],"picked":"Philosopher\u0027s Stone"}],"items_purged_floors":[21,31,38],"is_endless":false,"potions_floor_spawned":[3,4,7,16,29,37,41],"ascension_level":9}