{"path_per_floor":["M","$","M","?","M","E","M","E","T","$","E","$","M","M","R","B",null,"M","M","?","T","$"],"character_chosen":"IRONCLAD","items_purchased":["War Paint","Bronze Scales"],"gold_per_floor":[113,113,125,125,136,169,184,214,268,48,83,83,100,114,114,212,212,226,244,244,267,21,21],"floor_reached":23,"campfire_rested":1,"playtime":1080,"current_hp_per_floor":[70,70,66,66,61,62,60,35,35,35,12,12,27,33,72,9,80,42,39,39,39,39,6],"items_purged":["Strike_R","Writhe"],"gold":21,"score":222,"play_id":"617a109b-e6ba-46d9-87f1-e947860cd5da","local_time":"20180324180643","is_prod":false,"is_daily":false,"is_ascension_mode":true,"campfire_upgraded":0,"timestamp":1521936403,"path_taken":["M","$","M","?","M","E","M","E","T","?","E","$","?","M","R","BOSS","M","M","?","?","$","E"],"build_version":"2018-03-22v2","purchased_purges":2,"victory":false,"master_deck":["Strike_R","Strike_R","Strike_R","Strike_R","Defend_R+1","Defend_R","Defend_R+1","Defend_R","Bash","Flame Barrier","Searing Blow+1","Thunderclap","Ghostly Armor","Iron Wave","Shrug It Off","True Grit","Rage","Brutality","Flex","Burning Pact"],"max_hp_per_floor":[80,80,80,80,80,80,80,80,80,80,80,80,80,80,80,80,80,80,80,80,80,80,80],"relics":["Burning Blood","Happy Flower","Bag of Marbles","Tiny Chest","War Paint","Regal Pillow","Black Star","Ornamental Fan","Lantern","Bronze Scales"],"card_choices":[{"not_picked":["Sever Soul","Flex"],"picked":"Flame Barrier","floor":1},{"not_picked":["Body Slam","Perfected Strike"],"picked":"Searing Blow","floor":3},{"not_picked":["Clothesline","Anger"],"picked":"Thunderclap","floor":5},{"not_picked":["Searing Blow","Reaper"],"picked":"Ghostly Armor","floor":6},{"not_picked":["Perfected Strike","True Grit"],"picked":"Iron Wave","floor":7},{"not_picked":["Pommel Strike","Fiend Fire"],"picked":"Shrug It Off","floor":11},{"not_picked":["Heavy Blade","Carnage"],"picked":"True Grit","floor":13},{"not_picked":["Twin Strike","Heavy Blade"],"picked":"Rage","floor":14},{"not_picked":["Dark Embrace","Feed"],"picked":"Brutality","floor":16},{"not_picked":["Cleave","Twin Strike"],"picked":"Flex","floor":18},{"not_picked":["Sword Boomerang","Infernal Blade"],"picked":"Burning Pact","floor":19}],"player_experience":208531,"potions_floor_usage":[6,6,13,16,19],"damage_taken":[{"damage":16,"enemies":"Small Slimes","floor":1,"turns":5},{"damage":10,"enemies":"2 Louse","floor":3,"turns":4},{"damage":11,"enemies":"Jaw Worm","floor":5,"turns":2},{"damage":20,"enemies":"3 Sentries","floor":6,"turns":6},{"damage":8,"enemies":"Exordium Thugs","floor":7,"turns":5},{"damage":31,"enemies":"Gremlin Nob","floor":8,"turns":5},{"damage":29,"enemies":"Lagavulin","floor":11,"turns":9},{"damage":0,"enemies":"Blue Slaver","floor":13,"turns":4},{"damage":0,"enemies":"Looter","floor":14,"turns":3},{"damage":69,"enemies":"Hexaghost","floor":16,"turns":16},{"damage":44,"enemies":"Chosen","floor":18,"turns":9},{"damage":9,"enemies":"3 Byrds","floor":19,"turns":4},{"damage":33,"enemies":"Book of Stabbing","floor":23,"turns":6}],"event_choices":[{"event_name":"Living Wall","player_choice":"Grow","floor":4,"damage_taken":0},{"event_name":"The Mausoleum","player_choice":"Yes","floor":20,"damage_taken":0}],"boss_relics":[{"not_picked":["Lizard Tail","Velvet Choker"],"picked":"Black Star"}],"potions_floor_spawned":[1,3,11,13,18],"seed_played":"-6139033008106614776","killed_by":"Book of Stabbing","ascension_level":1,"is_trial":false}