{"gold_per_floor":[16,16,32,50,63,63,93,93,93,126,140,65,65,65,65,65],"floor_reached":16,"playtime":660,"items_purged":["Strike_R"],"score":154,"play_id":"989ae356-3846-49e2-9f38-f677e415dc8a","local_time":"20181112174733","is_ascension_mode":true,"campfire_choices":[{"data":"Searing Blow","floor":6,"key":"SMITH"},{"data":"Searing Blow+1","floor":8,"key":"SMITH"},{"data":"True Grit","floor":13,"key":"SMITH"},{"floor":15,"key":"REST"}],"neow_cost":"NO_GOLD","seed_source_timestamp":718925016107480,"circlet_count":0,"master_deck":["Strike_R","Strike_R","Strike_R","Strike_R","Defend_R","Defend_R","Defend_R","Defend_R+1","Bash","Iron Wave+1","Shrug It Off","Searing Blow+2","Second Wind","Shrug It Off","True Grit+1"],"relics":["Burning Blood","Magic Flower","Question Card","Gremlin Horn","Paper Frog","Vajra"],"potions_floor_usage":[7,7,16],"damage_taken":[{"damage":15,"enemies":"2 Louse","floor":1,"turns":3},{"damage":9,"enemies":"Jaw Worm","floor":3,"turns":5},{"damage":2,"enemies":"Cultist","floor":4,"turns":4},{"damage":7,"enemies":"Looter","floor":5,"turns":4},{"damage":23,"enemies":"Gremlin Nob","floor":7,"turns":4},{"damage":25,"enemies":"3 Sentries","floor":10,"turns":9},{"damage":9,"enemies":"Gremlin Gang","floor":11,"turns":6},{"damage":54,"enemies":"Hexaghost","floor":16,"turns":9}],"seed_played":"7672418552229349224","potions_obtained":[{"floor":5,"key":"EntropicBrew"},{"floor":10,"key":"Fire Potion"}],"is_trial":false,"path_per_floor":["M","?","M","M","M","R","E","R","T","E","M","$","R","?","R","B"],"character_chosen":"IRONCLAD","items_purchased":[],"campfire_rested":1,"item_purchase_floors":[],"current_hp_per_floor":[66,54,54,61,63,63,49,49,49,33,33,33,33,17,41,0],"gold":65,"neow_bonus":"ONE_RARE_RELIC","is_prod":false,"is_daily":false,"chose_seed":false,"campfire_upgraded":3,"win_rate":0,"timestamp":1542062853,"path_taken":["M","?","M","M","M","R","E","R","T","E","M","$","R","?","R","BOSS"],"build_version":"2018-11-08","purchased_purges":1,"victory":false,"max_hp_per_floor":[80,80,80,80,80,80,80,80,80,80,80,80,80,80,80,80],"card_choices":[{"not_picked":["Thunderclap","Cleave"],"picked":"Iron Wave","floor":1},{"not_picked":["Iron Wave","Havoc","Thunderclap"],"picked":"Shrug It Off","floor":3},{"not_picked":["Sword Boomerang","Entrench","Uppercut"],"picked":"Searing Blow","floor":4},{"not_picked":["Sentinel","Hemokinesis","Clash","Pommel Strike"],"picked":"SKIP","floor":5},{"not_picked":["Twin Strike","Berserk","Sword Boomerang"],"picked":"Second Wind","floor":7},{"not_picked":["Wild Strike","Reckless Charge","Spot Weakness"],"picked":"Shrug It Off","floor":10},{"not_picked":["Intimidate","Power Through","Clash"],"picked":"True Grit","floor":11}],"player_experience":355306,"relics_obtained":[{"floor":7,"key":"Gremlin Horn"},{"floor":9,"key":"Paper Frog"},{"floor":10,"key":"Vajra"}],"event_choices":[{"damage_healed":0,"gold_gain":0,"player_choice":"Success","damage_taken":12,"relics_obtained":["Question Card"],"max_hp_gain":0,"max_hp_loss":0,"event_name":"Scrap Ooze","floor":2,"gold_loss":0},{"damage_healed":0,"gold_gain":0,"player_choice":"Entered Light","damage_taken":16,"max_hp_gain":0,"max_hp_loss":0,"event_name":"Shining Light","floor":14,"gold_loss":0,"cards_upgraded":["Iron Wave","Defend_R"]}],"is_beta":true,"boss_relics":[],"items_purged_floors":[12],"is_endless":false,"potions_floor_spawned":[5,10,11],"killed_by":"Hexaghost","ascension_level":8}