{"path_per_floor":["M","M","?","?","?","E","R","T","T","R","M","M","$","M","R","B",null,"M","M","?","M"],"character_chosen":"IRONCLAD","items_purchased":[],"gold_per_floor":[109,126,126,126,126,161,161,161,242,242,261,273,223,239,239,334,334,351,366,366,385,385],"floor_reached":22,"campfire_rested":0,"playtime":1203,"current_hp_per_floor":[80,80,80,80,80,65,65,65,65,65,68,74,74,68,68,15,80,64,55,55,27,0],"items_purged":["Evolve"],"gold":385,"score":195,"play_id":"3c3b7fe6-4ded-4d04-8b98-e0617f2d806b","local_time":"20180511212445","is_prod":false,"is_daily":false,"chose_seed":false,"is_ascension_mode":true,"campfire_upgraded":3,"timestamp":1526037885,"path_taken":["M","?","?","?","?","E","R","?","T","R","?","M","$","M","R","BOSS","M","M","?","M","M"],"build_version":"2018-05-10","seed_source_timestamp":14727875569500,"purchased_purges":1,"victory":false,"master_deck":["Strike_R+1","Strike_R+1","Strike_R","Strike_R","Strike_R","Defend_R","Defend_R+1","Defend_R","Defend_R","Clash+1","Fire Breathing+1","Anger","Pommel Strike","Pommel Strike","Fire Breathing","Anger","Shrug It Off","Iron Wave"],"max_hp_per_floor":[80,80,80,80,80,80,80,80,80,80,80,80,80,80,80,80,80,80,80,80,80,80],"relics":["Burning Blood","Ginger","Dodecahedron","Orrery","Nloth\u0027s Gift"],"card_choices":[{"not_picked":["Flex","Fire Breathing"],"picked":"Clash","floor":1},{"not_picked":["Perfected Strike","Seeing Red"],"picked":"Fire Breathing","floor":11},{"not_picked":["Corruption","Cleave"],"picked":"Anger","floor":12},{"not_picked":["Sword Boomerang","Sever Soul"],"picked":"Pommel Strike","floor":14},{"not_picked":["Twin Strike","Rupture"],"picked":"Pommel Strike","floor":17},{"not_picked":["Havoc","Pummel"],"picked":"Fire Breathing","floor":17},{"not_picked":["Second Wind","Thunderclap"],"picked":"Anger","floor":17},{"not_picked":["Iron Wave","Perfected Strike"],"picked":"Shrug It Off","floor":19},{"not_picked":["Flame Barrier","Bludgeon"],"picked":"Iron Wave","floor":21}],"player_experience":213406,"potions_floor_usage":[12,12,16,16,21],"damage_taken":[{"damage":1,"enemies":"Cultist","floor":1,"turns":4},{"damage":0,"enemies":"Small Slimes","floor":2,"turns":3},{"damage":21,"enemies":"3 Sentries","floor":6,"turns":10},{"damage":3,"enemies":"Jaw Worm","floor":11,"turns":3},{"damage":0,"enemies":"2 Fungi Beasts","floor":12,"turns":2},{"damage":12,"enemies":"Exordium Wildlife","floor":14,"turns":4},{"damage":59,"enemies":"The Guardian","floor":16,"turns":14},{"damage":22,"enemies":"Shell Parasite","floor":18,"turns":5},{"damage":15,"enemies":"Chosen","floor":19,"turns":4},{"damage":34,"enemies":"Sentry and Sphere","floor":21,"turns":8},{"damage":32,"enemies":"Slaver and Parasite","floor":22,"turns":3}],"event_choices":[{"event_name":"Liars Game","player_choice":"disagreed","floor":3,"damage_taken":0},{"event_name":"Transmorgrifier","player_choice":"Transform","floor":4,"damage_taken":0},{"event_name":"Upgrade Shrine","player_choice":"Upgraded","floor":5,"damage_taken":0},{"event_name":"N\u0027loth","player_choice":"Traded a Smiling Mask","floor":20,"damage_taken":0}],"boss_relics":[{"not_picked":["Runic Cube","Runic Dome"],"picked":"Orrery"}],"potions_floor_spawned":[6,11,12,14,19],"seed_played":"-5844897131469953078","killed_by":"Slaver and Parasite","ascension_level":1,"is_trial":false}