{"gold_per_floor":[112,22,22,72,85,113,188,214,283,313,313,313,313,15,15,15],"floor_reached":16,"playtime":426,"items_purged":["Defend_B"],"score":250,"play_id":"8960191c-0f8c-4141-9f56-3fcf9b6b65f7","local_time":"20190219211710","is_ascension_mode":true,"campfire_choices":[{"data":"Defragment","floor":11,"key":"SMITH"},{"data":"Zap","floor":15,"key":"SMITH"}],"neow_cost":"NONE","seed_source_timestamp":168476067827973,"circlet_count":0,"master_deck":["AscendersBane","Strike_B","Strike_B","Strike_B","Defend_B","Defend_B","Defend_B","Zap+1","Dualcast","Ball Lightning","Flash of Steel","Glacier","Steam Power","Defragment+1","Conserve Battery"],"relics":["Cracked Core","NeowsBlessing","Juzu Bracelet","Du-Vu Doll","Darkstone Periapt","Regal Pillow","Ancient Tea Set","PreservedInsect"],"potions_floor_usage":[8,10],"damage_taken":[{"damage":0,"enemies":"2 Louse","floor":1,"turns":1},{"damage":0,"enemies":"Cultist","floor":5,"turns":1},{"damage":0,"enemies":"Gremlin Nob","floor":6,"turns":1},{"damage":20,"enemies":"Lagavulin","floor":8,"turns":7},{"damage":6,"enemies":"3 Sentries","floor":10,"turns":7},{"damage":33,"enemies":"Slime Boss","floor":16,"turns":8}],"seed_played":"7862981814356295695","potions_obtained":[{"floor":5,"key":"Strength Potion"},{"floor":6,"key":"Fire Potion"}],"is_trial":false,"path_per_floor":["M","$","?","?","M","E","?","E","T","E","R","?","?","$","R","B"],"character_chosen":"DEFECT","items_purchased":["Flash of Steel","PreservedInsect","Conserve Battery"],"campfire_rested":0,"item_purchase_floors":[2,14,14],"current_hp_per_floor":[64,64,64,64,64,64,53,33,33,27,27,27,27,27,27,0],"gold":15,"neow_bonus":"THREE_ENEMY_KILL","is_prod":false,"is_daily":false,"chose_seed":false,"campfire_upgraded":2,"win_rate":0,"timestamp":1550629030,"path_taken":["M","$","?","?","?","E","?","E","T","E","R","?","?","?","R","BOSS"],"build_version":"2019-01-23","purchased_purges":1,"victory":false,"max_hp_per_floor":[71,71,71,71,71,71,71,71,71,71,71,71,71,71,71,71],"card_choices":[{"not_picked":["Cold Snap","Force Field"],"picked":"Ball Lightning","floor":1},{"not_picked":["Tempest","Hologram"],"picked":"Glacier","floor":5},{"not_picked":["Redo","Stack"],"picked":"Steam Power","floor":6},{"not_picked":["Barrage","Loop","Amplify"],"picked":"SKIP","floor":8},{"not_picked":["Sweeping Beam","Leap"],"picked":"Defragment","floor":10}],"player_experience":513592,"relics_obtained":[{"floor":6,"key":"Juzu Bracelet"},{"floor":8,"key":"Du-Vu Doll"},{"floor":9,"key":"Darkstone Periapt"},{"floor":10,"key":"Regal Pillow"},{"floor":13,"key":"Ancient Tea Set"}],"event_choices":[{"damage_healed":0,"gold_gain":0,"player_choice":"Ignored","damage_taken":0,"max_hp_gain":0,"max_hp_loss":0,"event_name":"Liars Game","floor":3,"gold_loss":0},{"damage_healed":0,"gold_gain":50,"player_choice":"Pray","damage_taken":0,"max_hp_gain":0,"max_hp_loss":0,"event_name":"Golden Shrine","floor":4,"gold_loss":0},{"damage_healed":0,"gold_gain":75,"player_choice":"Gather Gold","damage_taken":11,"max_hp_gain":0,"max_hp_loss":0,"event_name":"World of Goop","floor":7,"gold_loss":0},{"cards_removed":["Strike_B"],"damage_healed":0,"gold_gain":0,"player_choice":"Purged","damage_taken":0,"max_hp_gain":0,"max_hp_loss":0,"event_name":"Purifier","floor":12,"gold_loss":0},{"damage_healed":0,"gold_gain":0,"player_choice":"Relic","damage_taken":0,"max_hp_gain":0,"max_hp_loss":0,"event_name":"Wheel of Change","floor":13,"gold_loss":0}],"is_beta":false,"boss_relics":[],"items_purged_floors":[14],"is_endless":false,"potions_floor_spawned":[5,6],"killed_by":"Slime Boss","ascension_level":16}