{"gold_per_floor":[119,17,36,46,46,46,46,56,56,56,121,121,141,175,175,248,248,260,260,350,8,20,20,32,32,58,58,86,86,415,26,26,104,104,120,120,0,100,117,117,152,152,152,152,152,22,56,70,70,70,70],"floor_reached":51,"playtime":2869,"items_purged":["Strike_G"],"score":1474,"play_id":"fcee4363-c13e-45ad-a6fb-088b2acaf0ff","local_time":"20181103111710","is_ascension_mode":true,"campfire_choices":[{"data":"Neutralize","floor":6.0,"key":"SMITH"},{"data":"Adrenaline","floor":10.0,"key":"SMITH"},{"floor":12.0,"key":"REST"},{"floor":15.0,"key":"REST"},{"floor":23.0,"key":"REST"},{"data":"Adrenaline","floor":25.0,"key":"SMITH"},{"floor":29.0,"key":"REST"},{"floor":32.0,"key":"REST"},{"floor":40.0,"key":"REST"},{"data":"Crippling Poison","floor":42.0,"key":"SMITH"},{"data":"Blur","floor":44.0,"key":"SMITH"},{"floor":49.0,"key":"REST"}],"neow_cost":"NONE","seed_source_timestamp":136545794733567,"circlet_count":0,"master_deck":["AscendersBane","Defend_G","Defend_G","Defend_G","Defend_G","Strike_G","Strike_G","Strike_G","Survivor","Neutralize+1","Quick Slash","Backflip","Dash","Backstab","Tools of the Trade","Adrenaline+1","Blur+1","PiercingWail","Die Die Die","Adrenaline+1","Backflip","Apotheosis","Backflip","Predator","Underhanded Strike","Crippling Poison+1","Malaise","Madness","Madness","Predator","Predator"],"special_seed":0,"relics":["Ring of the Serpent","NeowsBlessing","Bottled Flame","Darkstone Periapt","Mercury Hourglass","Snecko Eye","Blood Vial","Happy Flower","Old Coin","Dead Branch","Red Mask","Ice Cream","Oddly Smooth Stone","Singing Bowl","Question Card"],"potions_floor_usage":[],"damage_taken":[{"damage":0.0,"enemies":"Cultist","floor":1.0,"turns":1.0},{"damage":0.0,"enemies":"Jaw Worm","floor":3.0,"turns":1.0},{"damage":0.0,"enemies":"2 Louse","floor":4.0,"turns":1.0},{"damage":6.0,"enemies":"Lots of Slimes","floor":8.0,"turns":6.0},{"damage":7.0,"enemies":"Gremlin Nob","floor":11.0,"turns":4.0},{"damage":0.0,"enemies":"Looter","floor":13.0,"turns":2.0},{"damage":42.0,"enemies":"Lagavulin","floor":14.0,"turns":9.0},{"damage":16.0,"enemies":"The Guardian","floor":16.0,"turns":17.0},{"damage":9.0,"enemies":"3 Byrds","floor":18.0,"turns":5.0},{"damage":3.0,"enemies":"Chosen","floor":22.0,"turns":5.0},{"damage":13.0,"enemies":"Snecko","floor":24.0,"turns":6.0},{"damage":5.0,"enemies":"Book of Stabbing","floor":28.0,"turns":5.0},{"damage":20.0,"enemies":"Slavers","floor":30.0,"turns":4.0},{"damage":21.0,"enemies":"Automaton","floor":33.0,"turns":12.0},{"damage":0.0,"enemies":"Orb Walker","floor":35.0,"turns":3.0},{"damage":1.0,"enemies":"Mind Bloom Boss Battle","floor":38.0,"turns":6.0},{"damage":40.0,"enemies":"3 Darklings","floor":39.0,"turns":6.0},{"damage":0.0,"enemies":"Giant Head","floor":41.0,"turns":7.0},{"damage":43.0,"enemies":"Nemesis","floor":47.0,"turns":9.0},{"damage":0.0,"enemies":"Sphere and 2 Shapes","floor":48.0,"turns":3.0},{"damage":24.0,"enemies":"Donu and Deca","floor":50.0,"turns":12.0},{"damage":22,"enemies":"Awakened One","floor":51,"turns":2}],"seed_played":"-583307449895734739","potions_obtained":[{"floor":3.0,"key":"GamblersBrew"},{"floor":8.0,"key":"SpeedPotion"},{"floor":16.0,"key":"SteroidPotion"},{"floor":18.0,"key":"Energy Potion"},{"floor":22.0,"key":"Regen Potion"},{"floor":28.0,"key":"SteroidPotion"},{"floor":38.0,"key":"Regen Potion"},{"floor":41.0,"key":"SteroidPotion"},{"floor":47.0,"key":"EntropicBrew"}],"is_trial":false,"path_per_floor":["M","$","M","M","?","R","?","M","T","R","?","R","M","E","R","B",null,"M","?","?","$","M","R","M","R","T","?","E","R","E","$","R","B",null,"M","?","?","?","M","R","E","R","T","R","?","$","E","M","R","B","B"],"character_chosen":"THE_SILENT","items_purchased":["Backflip","Dash","Apotheosis","Backflip","Dead Branch","Crippling Poison","Predator","SpeedPotion"],"campfire_rested":7,"item_purchase_floors":[2,2,21,21,31,31,46,46],"current_hp_per_floor":[59,59,59,59,52,52,52,46,46,46,39,58,58,16,35,19,54,45,45,33,33,30,49,50,50,50,32,29,50,32,32,53,34,62,64,51,51,52,29,50,52,52,52,52,52,52,13,17,39,17,0],"gold":70,"neow_bonus":"THREE_ENEMY_KILL","is_prod":false,"is_daily":false,"chose_seed":false,"campfire_upgraded":5,"win_rate":0,"timestamp":1541269030,"path_taken":["M","?","?","M","?","R","?","?","T","R","?","R","M","E","R","BOSS","M","?","?","$","M","R","?","R","T","?","E","R","E","$","R","BOSS","M","?","?","?","M","R","E","R","T","R","?","?","E","M","R","BOSS","BOSS"],"build_version":"2018-11-01","purchased_purges":1,"victory":false,"max_hp_per_floor":[66,66,66,66,66,66,66,66,66,66,66,66,66,66,66,66,66,66,66,66,66,66,66,66,66,66,71,71,71,71,71,71,71,71,71,71,71,71,71,71,71,71,71,71,71,71,73,75,75,75,75],"card_choices":[{"not_picked":["Acrobatics","Dagger Spray"],"picked":"Quick Slash","floor":1.0},{"not_picked":["Bane","Dodge and Roll","Acrobatics"],"picked":"SKIP","floor":3.0},{"not_picked":["Slice","Underhanded Strike"],"picked":"Backstab","floor":4.0},{"not_picked":["Acrobatics","Poisoned Stab"],"picked":"Adrenaline","floor":8.0},{"not_picked":["Blade Dance","Deadly Poison"],"picked":"Blur","floor":11.0},{"not_picked":["Flying Knee","Catalyst"],"picked":"PiercingWail","floor":13.0},{"not_picked":["Underhanded Strike","Finisher"],"picked":"Die Die Die","floor":14.0},{"not_picked":["Grand Finale","Phantasmal Killer"],"picked":"Adrenaline","floor":16.0},{"not_picked":["Blade Dance+1","Dagger Throw+1"],"picked":"Riddle With Holes","floor":18.0},{"not_picked":["Calculated Gamble","Tactician"],"picked":"Predator","floor":22.0},{"not_picked":["Outmaneuver","Prepared","Masterful Stab"],"picked":"SKIP","floor":24.0},{"not_picked":["Poisoned Stab","Slice+1","Outmaneuver"],"picked":"SKIP","floor":28.0},{"not_picked":["Sucker Punch+1","Masterful Stab+1"],"picked":"Underhanded Strike","floor":30.0},{"not_picked":["Glass Knife","Doppelganger"],"picked":"Malaise","floor":33.0},{"not_picked":["Deadly Poison","Finisher","Accuracy"],"picked":"SKIP","floor":35.0},{"not_picked":["Flying Knee","Deflect","Tactician"],"picked":"SKIP","floor":39.0},{"not_picked":["Storm of Steel","Dagger Spray+1"],"picked":"Predator","floor":41.0},{"not_picked":["All Out Attack","Prepared","Dagger Throw"],"picked":"Singing Bowl","floor":47.0},{"not_picked":["Reflex","Backflip","Dagger Throw","Setup"],"picked":"Singing Bowl","floor":48.0}],"player_experience":597960,"relics_obtained":[{"floor":9.0,"key":"Bottled Flame"},{"floor":11.0,"key":"Darkstone Periapt"},{"floor":14.0,"key":"Mercury Hourglass"},{"floor":26.0,"key":"Blood Vial"},{"floor":28.0,"key":"Happy Flower"},{"floor":30.0,"key":"Old Coin"},{"floor":38.0,"key":"Ice Cream"},{"floor":41.0,"key":"Oddly Smooth Stone"},{"floor":43.0,"key":"Singing Bowl"},{"floor":47.0,"key":"Question Card"}],"event_choices":[{"cards_removed":["Defend_G"],"damage_healed":0.0,"max_hp_gain":0.0,"max_hp_loss":0.0,"gold_gain":0.0,"event_name":"Golden Wing","player_choice":"Card Removal","floor":5.0,"gold_loss":0.0,"damage_taken":7.0},{"damage_healed":0.0,"max_hp_gain":0.0,"max_hp_loss":0.0,"gold_gain":0.0,"cards_transformed":["Strike_G"],"event_name":"Transmorgrifier","player_choice":"Transformed","floor":7.0,"gold_loss":0.0,"damage_taken":0.0,"cards_obtained":["Tools of the Trade"]},{"damage_healed":0.0,"max_hp_gain":0.0,"max_hp_loss":0.0,"gold_gain":0.0,"event_name":"Dead Adventurer","player_choice":"Searched \u00271\u0027 times","floor":11.0,"gold_loss":0.0,"damage_taken":0.0},{"damage_healed":0.0,"max_hp_gain":0.0,"max_hp_loss":0.0,"gold_gain":0.0,"event_name":"The Library","player_choice":"Read","floor":19.0,"gold_loss":0.0,"damage_taken":0.0,"cards_obtained":["Backflip"]},{"damage_healed":0.0,"max_hp_gain":0.0,"max_hp_loss":0.0,"gold_gain":90.0,"event_name":"Knowing Skull","player_choice":"GOLD ","floor":20.0,"potions_obtained":[],"gold_loss":0.0,"damage_taken":12.0,"cards_obtained":[]},{"damage_healed":0.0,"max_hp_gain":5.0,"max_hp_loss":0.0,"gold_gain":0.0,"event_name":"Forgotten Altar","player_choice":"Shed Blood","floor":27.0,"gold_loss":0.0,"damage_taken":23.0},{"damage_healed":0.0,"max_hp_gain":0.0,"max_hp_loss":0.0,"gold_gain":0.0,"event_name":"Winding Halls","player_choice":"Embrace Madness","floor":36.0,"gold_loss":0.0,"damage_taken":13.0,"cards_obtained":["Madness","Madness"]},{"damage_healed":0.0,"max_hp_gain":0.0,"max_hp_loss":0.0,"gold_gain":0.0,"event_name":"Tomb of Lord Red Mask","player_choice":"Paid","floor":37.0,"gold_loss":120.0,"damage_taken":0.0,"relics_obtained":["Red Mask"]},{"damage_healed":0.0,"max_hp_gain":0.0,"max_hp_loss":0.0,"gold_gain":0.0,"event_name":"MindBloom","player_choice":"Fight","floor":38.0,"gold_loss":0.0,"damage_taken":0.0},{"cards_removed":["Riddle With Holes"],"damage_healed":0.0,"max_hp_gain":0.0,"max_hp_loss":0.0,"gold_gain":0.0,"event_name":"Falling","player_choice":"Removed Attack","floor":45.0,"gold_loss":0.0,"damage_taken":0.0}],"is_beta":false,"boss_relics":[{"not_picked":["Calling Bell","Runic Pyramid"],"picked":"Snecko Eye"},{"not_picked":["Astrolabe","Eternal Feather"],"picked":"Ring of the Serpent"}],"items_purged_floors":[21],"is_endless":false,"potions_floor_spawned":[3,8,16,18,22,28,38,41,47,48],"killed_by":"Awakened One","ascension_level":20}