{"gold_per_floor":[117,136,147,161,32,57,57,92,92,92,109,59,59,78,78,173,173,184,184,201,36,136,136,165,165,165,177,194,194,220,232,232,232],"floor_reached":33,"playtime":1914,"items_purged":["Bash"],"score":337,"play_id":"03c8e8e3-b11a-4f18-a05b-3de33a7a04d6","local_time":"20190304155328","is_ascension_mode":true,"campfire_choices":[{"floor":7.0,"key":"REST"},{"data":"Perfected Strike","floor":10.0,"key":"SMITH"},{"floor":15.0,"key":"REST"},{"data":"Barricade","floor":23.0,"key":"SMITH"},{"floor":29,"key":"REST"},{"floor":32,"key":"REST"}],"neow_cost":"NONE","seed_source_timestamp":1709878636896563,"circlet_count":0,"master_deck":["Strike_R","Strike_R","Strike_R","Strike_R","Strike_R","Defend_R","Juggernaut","Shrug It Off","Perfected Strike+1","Perfected Strike","Shrug It Off","Shrug It Off","Shrug It Off","Shrug It Off","Barricade+1","Seeing Red+1","Shrug It Off+1","Headbutt","Wild Strike","Double Tap","Shrug It Off","Pommel Strike+1","Wild Strike","Wild Strike+1","Shrug It Off"],"special_seed":0,"relics":["Burning Blood","Prayer Wheel","Mercury Hourglass","Bottled Flame","Cursed Key","Torii","Letter Opener","Gremlin Horn","Paper Frog"],"potions_floor_usage":[27,30],"damage_taken":[{"damage":7.0,"enemies":"2 Louse","floor":1.0,"turns":2.0},{"damage":5.0,"enemies":"Small Slimes","floor":2.0,"turns":4.0},{"damage":9.0,"enemies":"Jaw Worm","floor":3.0,"turns":4.0},{"damage":26.0,"enemies":"Gremlin Gang","floor":4.0,"turns":5.0},{"damage":14.0,"enemies":"3 Sentries","floor":6.0,"turns":10.0},{"damage":35.0,"enemies":"Lagavulin","floor":8.0,"turns":7.0},{"damage":8.0,"enemies":"Red Slaver","floor":11.0,"turns":2.0},{"damage":5.0,"enemies":"2 Fungi Beasts","floor":14.0,"turns":3.0},{"damage":29.0,"enemies":"Slime Boss","floor":16.0,"turns":11.0},{"damage":22.0,"enemies":"2 Thieves","floor":18.0,"turns":4.0},{"damage":0.0,"enemies":"Chosen","floor":20.0,"turns":4.0},{"damage":12.0,"enemies":"Colosseum Slavers","floor":22.0,"turns":2.0},{"damage":15.0,"enemies":"Colosseum Nobs","floor":22.0,"turns":4.0},{"damage":44.0,"enemies":"Gremlin Leader","floor":24.0,"turns":5.0},{"damage":1,"enemies":"Snake Plant","floor":27,"turns":2},{"damage":9,"enemies":"Snecko","floor":28,"turns":4},{"damage":33,"enemies":"Book of Stabbing","floor":30,"turns":5},{"damage":0,"enemies":"Cultist and Chosen","floor":31,"turns":5},{"damage":56,"enemies":"Collector","floor":33,"turns":6}],"seed_played":"219122589880246154","potions_obtained":[{"floor":2.0,"key":"Ancient Potion"},{"floor":8.0,"key":"PowerPotion"},{"floor":24.0,"key":"AttackPotion"},{"floor":27,"key":"BloodPotion"}],"is_trial":false,"path_per_floor":["M","M","M","M","$","E","R","E","T","R","M","?","?","M","R","B",null,"M","$","M","$","?","R","E","?","T","M","M","R","E","M","R","B"],"character_chosen":"IRONCLAD","items_purchased":["Shrug It Off","Wild Strike","Double Tap"],"campfire_rested":4,"item_purchase_floors":[5,21,21],"current_hp_per_floor":[79,80,77,57,57,49,73,44,44,44,42,42,42,43,67,44,80,64,64,70,70,55,55,17,17,17,22,19,43,24,30,54,0],"gold":232,"neow_bonus":"ONE_RANDOM_RARE_CARD","is_prod":false,"is_daily":false,"chose_seed":false,"campfire_upgraded":2,"win_rate":0,"timestamp":1551732808,"path_taken":["M","M","M","M","$","E","R","E","T","R","M","?","?","M","R","BOSS","M","$","M","$","?","R","E","?","T","M","M","R","E","M","R","BOSS"],"build_version":"2019-01-23","purchased_purges":1,"victory":false,"max_hp_per_floor":[80,80,80,80,80,80,80,80,80,80,80,80,80,80,80,80,80,80,80,80,80,80,80,80,80,80,80,80,80,80,80,80,80],"card_choices":[{"not_picked":["True Grit","Heavy Blade"],"picked":"Shrug It Off","floor":1.0},{"not_picked":["Feel No Pain","Rage"],"picked":"Perfected Strike","floor":2.0},{"not_picked":["Clothesline","Inflame","Rupture"],"picked":"SKIP","floor":3.0},{"not_picked":["Thunderclap","Flex"],"picked":"Perfected Strike","floor":4.0},{"not_picked":["Armaments","Entrench","Heavy Blade"],"picked":"SKIP","floor":6.0},{"not_picked":["Heavy Blade","Bloodletting","Berserk"],"picked":"SKIP","floor":8.0},{"not_picked":["Thunderclap","Intimidate"],"picked":"Shrug It Off","floor":11.0},{"not_picked":["Rupture","Armaments"],"picked":"Shrug It Off","floor":11.0},{"not_picked":["Shockwave","Sentinel"],"picked":"Shrug It Off","floor":14.0},{"not_picked":["Thunderclap","Clash","Feed"],"picked":"SKIP","floor":14.0},{"not_picked":["Feed","Demon Form"],"picked":"Barricade","floor":16.0},{"not_picked":["Shrug It Off","Dropkick"],"picked":"Seeing Red+1","floor":18.0},{"not_picked":["Flex","Whirlwind+1","Combust+1"],"picked":"SKIP","floor":18.0},{"not_picked":["Wild Strike","Sever Soul"],"picked":"Shrug It Off+1","floor":20.0},{"not_picked":["Anger","Whirlwind"],"picked":"Headbutt","floor":20.0},{"not_picked":["Rupture","Evolve","Seeing Red"],"picked":"SKIP","floor":24.0},{"not_picked":["Headbutt","Pummel+1"],"picked":"Shrug It Off","floor":27},{"not_picked":["Disarm+1","Carnage"],"picked":"Pommel Strike+1","floor":27},{"not_picked":["Thunderclap","Juggernaut"],"picked":"Wild Strike","floor":28},{"not_picked":["Power Through","Battle Trance","Carnage"],"picked":"SKIP","floor":28},{"not_picked":["Disarm","Flame Barrier"],"picked":"Wild Strike+1","floor":30},{"not_picked":["Anger","Warcry"],"picked":"Shrug It Off","floor":31},{"not_picked":["Iron Wave","Sword Boomerang","Armaments+1"],"picked":"SKIP","floor":31}],"player_experience":503858,"relics_obtained":[{"floor":6.0,"key":"Prayer Wheel"},{"floor":8.0,"key":"Mercury Hourglass"},{"floor":9.0,"key":"Bottled Flame"},{"floor":22.0,"key":"Torii"},{"floor":22.0,"key":"Letter Opener"},{"floor":24.0,"key":"Gremlin Horn"},{"floor":30,"key":"Paper Frog"}],"event_choices":[{"cards_removed":["Defend_R"],"damage_healed":0.0,"max_hp_gain":0.0,"max_hp_loss":0.0,"gold_gain":0.0,"event_name":"The Cleric","player_choice":"Card Removal","floor":12.0,"gold_loss":50.0,"damage_taken":0.0},{"cards_removed":["Defend_R"],"damage_healed":0.0,"max_hp_gain":0.0,"max_hp_loss":0.0,"gold_gain":0.0,"event_name":"Living Wall","player_choice":"Forget","floor":13.0,"gold_loss":0.0,"damage_taken":0.0},{"damage_healed":0.0,"max_hp_gain":0.0,"max_hp_loss":0.0,"gold_gain":0.0,"event_name":"Colosseum","player_choice":"Fight","floor":22.0,"gold_loss":0.0,"damage_taken":0.0},{"damage_healed":0.0,"max_hp_gain":0.0,"max_hp_loss":0.0,"gold_gain":0.0,"event_name":"Colosseum","player_choice":"Fought Nobs","floor":22.0,"gold_loss":0.0,"damage_taken":0.0},{"cards_removed":["Defend_R"],"damage_healed":0.0,"max_hp_gain":0.0,"max_hp_loss":0.0,"gold_gain":0.0,"event_name":"Back to Basics","player_choice":"Elegance","floor":25.0,"gold_loss":0.0,"damage_taken":0.0}],"is_beta":false,"boss_relics":[{"not_picked":["Mark of Pain","Black Blood"],"picked":"Cursed Key"}],"items_purged_floors":[5],"is_endless":false,"potions_floor_spawned":[2,8,24,27],"killed_by":"Collector","ascension_level":1}