{"gold_per_floor":[115,126,126,145,36,62,62,999,999,999,999,999,426,426,426,528,528,546,560,574,999,1015,1046,1146,1159,1159,346,364,1027,1027,1027,1027,1125,1125,1140,1140,1240,1255,903,938,956,976,976,976,996,1024,1037,714,714,714,714,714,317,350,350],"floor_reached":56,"playtime":2387,"items_purged":["Strike_B+1","Strike_B","Strike_B","Strike_B+1","Defend_B","Zap"],"score":1574,"play_id":"f4c5bdd7-07a4-4778-8a3d-570548522a40","local_time":"20190107014435","is_ascension_mode":false,"campfire_choices":[{"data":"Blizzard","floor":7.0,"key":"SMITH"},{"data":"Consume","floor":10.0,"key":"SMITH"},{"data":"Dark Shackles","floor":15.0,"key":"SMITH"},{"floor":30,"key":"RECALL"},{"data":"Tempest","floor":32,"key":"SMITH"},{"data":"Defend_B","floor":44,"key":"PURGE"},{"data":"Defend_B","floor":49,"key":"PURGE"},{"data":"Defend_B+1","floor":52,"key":"PURGE"}],"neow_cost":"NONE","seed_source_timestamp":185230704606791,"circlet_count":0,"master_deck":["Dualcast","Coolheaded","Sunder+1","Double Energy+1","Consume+1","Blizzard+1","Coolheaded+1","Dark Shackles+1","Steam","Thunder Strike","Tempest+1","Ball Lightning+1","Ball Lightning","Static Discharge","Tempest+1"],"special_seed":0,"relics":["Cracked Core","Happy Flower","Pen Nib","Whetstone","War Paint","Cauldron","Orrery","MealTicket","Symbiotic Virus","Darkstone Periapt","Regal Pillow","Turnip","Meat on the Bone","OrangePellets","Singing Bowl","Molten Egg 2","Peace Pipe","Runic Capacitor","Cables","Shuriken","Dream Catcher","Anchor","DollysMirror"],"potions_floor_usage":[23,23],"damage_taken":[{"damage":1.0,"enemies":"Jaw Worm","floor":1.0,"turns":3.0},{"damage":2.0,"enemies":"2 Louse","floor":2.0,"turns":2.0},{"damage":0.0,"enemies":"Cultist","floor":4.0,"turns":1.0},{"damage":0.0,"enemies":"Lagavulin","floor":6.0,"turns":1.0},{"damage":12.0,"enemies":"Blue Slaver","floor":8.0,"turns":2.0},{"damage":1.0,"enemies":"Gremlin Gang","floor":12.0,"turns":5.0},{"damage":0,"enemies":"Slime Boss","floor":16,"turns":2},{"damage":0,"enemies":"Spheric Guardian","floor":18,"turns":1},{"damage":0,"enemies":"Shell Parasite","floor":19,"turns":3},{"damage":0,"enemies":"Snake Plant","floor":20,"turns":3},{"damage":5,"enemies":"Shelled Parasite and Fungi","floor":22,"turns":2},{"damage":0,"enemies":"Book of Stabbing","floor":23,"turns":2},{"damage":0,"enemies":"Colosseum Slavers","floor":24,"turns":1},{"damage":15,"enemies":"Colosseum Nobs","floor":24,"turns":4},{"damage":10,"enemies":"Chosen and Byrds","floor":25,"turns":3},{"damage":0,"enemies":"Snecko","floor":28,"turns":2},{"damage":23,"enemies":"Slavers","floor":29,"turns":4},{"damage":0,"enemies":"Collector","floor":33,"turns":1},{"damage":0,"enemies":"3 Darklings","floor":35,"turns":1},{"damage":0,"enemies":"Mind Bloom Boss Battle","floor":37,"turns":2},{"damage":12,"enemies":"3 Shapes","floor":38,"turns":4},{"damage":55,"enemies":"Reptomancer","floor":40,"turns":3},{"damage":0,"enemies":"Sphere and 2 Shapes","floor":41,"turns":1},{"damage":7,"enemies":"3 Darklings","floor":42,"turns":2},{"damage":0,"enemies":"Maw","floor":45,"turns":2},{"damage":0,"enemies":"Giant Head","floor":46,"turns":1},{"damage":28,"enemies":"Jaw Worm Horde","floor":47,"turns":3},{"damage":0,"enemies":"Time Eater","floor":50,"turns":1},{"damage":0,"enemies":"Shield and Spear","floor":54,"turns":2},{"damage":101,"enemies":"The Heart","floor":55,"turns":5}],"seed_played":"-2611989103278359237","potions_obtained":[{"floor":4.0,"key":"AttackPotion"},{"floor":12.0,"key":"Energy Potion"},{"floor":13.0,"key":"FocusPotion"},{"floor":13.0,"key":"FocusPotion"},{"floor":23,"key":"Weak Potion"},{"floor":25,"key":"SpeedPotion"}],"is_trial":false,"path_per_floor":["M","M","?","M","$","E","R","M","T","R","?","M","$","?","R","B",null,"M","M","M","$","M","E","?","M","T","$","M","E","R","?","R","B",null,"M","?","?","M","$","E","M","M","T","R","M","E","M","$","R","B",null,"R","$","E","B",null],"character_chosen":"DEFECT","items_purchased":["Consume","Blizzard","Whetstone","War Paint","Cauldron","Static Discharge","MealTicket","Symbiotic Virus","Darkstone Periapt","OrangePellets","Singing Bowl","Molten Egg 2","Runic Capacitor","Anchor","DollysMirror"],"campfire_rested":0,"item_purchase_floors":[5,5,13,13,13,21,21,21,21,27,27,27,39,48,53],"current_hp_per_floor":[81,79,79,79,79,79,79,67,67,67,67,66,66,66,66,66,82,82,82,82,82,77,77,62,82,82,82,84,86,86,86,86,88,88,90,90,92,94,94,96,98,100,100,100,102,104,106,106,106,106,106,106,106,108,68],"gold":350,"neow_bonus":"TEN_PERCENT_HP_BONUS","is_prod":false,"is_daily":false,"chose_seed":false,"campfire_upgraded":4,"win_rate":0,"timestamp":1546843475,"path_taken":["M","M","?","M","$","E","R","M","T","R","?","?","$","?","R","BOSS","M","M","?","$","M","E","?","M","T","$","M","E","R","?","R","BOSS","M","?","?","M","$","E","M","M","T","R","M","E","M","$","R","BOSS","R","$","E","BOSS"],"build_version":"2019-01-03v4","purchased_purges":6,"victory":true,"max_hp_per_floor":[82,82,82,82,82,82,82,82,82,82,82,82,82,82,82,82,82,82,82,82,82,82,82,82,82,82,82,84,86,86,86,86,88,88,90,90,92,94,94,96,98,100,100,100,102,104,106,106,106,106,106,106,106,108,108],"card_choices":[{"not_picked":["Chaos","Scrape"],"picked":"Coolheaded","floor":1.0},{"not_picked":["Lockon","Streamline"],"picked":"Sunder","floor":2.0},{"not_picked":["FTL","Leap"],"picked":"Double Energy","floor":4.0},{"not_picked":["Steam Power","Auto Shields"],"picked":"Coolheaded","floor":6.0},{"not_picked":["Redo","Ball Lightning","Turbo"],"picked":"SKIP","floor":8.0},{"not_picked":["Genetic Algorithm","Sweeping Beam","Streamline"],"picked":"SKIP","floor":12.0},{"not_picked":["Rainbow","Electrodynamics"],"picked":"Thunder Strike","floor":16},{"not_picked":["Auto Shields","Chaos"],"picked":"Tempest","floor":17},{"not_picked":["Barrage+1","Force Field"],"picked":"Ball Lightning+1","floor":18},{"not_picked":["Turbo+1","Force Field"],"picked":"Ball Lightning","floor":19},{"not_picked":["Darkness","Go for the Eyes","Sweeping Beam+1"],"picked":"SKIP","floor":20},{"not_picked":["Beam Cell","Hologram+1","Ball Lightning"],"picked":"SKIP","floor":22},{"not_picked":["Darkness+1","Compile Driver","Biased Cognition"],"picked":"SKIP","floor":23},{"not_picked":["White Noise","Gash","Rebound"],"picked":"SKIP","floor":25},{"not_picked":["Beam Cell+1","Redo","Hologram"],"picked":"Singing Bowl","floor":28},{"not_picked":["Turbo+1","Buffer","Redo+1"],"picked":"Singing Bowl","floor":29},{"not_picked":["Multi-Cast","Seek","Core Surge+1"],"picked":"Singing Bowl","floor":33},{"not_picked":["Hello World+1","Consume","Heatsinks"],"picked":"Singing Bowl","floor":35},{"not_picked":["Go for the Eyes+1","Undo+1","Compile Driver+1"],"picked":"Singing Bowl","floor":37},{"not_picked":["Sweeping Beam+1","Stack+1","Compile Driver+1"],"picked":"Singing Bowl","floor":38},{"not_picked":["Self Repair+1","Gash+1","Turbo+1"],"picked":"Singing Bowl","floor":40},{"not_picked":["Redo+1","Echo Form","Go for the Eyes+1"],"picked":"Singing Bowl","floor":41},{"not_picked":["Go for the Eyes+1","Rip and Tear+1","Static Discharge"],"picked":"Singing Bowl","floor":42},{"not_picked":["Streamline+1","Turbo","Gash+1"],"picked":"Singing Bowl","floor":45},{"not_picked":["Scrape+1","Loop+1","Gash+1"],"picked":"Singing Bowl","floor":46},{"not_picked":["Go for the Eyes+1","Stack+1","Coolheaded+1"],"picked":"Singing Bowl","floor":47},{"not_picked":["Streamline+1","Steam+1","BootSequence"],"picked":"Singing Bowl","floor":54}],"player_experience":454478,"relics_obtained":[{"floor":6.0,"key":"Happy Flower"},{"floor":9.0,"key":"Pen Nib"},{"floor":23,"key":"Regal Pillow"},{"floor":24,"key":"Turnip"},{"floor":24,"key":"Meat on the Bone"},{"floor":37,"key":"Peace Pipe"},{"floor":40,"key":"Cables"},{"floor":43,"key":"Shuriken"},{"floor":46,"key":"Dream Catcher"}],"event_choices":[{"damage_healed":0.0,"max_hp_gain":0.0,"max_hp_loss":0.0,"gold_gain":0.0,"event_name":"Living Wall","player_choice":"Grow","floor":3.0,"gold_loss":0.0,"damage_taken":0.0,"cards_upgraded":["Sunder"]},{"damage_healed":0.0,"max_hp_gain":0.0,"max_hp_loss":0.0,"gold_gain":0.0,"event_name":"Match and Keep!","player_choice":"2 cards matched","floor":11.0,"gold_loss":0.0,"damage_taken":0.0,"cards_obtained":["Dark Shackles","Steam"]},{"damage_healed":0.0,"max_hp_gain":0.0,"max_hp_loss":0.0,"gold_gain":0.0,"event_name":"Accursed Blacksmith","player_choice":"Forge","floor":14.0,"gold_loss":0.0,"damage_taken":0.0,"cards_upgraded":["Double Energy"]},{"damage_healed":0,"gold_gain":0,"player_choice":"Fight","damage_taken":0,"max_hp_gain":0,"max_hp_loss":0,"event_name":"Colosseum","floor":24,"gold_loss":0},{"damage_healed":0,"gold_gain":0,"player_choice":"Fought Nobs","damage_taken":0,"max_hp_gain":0,"max_hp_loss":0,"event_name":"Colosseum","floor":24,"gold_loss":0},{"damage_healed":0,"gold_gain":0,"player_choice":"Ignored","damage_taken":0,"max_hp_gain":0,"max_hp_loss":0,"event_name":"Vampires","floor":31,"gold_loss":0},{"damage_healed":0,"gold_gain":0,"player_choice":"Ignored","damage_taken":0,"max_hp_gain":0,"max_hp_loss":0,"event_name":"Tomb of Lord Red Mask","floor":36,"gold_loss":0},{"damage_healed":0,"gold_gain":0,"player_choice":"Fight","damage_taken":0,"max_hp_gain":0,"max_hp_loss":0,"event_name":"MindBloom","floor":37,"gold_loss":0}],"is_beta":false,"boss_relics":[{"not_picked":["Philosopher\u0027s Stone","Lizard Tail"],"picked":"Orrery"},{"not_picked":["Busted Crown","Runic Dome","Coffee Dripper"]}],"items_purged_floors":[13,21,27,39,48,53],"is_endless":false,"potions_floor_spawned":[4,12,20,23,24,25,28,29,35,37,40,47],"ascension_level":0}