{"path_per_floor":["M","M","M","?","?","?","M","M","T","$","M","R","?","M","R"],"character_chosen":"IRONCLAD","items_purchased":["Frozen Egg 2","Juzu Bracelet","Bandage Up"],"gold_per_floor":[119,137,147,397,397,397,410,429,497,8,25,25,25,45,45,45],"floor_reached":16,"campfire_rested":0,"playtime":1454,"current_hp_per_floor":[78,80,80,80,80,80,74,77,77,77,76,76,76,77,77,0],"items_purged":[],"gold":45,"score":93,"play_id":"205c800a-750e-4463-a81f-91baad758409","local_time":"20180407222154","is_prod":false,"is_daily":false,"is_ascension_mode":false,"campfire_upgraded":2,"timestamp":1523103714,"path_taken":["M","M","M","?","?","?","M","M","T","$","M","R","?","M","R","BOSS"],"build_version":"2018-04-05","purchased_purges":0,"victory":false,"master_deck":["Strike_R","Strike_R","Strike_R","Strike_R","Strike_R","Defend_R","Defend_R","Defend_R","Defend_R","Bash","Shrug It Off","Thunderclap+1","Iron Wave","Iron Wave","Wild Strike","Bandage Up+1","Cleave+1","Sword Boomerang"],"max_hp_per_floor":[80,80,80,80,80,80,80,80,80,80,80,80,80,80,80,80],"relics":["Burning Blood","Smiling Mask","Frozen Egg 2","Juzu Bracelet","Spirit Poop"],"card_choices":[{"not_picked":["Clothesline","Clash"],"picked":"Shrug It Off","floor":1},{"not_picked":["Clash","Pummel"],"picked":"Thunderclap","floor":2},{"not_picked":["Pommel Strike","Thunderclap"],"picked":"Iron Wave","floor":3},{"not_picked":["Bloodletting","Clash"],"picked":"Iron Wave","floor":7},{"not_picked":["Havoc","Flex"],"picked":"Wild Strike","floor":8},{"not_picked":["Fire Breathing","Shockwave"],"picked":"Cleave","floor":11},{"not_picked":["Bloodletting","Flex"],"picked":"Sword Boomerang","floor":14}],"player_experience":93196,"potions_floor_usage":[],"damage_taken":[{"damage":8,"enemies":"Jaw Worm","floor":1,"turns":5},{"damage":2,"enemies":"Cultist","floor":2,"turns":4},{"damage":3,"enemies":"Small Slimes","floor":3,"turns":3},{"damage":12,"enemies":"Looter","floor":7,"turns":4},{"damage":3,"enemies":"2 Fungi Beasts","floor":8,"turns":4},{"damage":11,"enemies":"Large Slime","floor":11,"turns":8},{"damage":9,"enemies":"Gremlin Gang","floor":14,"turns":4},{"damage":84,"enemies":"The Guardian","floor":16,"turns":12}],"event_choices":[{"event_name":"Golden Shrine","player_choice":"Desecrate","floor":4,"damage_taken":0},{"event_name":"Living Wall","player_choice":"Grow","floor":5,"damage_taken":0},{"event_name":"The Cleric","player_choice":"Leave","floor":6,"damage_taken":0},{"event_name":"Bonfire Elementals","player_choice":"CURSE","floor":13,"damage_taken":0}],"boss_relics":[],"potions_floor_spawned":[2,3,11],"seed_played":"-7494973162250446855","killed_by":"The Guardian","ascension_level":0,"is_trial":false}