{"gold_per_floor":[369,387,400,416,176,204,204,231,281,298,6,34,54,54,54,131,131,143,163,63,82,98,98,98],"floor_reached":24,"playtime":2900,"items_purged":["Clumsy","Strike_B"],"score":440,"play_id":"54402065-7e58-4217-9103-41f8b7cc9900","local_time":"20190228134957","is_ascension_mode":true,"campfire_choices":[{"floor":7,"key":"REST"},{"floor":15,"key":"REST"},{"data":"Defragment","floor":23,"key":"SMITH"}],"neow_cost":"CURSE","seed_source_timestamp":3720125489744,"circlet_count":0,"master_deck":["AscendersBane","Strike_B","Strike_B","Strike_B","Defend_B","Defend_B","Defend_B","Defend_B","Zap","Dualcast","Genetic Algorithm","Ball Lightning","Consume","Sunder","Chill","Loop","Hello World","Steam","Self Repair","Core Surge","Glacier","Leap","Seek","Amplify","Doom and Gloom","Defragment+1"],"relics":["Cracked Core","Turnip","Shuriken","Strawberry","Regal Pillow","Snecko Eye"],"potions_floor_usage":[6,6,16,16],"damage_taken":[{"damage":1,"enemies":"Cultist","floor":1,"turns":3},{"damage":2,"enemies":"Jaw Worm","floor":2,"turns":3},{"damage":2,"enemies":"2 Louse","floor":3,"turns":4},{"damage":4,"enemies":"Red Slaver","floor":4,"turns":4},{"damage":18,"enemies":"Lagavulin","floor":6,"turns":7},{"damage":32,"enemies":"Gremlin Nob","floor":8,"turns":4},{"damage":0,"enemies":"Lots of Slimes","floor":10,"turns":4},{"damage":28,"enemies":"Lagavulin","floor":12,"turns":6},{"damage":4,"enemies":"Looter","floor":13,"turns":3},{"damage":20,"enemies":"Slime Boss","floor":16,"turns":8},{"damage":0,"enemies":"Spheric Guardian","floor":18,"turns":4},{"damage":10,"enemies":"Chosen","floor":19,"turns":7},{"damage":5,"enemies":"3 Cultists","floor":21,"turns":6},{"damage":32,"enemies":"Cultist and Chosen","floor":22,"turns":7},{"damage":43,"enemies":"Book of Stabbing","floor":24,"turns":4}],"seed_played":"-1901875638217438795","potions_obtained":[{"floor":1,"key":"AttackPotion"},{"floor":2,"key":"GamblersBrew"},{"floor":4,"key":"Block Potion"},{"floor":12,"key":"SkillPotion"},{"floor":18,"key":"Strength Potion"}],"is_trial":false,"path_per_floor":["M","M","M","M","$","E","R","E","T","M","$","E","M","?","R","B",null,"M","M","$","M","M","R","E"],"character_chosen":"DEFECT","items_purchased":["Chill","Loop","Core Surge","Glacier","AttackPotion"],"campfire_rested":2,"item_purchase_floors":[5,5,11,11,11],"current_hp_per_floor":[63,61,59,55,55,37,58,26,33,33,33,12,15,15,53,40,69,76,73,73,75,43,43,0],"gold":98,"neow_bonus":"TWO_FIFTY_GOLD","is_prod":false,"is_daily":false,"chose_seed":false,"campfire_upgraded":1,"win_rate":0,"timestamp":1551358197,"path_taken":["M","?","M","M","$","E","R","E","T","M","$","E","M","?","R","BOSS","M","M","$","M","M","R","E"],"build_version":"2019-02-06","purchased_purges":2,"victory":false,"max_hp_per_floor":[71,71,71,71,71,71,71,71,78,78,78,78,78,78,78,78,78,78,78,78,78,78,78,78],"card_choices":[{"not_picked":["Consume","Hologram"],"picked":"Genetic Algorithm","floor":1},{"not_picked":["Conserve Battery","Sweeping Beam"],"picked":"Ball Lightning","floor":2},{"not_picked":["Force Field","Conserve Battery"],"picked":"Consume","floor":3},{"not_picked":["Barrage","Streamline"],"picked":"Sunder","floor":4},{"not_picked":["Redo","Consume"],"picked":"Hello World","floor":6},{"not_picked":["Rebound","Redo"],"picked":"Steam","floor":8},{"not_picked":["Rip and Tear","Leap"],"picked":"Self Repair","floor":10},{"not_picked":["Undo","Steam Power"],"picked":"Leap","floor":12},{"not_picked":["Steam Power","Glacier"],"picked":"Seek","floor":13},{"not_picked":["Thunder Strike","Multi-Cast"],"picked":"Amplify","floor":16},{"not_picked":["Ball Lightning","Conserve Battery","Darkness"],"picked":"SKIP","floor":18},{"not_picked":["White Noise","Consume"],"picked":"Doom and Gloom","floor":19},{"not_picked":["Tempest","Hello World","Go for the Eyes"],"picked":"SKIP","floor":21},{"not_picked":["Hologram","Ball Lightning"],"picked":"Defragment","floor":22}],"player_experience":1264041,"relics_obtained":[{"floor":6,"key":"Turnip"},{"floor":8,"key":"Shuriken"},{"floor":9,"key":"Strawberry"},{"floor":12,"key":"Regal Pillow"}],"event_choices":[{"damage_healed":0,"gold_gain":0,"player_choice":"Ignored","damage_taken":0,"max_hp_gain":0,"max_hp_loss":0,"event_name":"Liars Game","floor":14,"gold_loss":0}],"is_beta":true,"boss_relics":[{"not_picked":["Orrery","Pandora\u0027s Box"],"picked":"Snecko Eye"}],"items_purged_floors":[5,20],"is_endless":false,"potions_floor_spawned":[1,2,4,12,13,18],"killed_by":"Book of Stabbing","ascension_level":20}