{"gold_per_floor":[117,127,52,52,69,98,98,110,110,136,150,184,184,84,84,181],"floor_reached":16,"playtime":965,"items_purged":["Strike_R","Strike_R"],"score":170,"play_id":"0b10b5d9-cdba-423c-bfda-2d184aecf798","local_time":"20190307001203","is_ascension_mode":false,"campfire_choices":[{"data":"Bash","floor":7.0,"key":"SMITH"},{"data":"Flex","floor":13.0,"key":"SMITH"},{"data":"Shrug It Off","floor":15,"key":"SMITH"}],"neow_cost":"NONE","seed_source_timestamp":0,"circlet_count":0,"master_deck":["Strike_R","Strike_R","Defend_R","Defend_R","Defend_R","Defend_R","Bash+1","Shrug It Off+1","Twin Strike","Cleave","Cleave","Feed","Flex+1","Headbutt","Juggernaut+1"],"special_seed":0,"relics":["Burning Blood","NeowsBlessing","Orichalcum","Pen Nib","Matryoshka","Frozen Egg 2"],"potions_floor_usage":[],"damage_taken":[{"damage":0.0,"enemies":"Cultist","floor":1.0,"turns":1.0},{"damage":0.0,"enemies":"Small Slimes","floor":2.0,"turns":1.0},{"damage":0.0,"enemies":"Jaw Worm","floor":5.0,"turns":1.0},{"damage":28.0,"enemies":"Gremlin Nob","floor":6.0,"turns":4.0},{"damage":0.0,"enemies":"2 Fungi Beasts","floor":8.0,"turns":3.0},{"damage":20.0,"enemies":"3 Sentries","floor":10.0,"turns":7.0},{"damage":7.0,"enemies":"Looter","floor":11.0,"turns":3.0},{"damage":23.0,"enemies":"Lagavulin","floor":12.0,"turns":6.0},{"damage":15,"enemies":"Slime Boss","floor":16,"turns":8}],"seed_played":"-7339341706621610781","potions_obtained":[{"floor":2.0,"key":"GamblersBrew"},{"floor":6.0,"key":"Dexterity Potion"},{"floor":11.0,"key":"BloodPotion"}],"is_trial":false,"path_per_floor":["M","M","$","?","M","E","R","M","T","E","M","E","R","$","R","B"],"character_chosen":"IRONCLAD","items_purchased":[],"campfire_rested":0,"item_purchase_floors":[],"current_hp_per_floor":[80,80,80,80,80,58,58,67,67,56,55,46,46,46,46,40],"gold":181,"neow_bonus":"THREE_ENEMY_KILL","is_prod":false,"is_daily":false,"chose_seed":false,"campfire_upgraded":3,"win_rate":0,"timestamp":1551946323,"path_taken":["M","M","?","?","M","E","R","M","T","E","M","E","R","$","R","BOSS"],"build_version":"2019-01-23","purchased_purges":2,"victory":false,"max_hp_per_floor":[80,80,80,80,80,80,80,83,83,86,86,86,86,86,86,89],"card_choices":[{"not_picked":["Clash","Headbutt"],"picked":"Shrug It Off","floor":1.0},{"not_picked":["Shrug It Off","Clothesline"],"picked":"Twin Strike","floor":2.0},{"not_picked":["Disarm","Entrench"],"picked":"Cleave","floor":5.0},{"not_picked":["Havoc","Uppercut"],"picked":"Feed","floor":6.0},{"not_picked":["Havoc","Clothesline","Rampage"],"picked":"SKIP","floor":8.0},{"not_picked":["Cleave","Pummel","Pommel Strike"],"picked":"SKIP","floor":10.0},{"not_picked":["Clash","Cleave"],"picked":"Flex","floor":11.0},{"not_picked":["Evolve","Power Through"],"picked":"Headbutt","floor":12.0},{"not_picked":["Double Tap","Limit Break"],"picked":"Juggernaut+1","floor":16}],"player_experience":327989,"relics_obtained":[{"floor":6.0,"key":"Orichalcum"},{"floor":9.0,"key":"Pen Nib"},{"floor":10.0,"key":"Matryoshka"},{"floor":12.0,"key":"Frozen Egg 2"}],"event_choices":[{"damage_healed":0.0,"max_hp_gain":0.0,"max_hp_loss":0.0,"gold_gain":0.0,"cards_transformed":["Strike_R"],"event_name":"Living Wall","player_choice":"Change","floor":4.0,"gold_loss":0.0,"damage_taken":0.0,"cards_obtained":["Cleave"]}],"is_beta":false,"boss_relics":[],"items_purged_floors":[3,14],"is_endless":false,"potions_floor_spawned":[2,6,11],"killed_by":"Slime Boss","ascension_level":0}