{"gold_per_floor":[109,8,8,23,23,53,3,3,29,59,71,90,30,42,42,42],"floor_reached":16,"playtime":726,"items_purged":[],"score":257,"play_id":"117787b8-e856-4f5e-8889-3e9ea4185c8d","local_time":"20180929210224","is_ascension_mode":true,"campfire_choices":[{"data":"Hologram","floor":8,"key":"SMITH"},{"floor":15,"key":"REST"}],"neow_cost":"NONE","seed_source_timestamp":1306099934040205,"circlet_count":0,"master_deck":["Strike_B","Strike_B","Strike_B","Strike_B","Defend_B","Defend_B","Defend_B","Defend_B","Zap","Dualcast","AscendersBane","Coolheaded","Skim","Gash","Defragment","Hologram+1","Cold Snap","Cold Snap","Rebound","Auto Shields"],"relics":["Cracked Core","NeowsBlessing","Juzu Bracelet","Bird Faced Urn","Gambling Chip","Boot","Peace Pipe"],"potions_floor_usage":[16],"damage_taken":[{"damage":0,"enemies":"2 Louse","floor":1,"turns":1},{"damage":0,"enemies":"Cultist","floor":4,"turns":1},{"damage":0,"enemies":"3 Sentries","floor":6,"turns":1},{"damage":49,"enemies":"Gremlin Nob","floor":10,"turns":5},{"damage":0,"enemies":"Jaw Worm","floor":11,"turns":4},{"damage":1,"enemies":"Blue Slaver","floor":12,"turns":4},{"damage":6,"enemies":"2 Fungi Beasts","floor":14,"turns":3},{"damage":32,"enemies":"Hexaghost","floor":16,"turns":16}],"seed_played":"5337652846677123996","potions_obtained":[{"floor":11,"key":"Ancient Potion"},{"floor":12,"key":"GamblersBrew"}],"is_trial":false,"path_per_floor":["M","$","?","M","?","E","?","R","T","E","M","M","?","M","R"],"character_chosen":"DEFECT","items_purchased":["Skim","Gash"],"campfire_rested":1,"item_purchase_floors":[2,2],"current_hp_per_floor":[64,64,64,64,53,53,53,53,53,6,8,9,9,5,26,0],"gold":42,"neow_bonus":"THREE_ENEMY_KILL","is_prod":false,"is_daily":false,"chose_seed":false,"campfire_upgraded":1,"win_rate":0,"timestamp":1538269344,"path_taken":["M","$","?","M","?","E","?","R","T","E","M","M","?","M","R","BOSS"],"build_version":"2018-09-27","purchased_purges":0,"victory":false,"max_hp_per_floor":[71,71,71,71,71,71,71,71,71,71,71,71,71,71,71,71],"card_choices":[{"not_picked":["Gash","Static Discharge"],"picked":"Coolheaded","floor":1},{"not_picked":["Scrape","Recycle"],"picked":"Defragment","floor":4},{"not_picked":["Rainbow","Hello World"],"picked":"Hologram","floor":6},{"not_picked":["Coolheaded","Turbo"],"picked":"Cold Snap","floor":10},{"not_picked":["Fusion","Undo"],"picked":"Cold Snap","floor":11},{"not_picked":["Undo","Streamline"],"picked":"Rebound","floor":12},{"not_picked":["Steam","Leap"],"picked":"Auto Shields","floor":14}],"player_experience":280076,"relics_obtained":[{"floor":3,"key":"Juzu Bracelet"},{"floor":6,"key":"Bird Faced Urn"},{"floor":9,"key":"Boot"},{"floor":10,"key":"Peace Pipe"}],"event_choices":[{"event_name":"Wheel of Change","player_choice":"Relic","floor":3,"damage_taken":0},{"event_name":"Scrap Ooze","player_choice":"unsuccessful","floor":5,"damage_taken":11},{"event_name":"WeMeetAgain","player_choice":"Gold","floor":7,"damage_taken":0},{"event_name":"World of Goop","player_choice":"Left","floor":13,"damage_taken":0}],"is_beta":false,"boss_relics":[],"items_purged_floors":[],"is_endless":false,"potions_floor_spawned":[11,12],"killed_by":"Hexaghost","ascension_level":18}