{"gold_per_floor":[119,119,135,145,145,145,159,171,248,266,266,282,282,299,299,371,371,386,402,417,417,332,332,351,378,402,402,420,420,451,65,65,65],"floor_reached":33,"playtime":1668,"items_purged":["Chaos"],"score":662,"play_id":"9065da99-d973-41d7-b0a7-cec28080ed94","local_time":"20190207230936","is_ascension_mode":true,"campfire_choices":[{"data":"Zap","floor":6,"key":"SMITH"},{"data":"Biased Cognition","floor":11,"key":"SMITH"},{"data":"Dualcast","floor":13,"key":"SMITH"},{"data":"Coolheaded","floor":15,"key":"SMITH"},{"floor":23,"key":"DIG"},{"floor":27,"key":"DIG"},{"floor":29,"key":"REST"},{"floor":32,"key":"REST"}],"neow_cost":"PERCENT_DAMAGE","seed_source_timestamp":132862404166200,"circlet_count":0,"master_deck":["AscendersBane","Zap+1","Dualcast+1","Biased Cognition+1","Rebound","Cold Snap","Coolheaded+1","Reinforced Body","Coolheaded","Cold Snap+1","Coolheaded","Conserve Battery","Doom and Gloom","Seek","Leap","Steam Power+1","Sunder+1","Biased Cognition","Chaos","Leap+1","Turbo","Consume","Glacier","Stack+1","Capacitor","Darkness+1","Static Discharge"],"relics":["Cracked Core","Blue Candle","Pandora\u0027s Box","Shovel","Whetstone","War Paint","Juzu Bracelet","Pantograph","FossilizedHelix","OrangePellets"],"potions_floor_usage":[14,16,20,24,30,30],"damage_taken":[{"damage":7,"enemies":"Jaw Worm","floor":1,"turns":3},{"damage":0,"enemies":"Cultist","floor":3,"turns":3},{"damage":0,"enemies":"2 Louse","floor":4,"turns":2},{"damage":3,"enemies":"Blue Slaver","floor":7,"turns":4},{"damage":0,"enemies":"2 Fungi Beasts","floor":8,"turns":3},{"damage":0,"enemies":"Large Slime","floor":10,"turns":5},{"damage":0,"enemies":"Blue Slaver","floor":12,"turns":3},{"damage":2,"enemies":"2 Fungi Beasts","floor":14,"turns":3},{"damage":0,"enemies":"The Guardian","floor":16,"turns":12},{"damage":1,"enemies":"Chosen","floor":18,"turns":5},{"damage":22,"enemies":"Shell Parasite","floor":19,"turns":7},{"damage":9,"enemies":"Snake Plant","floor":20,"turns":5},{"damage":9,"enemies":"Cultist and Chosen","floor":24,"turns":6},{"damage":5,"enemies":"Book of Stabbing","floor":25,"turns":6},{"damage":6,"enemies":"Sentry and Sphere","floor":28,"turns":8},{"damage":36,"enemies":"Slavers","floor":30,"turns":6},{"damage":57,"enemies":"Collector","floor":33,"turns":8}],"seed_played":"-3915771815426473928","potions_obtained":[{"floor":3,"key":"Fire Potion"},{"floor":4,"key":"FocusPotion"},{"floor":14,"key":"Fruit Juice"},{"floor":16,"key":"GamblersBrew"},{"floor":19,"key":"Swift Potion"},{"floor":20,"key":"Fire Potion"},{"floor":24,"key":"Fire Potion"}],"is_trial":false,"path_per_floor":["M","?","M","M","?","R","M","M","T","M","R","M","R","M","R","B",null,"M","M","M","?","?","R","M","E","T","R","M","R","E","$","R","B"],"character_chosen":"DEFECT","items_purchased":["OrangePellets","Static Discharge"],"campfire_rested":2,"item_purchase_floors":[31,31],"current_hp_per_floor":[39,39,39,39,39,39,36,36,36,36,36,36,36,39,39,39,67,66,44,35,35,35,35,26,21,21,21,15,37,1,1,23,0],"gold":65,"neow_bonus":"THREE_RARE_CARDS","is_prod":false,"is_daily":false,"chose_seed":false,"campfire_upgraded":4,"win_rate":0,"timestamp":1549609776,"path_taken":["M","?","M","?","?","R","M","M","T","?","R","M","R","M","R","BOSS","M","M","M","?","?","R","?","E","T","R","M","R","E","$","R","BOSS"],"build_version":"2019-01-23","purchased_purges":1,"victory":false,"max_hp_per_floor":[71,71,71,71,71,71,71,71,71,71,71,71,71,76,76,76,76,76,76,76,76,76,76,76,76,76,76,76,76,76,76,76,76],"card_choices":[{"not_picked":["Hyperbeam","Creative AI"],"picked":"Biased Cognition","floor":0},{"not_picked":["Scrape","Skim"],"picked":"Rebound","floor":1},{"not_picked":["Beam Cell","Go for the Eyes"],"picked":"Cold Snap","floor":3},{"not_picked":["Blizzard","Reinforced Body"],"picked":"Coolheaded","floor":4},{"not_picked":["FTL","Go for the Eyes"],"picked":"Coolheaded","floor":7},{"not_picked":["Meteor Strike","Doom and Gloom"],"picked":"Cold Snap","floor":8},{"not_picked":["Leap","Genetic Algorithm"],"picked":"Coolheaded","floor":10},{"not_picked":["Fusion","Hologram"],"picked":"Conserve Battery","floor":12},{"not_picked":["Go for the Eyes","Coolheaded"],"picked":"Doom and Gloom","floor":14},{"not_picked":["Biased Cognition","Machine Learning"],"picked":"Seek","floor":16},{"not_picked":["Sweeping Beam","Darkness"],"picked":"Leap+1","floor":18},{"not_picked":["Hologram","Double Energy"],"picked":"Turbo","floor":19},{"not_picked":["Hello World","Chaos"],"picked":"Consume","floor":20},{"not_picked":["Hello World","Redo"],"picked":"Stack","floor":24},{"not_picked":["Beam Cell","Steam"],"picked":"Capacitor","floor":25},{"not_picked":["Coolheaded","Consume","Barrage+1"],"picked":"SKIP","floor":28},{"not_picked":["Tempest","Chill"],"picked":"Darkness+1","floor":30}],"player_experience":654121,"relics_obtained":[{"floor":9,"key":"Blue Candle"},{"floor":23,"key":"Whetstone"},{"floor":25,"key":"War Paint"},{"floor":26,"key":"Juzu Bracelet"},{"floor":27,"key":"Pantograph"},{"floor":30,"key":"FossilizedHelix"}],"event_choices":[{"cards_removed":["Strike_B"],"damage_healed":0,"gold_gain":0,"player_choice":"Offered Basic","damage_taken":0,"max_hp_gain":0,"max_hp_loss":0,"event_name":"Bonfire Elementals","floor":2,"gold_loss":0},{"damage_healed":0,"gold_gain":0,"cards_transformed":["Strike_B"],"player_choice":"Transformed","damage_taken":0,"max_hp_gain":0,"max_hp_loss":0,"event_name":"Transmorgrifier","floor":5,"gold_loss":0,"cards_obtained":["Reinforced Body"]},{"damage_healed":0,"gold_gain":0,"player_choice":"Read","damage_taken":0,"max_hp_gain":0,"max_hp_loss":0,"event_name":"The Library","floor":21,"gold_loss":0,"cards_obtained":["Glacier"]},{"damage_healed":0,"gold_gain":0,"player_choice":"Obtained Relic","damage_taken":0,"relics_obtained":["Shovel"],"max_hp_gain":0,"max_hp_loss":0,"event_name":"Addict","floor":22,"gold_loss":85}],"is_beta":false,"boss_relics":[{"not_picked":["FrozenCore","Calling Bell"],"picked":"Pandora\u0027s Box"}],"items_purged_floors":[31],"is_endless":false,"potions_floor_spawned":[3,4,14,16,19,20,24,25,28],"killed_by":"Collector","ascension_level":20}