{"gold_per_floor":[109,59,59,73,91,91,123,137,137,154,171,171,171,182,182,287,287,298,21,41,41,59,59,158,178,178,188,213,213,229,27,27,127,127,146,198,198,198,298,298,309,329,329,344,361,201,213,232,232,232],"floor_reached":51,"playtime":12191,"items_purged":["Strike_G","Strike_G","Strike_G"],"score":813,"play_id":"2db7b120-730b-4f35-819b-d57a8b4675ab","local_time":"20181126174110","is_ascension_mode":true,"campfire_choices":[{"data":"Neutralize","floor":6,"key":"SMITH"},{"data":"Noxious Fumes","floor":12,"key":"SMITH"},{"floor":15,"key":"REST"},{"data":"Glass Knife","floor":23,"key":"SMITH"},{"data":"Body Slam","floor":29,"key":"SMITH"},{"data":"Bane","floor":32,"key":"SMITH"},{"data":"Glass Knife","floor":40,"key":"SMITH"},{"floor":49,"key":"REST"}],"neow_cost":"NONE","seed_source_timestamp":12435972023771,"circlet_count":0,"master_deck":["Defend_G","Defend_G+1","Defend_G","Defend_G","Strike_G","Survivor","Neutralize+1","Well Laid Plans","Noxious Fumes+1","Backstab","Bane+1","Dash","Glass Knife+1","PiercingWail","Glass Knife+1","Blur","Crippling Poison","Self Repair+1","Body Slam+1","Disarm+1","Backflip+1","Malaise+1","Echo Form","Body Slam+1","Recycle+1","Darkness+1","Backflip+1","Deadly Poison+1","Ghostly Armor+1"],"relics":["Ring of the Snake","NeowsBlessing","The Courier","Ice Cream","Velvet Choker","PrismaticShard","Toxic Egg 2","Incense Burner","Sozu","Girya","Du-Vu Doll","Mercury Hourglass"],"potions_floor_usage":[7,28,28,36,44],"damage_taken":[{"damage":0,"enemies":"Small Slimes","floor":1,"turns":1},{"damage":0,"enemies":"2 Louse","floor":4,"turns":2},{"damage":0,"enemies":"Jaw Worm","floor":5,"turns":1},{"damage":23,"enemies":"Lagavulin","floor":7,"turns":7},{"damage":0,"enemies":"2 Fungi Beasts","floor":8,"turns":2},{"damage":1,"enemies":"Large Slime","floor":10,"turns":5},{"damage":3,"enemies":"Exordium Thugs","floor":11,"turns":5},{"damage":2,"enemies":"Red Slaver","floor":14,"turns":2},{"damage":9,"enemies":"Hexaghost","floor":16,"turns":10},{"damage":13,"enemies":"Spheric Guardian","floor":18,"turns":4},{"damage":4,"enemies":"3 Byrds","floor":20,"turns":4},{"damage":15,"enemies":"3 Cultists","floor":22,"turns":5},{"damage":11,"enemies":"Sentry and Sphere","floor":25,"turns":6},{"damage":5,"enemies":"Snake Plant","floor":27,"turns":4},{"damage":5,"enemies":"Gremlin Leader","floor":28,"turns":7},{"damage":15,"enemies":"Shelled Parasite and Fungi","floor":30,"turns":7},{"damage":24,"enemies":"Champ","floor":33,"turns":14},{"damage":5,"enemies":"Orb Walker","floor":35,"turns":3},{"damage":24,"enemies":"2 Orb Walkers","floor":36,"turns":6},{"damage":0,"enemies":"Mind Bloom Boss Battle","floor":39,"turns":8},{"damage":6,"enemies":"3 Darklings","floor":41,"turns":6},{"damage":9,"enemies":"Maw","floor":42,"turns":8},{"damage":3,"enemies":"Transient","floor":44,"turns":5},{"damage":33,"enemies":"Jaw Worm Horde","floor":45,"turns":5},{"damage":3,"enemies":"4 Shapes","floor":47,"turns":5},{"damage":37,"enemies":"Spire Growth","floor":48,"turns":6},{"damage":36,"enemies":"Awakened One","floor":50,"turns":15}],"seed_played":"2907460615184265031","potions_obtained":[{"floor":1,"key":"PowerPotion"},{"floor":4,"key":"AttackPotion"},{"floor":10,"key":"FearPotion"},{"floor":14,"key":"GhostInAJar"},{"floor":28,"key":"GhostInAJar"}],"is_trial":false,"path_per_floor":["M","?","?","M","M","R","E","M","T","M","M","R","?","M","R","B",null,"M","$","M","?","M","R","?","M","T","M","E","R","M","$","R","B",null,"M","?","?","?","?","R","M","M","T","M","M","$","M","M","R","B",null],"character_chosen":"THE_SILENT","items_purchased":["Crippling Poison","PrismaticShard","Malaise+1","Backflip+1","Deadly Poison+1"],"campfire_rested":2,"item_purchase_floors":[19,19,31,46,46],"current_hp_per_floor":[63,63,63,63,63,63,40,40,40,39,36,36,22,20,41,32,61,48,48,44,44,39,39,39,38,38,43,48,48,43,43,43,29,60,55,51,51,51,70,70,70,70,70,70,47,47,64,27,48,12],"gold":232,"neow_bonus":"THREE_ENEMY_KILL","is_prod":false,"is_daily":false,"chose_seed":false,"campfire_upgraded":6,"win_rate":0,"timestamp":1543272070,"path_taken":["M","?","?","?","M","R","E","M","T","M","M","R","?","M","R","BOSS","M","$","M","?","M","R","?","?","T","M","E","R","M","?","R","BOSS","M","?","?","?","?","R","M","M","T","M","?","?","M","M","R","BOSS"],"build_version":"2018-11-15","purchased_purges":3,"victory":true,"max_hp_per_floor":[70,70,70,70,70,70,70,70,70,70,70,70,70,70,70,70,70,70,70,70,70,70,70,70,70,70,70,70,70,70,70,70,70,70,70,70,70,70,70,70,70,70,70,70,70,70,70,70,70,70],"card_choices":[{"not_picked":["Dagger Throw","Slice"],"picked":"Well Laid Plans","floor":1},{"not_picked":["Acrobatics","Infinite Blades"],"picked":"Noxious Fumes","floor":4},{"not_picked":["Dodge and Roll","Prepared"],"picked":"Backstab","floor":5},{"not_picked":["Sucker Punch","Outmaneuver"],"picked":"Bane","floor":7},{"not_picked":["Cloak And Dagger","Riddle With Holes"],"picked":"Dash","floor":8},{"not_picked":["Endless Agony","Tactician"],"picked":"Glass Knife","floor":10},{"not_picked":["Sucker Punch","Quick Slash","Cloak And Dagger"],"picked":"SKIP","floor":11},{"not_picked":["Finisher","Dagger Spray"],"picked":"PiercingWail","floor":14},{"not_picked":["Grand Finale","Corpse Explosion"],"picked":"Glass Knife","floor":16},{"not_picked":["Outmaneuver","Blade Dance"],"picked":"Blur","floor":18},{"not_picked":["Streamline","Deflect"],"picked":"Self Repair+1","floor":20},{"not_picked":["Dagger Spray","Redo","Riddle With Holes"],"picked":"SKIP","floor":22},{"not_picked":["Well Laid Plans","Rebound"],"picked":"Body Slam","floor":25},{"not_picked":["Static Discharge","Dagger Throw"],"picked":"Disarm+1","floor":27},{"not_picked":["Lockon","Flying Knee","Thunderclap"],"picked":"SKIP","floor":28},{"not_picked":["Heel Hook+1","Flying Knee"],"picked":"Backflip+1","floor":30},{"not_picked":["Magnetism","Secret Weapon+1"],"picked":"Echo Form","floor":33},{"not_picked":["Ghostly Armor+1","Dark Shackles+1"],"picked":"Body Slam+1","floor":35},{"not_picked":["Wild Strike+1","Sword Boomerang+1"],"picked":"Recycle+1","floor":36},{"not_picked":["Compile Driver","Body Slam","Impatience+1"],"picked":"SKIP","floor":41},{"not_picked":["Cold Snap","Rebound"],"picked":"Darkness+1","floor":42},{"not_picked":["Demon Form","Clash","Sunder+1"],"picked":"SKIP","floor":44},{"not_picked":["Anger+1","Pummel","Havoc+1"],"picked":"SKIP","floor":45},{"not_picked":["Well Laid Plans+1","Wild Strike"],"picked":"Ghostly Armor+1","floor":47},{"not_picked":["Backflip+1","Calculated Gamble+1","Sword Boomerang"],"picked":"SKIP","floor":48}],"player_experience":423169,"relics_obtained":[{"floor":7,"key":"The Courier"},{"floor":9,"key":"Ice Cream"},{"floor":26,"key":"Toxic Egg 2"},{"floor":28,"key":"Incense Burner"},{"floor":36,"key":"Girya"},{"floor":39,"key":"Du-Vu Doll"},{"floor":43,"key":"Mercury Hourglass"}],"event_choices":[{"cards_removed":["Strike_G"],"damage_healed":0,"gold_gain":0,"player_choice":"Card Removal","damage_taken":0,"max_hp_gain":0,"max_hp_loss":0,"event_name":"The Cleric","floor":2,"gold_loss":50},{"damage_healed":0,"gold_gain":0,"player_choice":"Ignored","damage_taken":0,"max_hp_gain":0,"max_hp_loss":0,"event_name":"Liars Game","floor":3,"gold_loss":0},{"damage_healed":0,"gold_gain":0,"player_choice":"Entered Light","damage_taken":14,"max_hp_gain":0,"max_hp_loss":0,"event_name":"Shining Light","floor":13,"gold_loss":0,"cards_upgraded":["Defend_G","Defend_G"]},{"damage_healed":0,"gold_gain":0,"player_choice":"Ignored","damage_taken":0,"max_hp_gain":0,"max_hp_loss":0,"event_name":"Vampires","floor":21,"gold_loss":0},{"damage_healed":0,"gold_gain":99,"player_choice":"Stole From Cult","damage_taken":0,"max_hp_gain":0,"max_hp_loss":0,"event_name":"Nest","floor":24,"gold_loss":0},{"damage_healed":0,"gold_gain":0,"player_choice":"Fight","damage_taken":0,"max_hp_gain":0,"max_hp_loss":0,"event_name":"Mysterious Sphere","floor":36,"gold_loss":0},{"damage_healed":0,"gold_gain":0,"player_choice":"Ignored","damage_taken":0,"max_hp_gain":0,"max_hp_loss":0,"event_name":"Tomb of Lord Red Mask","floor":37,"gold_loss":0},{"cards_removed":["Defend_G"],"damage_healed":0,"gold_gain":0,"player_choice":"Removed Skill","damage_taken":0,"max_hp_gain":0,"max_hp_loss":0,"event_name":"Falling","floor":38,"gold_loss":0},{"damage_healed":0,"gold_gain":0,"player_choice":"Fight","damage_taken":0,"max_hp_gain":0,"max_hp_loss":0,"event_name":"MindBloom","floor":39,"gold_loss":0}],"is_beta":true,"boss_relics":[{"not_picked":["Runic Pyramid","HoveringKite"],"picked":"Velvet Choker"},{"not_picked":["Lizard Tail","Orrery"],"picked":"Sozu"}],"items_purged_floors":[19,31,46],"is_endless":false,"potions_floor_spawned":[1,4,10,14,16,20,25,28,35,44,47],"ascension_level":6}