{"path_per_floor":["M","$","?","$","?","T","$","?","T","?","E","R","M","E","R","B",null,"M","M","?","$","?","R","M","M","T","?","R","M","R","M","R"],"character_chosen":"IRONCLAD","items_purchased":["Inflame","Inflame","Heavy Blade","Juzu Bracelet","Panache"],"gold_per_floor":[115,44,44,7,182,209,17,92,116,137,170,170,183,215,215,315,315,334,345,345,89,89,89,105,116,116,31,31,51,51,67,67,67],"floor_reached":33,"campfire_rested":4,"playtime":1630,"item_purchase_floors":[2,4,7,7,21],"current_hp_per_floor":[79,79,79,79,79,79,79,68,68,62,59,59,63,46,70,38,80,62,45,30,30,14,39,44,34,34,34,59,51,51,21,46,0],"items_purged":["Doubt"],"gold":67,"score":264,"play_id":"dadcc80c-dbfe-483d-b057-74812361538b","local_time":"20180604194159","is_prod":false,"is_daily":false,"chose_seed":false,"is_ascension_mode":true,"campfire_upgraded":2,"win_rate":0,"timestamp":1528105319,"campfire_choices":[{"data":"Heavy Blade","floor":12,"key":"SMITH"},{"floor":15,"key":"REST"},{"floor":23,"key":"REST"},{"floor":28,"key":"REST"},{"data":"Armaments","floor":30,"key":"SMITH"},{"floor":32,"key":"REST"}],"path_taken":["M","$","?","$","?","?","$","?","T","?","E","R","M","E","R","BOSS","M","M","?","$","?","R","M","M","T","?","R","M","R","M","R","BOSS"],"build_version":"2018-05-30v2","seed_source_timestamp":90643707540393,"purchased_purges":1,"victory":false,"master_deck":["Strike_R","Strike_R","Strike_R","Strike_R","Strike_R","Defend_R+1","Defend_R","Defend_R","Defend_R","Bash","Armaments+1","Inflame+1","Inflame","Heavy Blade+1","Rupture","Heavy Blade","Offering","Pommel Strike","Panache","Necronomicurse","Pummel+1","Armaments+1","Heavy Blade+1"],"max_hp_per_floor":[80,80,80,80,80,80,80,80,80,80,80,80,80,80,80,80,80,80,80,85,85,85,85,85,85,85,85,85,85,85,85,85,85],"relics":["Burning Blood","Vajra","Juzu Bracelet","Bronze Scales","Odd Mushroom","Bag of Marbles","Shuriken","Mark of Pain","Necronomicon","Unceasing Top","War Paint"],"card_choices":[{"not_picked":["Burning Pact","Flex"],"picked":"Armaments","floor":1},{"not_picked":["Shockwave","Sever Soul"],"picked":"Rupture","floor":10},{"not_picked":["Iron Wave","Infernal Blade"],"picked":"Heavy Blade","floor":11},{"not_picked":["Havoc","Body Slam","Berserk"],"picked":"SKIP","floor":13},{"not_picked":["Power Through","Perfected Strike","Disarm"],"picked":"SKIP","floor":14},{"not_picked":["Juggernaut","Exhume"],"picked":"Offering","floor":16},{"not_picked":["Iron Wave","Shockwave","Feel No Pain"],"picked":"SKIP","floor":18},{"not_picked":["Havoc","Battle Trance+1"],"picked":"Pommel Strike","floor":19},{"not_picked":["Wild Strike","Havoc"],"picked":"Pummel+1","floor":24},{"not_picked":["Body Slam","Havoc+1","Headbutt+1"],"picked":"SKIP","floor":25},{"not_picked":["Second Wind","Feel No Pain"],"picked":"Armaments","floor":29},{"not_picked":["Cleave","Wild Strike"],"picked":"Heavy Blade+1","floor":31}],"player_experience":359309,"potions_floor_usage":[10,16,18,19,24,24,33,33],"damage_taken":[{"damage":7,"enemies":"2 Louse","floor":1,"turns":3},{"damage":12,"enemies":"The Mushroom Lair","floor":10,"turns":4},{"damage":9,"enemies":"3 Sentries","floor":11,"turns":8},{"damage":2,"enemies":"Small Slimes","floor":13,"turns":3},{"damage":23,"enemies":"Lagavulin","floor":14,"turns":7},{"damage":38,"enemies":"Slime Boss","floor":16,"turns":11},{"damage":24,"enemies":"Shell Parasite","floor":18,"turns":4},{"damage":23,"enemies":"Spheric Guardian","floor":19,"turns":4},{"damage":1,"enemies":"Chosen and Byrds","floor":24,"turns":2},{"damage":16,"enemies":"Centurion and Healer","floor":25,"turns":3},{"damage":14,"enemies":"Cultist and Chosen","floor":29,"turns":4},{"damage":36,"enemies":"Sentry and Sphere","floor":31,"turns":5},{"damage":50,"enemies":"Collector","floor":33,"turns":3}],"relics_obtained":[{"floor":6,"key":"Vajra"},{"floor":9,"key":"Bronze Scales"},{"floor":10,"key":"Odd Mushroom"},{"floor":11,"key":"Bag of Marbles"},{"floor":14,"key":"Shuriken"},{"floor":22,"key":"Necronomicon"},{"floor":26,"key":"Unceasing Top"}],"event_choices":[{"event_name":"Living Wall","player_choice":"Grow","floor":3,"damage_taken":0},{"event_name":"Liars Game","player_choice":"agreed","floor":5,"damage_taken":0},{"event_name":"World of Goop","player_choice":"Gather Gold","floor":8,"damage_taken":0},{"event_name":"Mushrooms","player_choice":"Fought Mushrooms","floor":10,"damage_taken":0},{"event_name":"Forgotten Altar","player_choice":"Shed Blood","floor":20,"damage_taken":0},{"event_name":"Cursed Tome","player_choice":"Obtained Book","floor":22,"damage_taken":0},{"event_name":"Addict","player_choice":"Obtained Relic","floor":27,"damage_taken":0}],"boss_relics":[{"not_picked":["Philosopher\u0027s Stone","Cursed Key"],"picked":"Mark of Pain"}],"items_purged_floors":[21],"potions_floor_spawned":[1,13,14,16,18,19,25,31],"seed_played":"8418962004888673880","killed_by":"Collector","ascension_level":1,"potions_obtained":[{"floor":1,"key":"Block Potion"},{"floor":13,"key":"Swift Potion"},{"floor":14,"key":"SkillPotion"},{"floor":16,"key":"FearPotion"},{"floor":18,"key":"SkillPotion"},{"floor":19,"key":"EssenceOfSteel"},{"floor":25,"key":"SpeedPotion"},{"floor":31,"key":"Strength Potion"}],"is_trial":false}