{"gold_per_floor":[113,8,38,38,3,28,28,53,53,53,53,63,97,113,113,190,190,201,49,49,60,60,60,60,60,105,105,105],"floor_reached":28,"playtime":4005,"items_purged":["Strike_B"],"score":518,"play_id":"381b486c-e55b-41f0-a60d-33483c76b94b","local_time":"20190223042858","is_ascension_mode":true,"campfire_choices":[{"data":"Consume","floor":7.0,"key":"SMITH"},{"data":"Dualcast","floor":11.0,"key":"SMITH"},{"data":"Streamline","floor":15.0,"key":"SMITH"},{"floor":23,"key":"REST"},{"data":"Sweeping Beam","floor":25,"key":"SMITH"},{"data":"Echo Form","floor":27,"key":"SMITH"}],"neow_cost":"NONE","seed_source_timestamp":277483945830615,"circlet_count":0,"master_deck":["AscendersBane","Strike_B+1","Strike_B+1","Strike_B+1","Defend_B","Defend_B","Defend_B","Zap+1","Dualcast+1","Cold Snap","Stack","Consume+1","Reboot","Glacier","Streamline+1","Ball Lightning","Echo Form+1","Conserve Battery+1","Compile Driver","Genetic Algorithm+1","Sweeping Beam+1","Ball Lightning"],"special_seed":0,"relics":["Cracked Core","NeowsBlessing","Tiny Chest","Boot","Whetstone","Kunai","Toxic Egg 2","Inserter","Dream Catcher"],"potions_floor_usage":[28],"damage_taken":[{"damage":0.0,"enemies":"Cultist","floor":1.0,"turns":1.0},{"damage":0.0,"enemies":"Lagavulin","floor":6.0,"turns":1.0},{"damage":0.0,"enemies":"Gremlin Nob","floor":8.0,"turns":1.0},{"damage":0.0,"enemies":"Jaw Worm","floor":12.0,"turns":3.0},{"damage":4.0,"enemies":"3 Sentries","floor":13.0,"turns":11.0},{"damage":3.0,"enemies":"Small Slimes","floor":14.0,"turns":3.0},{"damage":15.0,"enemies":"Slime Boss","floor":16.0,"turns":14.0},{"damage":10.0,"enemies":"Shell Parasite","floor":18.0,"turns":7.0},{"damage":37,"enemies":"3 Byrds","floor":21,"turns":7},{"damage":62,"enemies":"Slavers","floor":28,"turns":3}],"seed_played":"-1054559623321495305","potions_obtained":[{"floor":6.0,"key":"Swift Potion"},{"floor":16.0,"key":"Weak Potion"},{"floor":21,"key":"SpeedPotion"}],"is_trial":false,"path_per_floor":["M","$","?","?","?","E","R","E","T","?","R","M","E","M","R","B",null,"M","$","?","M","?","R","?","R","T","R","E"],"character_chosen":"DEFECT","items_purchased":["Stack","Compile Driver","Genetic Algorithm+1","Sweeping Beam"],"campfire_rested":1,"item_purchase_floors":[2,19,19,19],"current_hp_per_floor":[64,64,59,38,55,55,55,55,55,60,60,60,56,53,53,38,67,57,57,57,20,20,42,42,42,42,42,0],"gold":105,"neow_bonus":"THREE_ENEMY_KILL","is_prod":false,"is_daily":false,"chose_seed":false,"campfire_upgraded":5,"win_rate":0,"timestamp":1550914138,"path_taken":["M","$","?","?","?","E","R","E","T","?","R","M","E","M","R","BOSS","M","$","?","M","?","R","?","R","T","R","E"],"build_version":"2019-01-23","purchased_purges":1,"victory":false,"max_hp_per_floor":[71,71,71,71,71,71,71,71,71,76,76,76,76,76,76,76,76,76,76,76,76,76,76,76,76,76,76,76],"card_choices":[{"not_picked":["Beam Cell","Darkness"],"picked":"Cold Snap","floor":1.0},{"not_picked":["Beam Cell","Coolheaded"],"picked":"Consume","floor":6.0},{"not_picked":["Hologram","Tempest"],"picked":"Reboot","floor":8.0},{"not_picked":["Conserve Battery","Reinforced Body"],"picked":"Glacier","floor":12.0},{"not_picked":["Rebound","Compile Driver"],"picked":"Streamline","floor":13.0},{"not_picked":["Gash","Cold Snap"],"picked":"Ball Lightning","floor":14.0},{"not_picked":["All For One","Machine Learning"],"picked":"Echo Form","floor":16.0},{"not_picked":["Capacitor","Glacier+1"],"picked":"Conserve Battery+1","floor":18.0},{"not_picked":["Capacitor","Rebound"],"picked":"Ball Lightning","floor":21}],"player_experience":544574,"relics_obtained":[{"floor":6.0,"key":"Boot"},{"floor":8.0,"key":"Whetstone"},{"floor":9.0,"key":"Kunai"},{"floor":13.0,"key":"Toxic Egg 2"},{"floor":26,"key":"Dream Catcher"}],"event_choices":[{"damage_healed":0.0,"max_hp_gain":0.0,"max_hp_loss":0.0,"gold_gain":0.0,"event_name":"Scrap Ooze","player_choice":"Success","floor":3.0,"gold_loss":0.0,"damage_taken":5.0,"relics_obtained":["Tiny Chest"]},{"damage_healed":0.0,"max_hp_gain":0.0,"max_hp_loss":0.0,"gold_gain":0.0,"event_name":"Shining Light","player_choice":"Entered Light","floor":4.0,"gold_loss":0.0,"damage_taken":21.0,"cards_upgraded":["Zap","Strike_B"]},{"damage_healed":17.0,"max_hp_gain":0.0,"max_hp_loss":0.0,"gold_gain":0.0,"event_name":"The Cleric","player_choice":"Healed","floor":5.0,"gold_loss":35.0,"damage_taken":0.0},{"damage_healed":0.0,"max_hp_gain":5.0,"max_hp_loss":0.0,"gold_gain":0.0,"event_name":"Big Fish","player_choice":"Donut","floor":10.0,"gold_loss":0.0,"damage_taken":0.0},{"damage_healed":0,"gold_gain":0,"player_choice":"Ignored","damage_taken":0,"max_hp_gain":0,"max_hp_loss":0,"event_name":"The Mausoleum","floor":20,"gold_loss":0},{"damage_healed":0,"gold_gain":0,"player_choice":"Ignored","damage_taken":0,"max_hp_gain":0,"max_hp_loss":0,"event_name":"Beggar","floor":22,"gold_loss":0},{"cards_removed":["Defend_B"],"damage_healed":0,"gold_gain":0,"player_choice":"Elegance","damage_taken":0,"max_hp_gain":0,"max_hp_loss":0,"event_name":"Back to Basics","floor":24,"gold_loss":0}],"is_beta":false,"boss_relics":[{"not_picked":["Eternal Feather","Busted Crown"],"picked":"Inserter"}],"items_purged_floors":[2],"is_endless":false,"potions_floor_spawned":[6,16,21],"killed_by":"Slavers","ascension_level":17}