{"gold_per_floor":[116,134,309,319,319,319,96,108,108,125,151,151,166,194,206,316,328,360,372,398,421,446,458,470,482],"floor_reached":25,"playtime":1262,"items_purged":["Doubt"],"score":258,"play_id":"aa65a25a-fad3-4567-9af5-df121135b275","local_time":"20190307015144","is_ascension_mode":true,"campfire_choices":[{"data":"Zap","floor":6,"key":"SMITH"},{"data":"Dualcast","floor":12,"key":"SMITH"},{"floor":15,"key":"REST"},{"floor":23,"key":"REST"}],"neow_cost":"NONE","seed_source_timestamp":52337512189933,"circlet_count":0,"master_deck":["Strike_B","Strike_B","Strike_B","Strike_B+1","Defend_B","Defend_B","Defend_B","Defend_B","Zap+1","Dualcast+1","Streamline","Rip and Tear+1","Capacitor","Glacier","BootSequence","Defragment","Echo Form","Barrage+1","Go for the Eyes","Tempest"],"relics":["Cracked Core","Whetstone","Sundial","Girya","MawBank","Runic Dome"],"potions_floor_usage":[8,13,16],"damage_taken":[{"damage":4,"enemies":"Jaw Worm","floor":1,"turns":4},{"damage":9,"enemies":"Small Slimes","floor":2,"turns":3},{"damage":0,"enemies":"Cultist","floor":4,"turns":2},{"damage":12,"enemies":"3 Louse","floor":8,"turns":4},{"damage":1,"enemies":"Blue Slaver","floor":10,"turns":3},{"damage":19,"enemies":"Gremlin Nob","floor":11,"turns":4},{"damage":0,"enemies":"Exordium Wildlife","floor":13,"turns":2},{"damage":24,"enemies":"Lagavulin","floor":14,"turns":6},{"damage":28,"enemies":"The Guardian","floor":16,"turns":9},{"damage":20,"enemies":"Spheric Guardian","floor":18,"turns":4},{"damage":14,"enemies":"Shell Parasite","floor":20,"turns":4},{"damage":43,"enemies":"Centurion and Healer","floor":21,"turns":5},{"damage":23,"enemies":"Shelled Parasite and Fungi","floor":22,"turns":5},{"damage":30,"enemies":"Slavers","floor":25,"turns":4}],"seed_played":"8755571563171484732","potions_obtained":[{"floor":1,"key":"Block Potion"},{"floor":8,"key":"Ancient Potion"},{"floor":10,"key":"Strength Potion"},{"floor":11,"key":"Explosive Potion"},{"floor":21,"key":"Dexterity Potion"},{"floor":22,"key":"Swift Potion"}],"is_trial":false,"path_per_floor":["M","M","?","M","?","R","$","M","T","M","E","R","M","E","R","B",null,"M","?","M","M","M","R","?","E"],"character_chosen":"DEFECT","items_purchased":["Whetstone"],"campfire_rested":2,"item_purchase_floors":[7],"current_hp_per_floor":[71,62,62,62,75,75,75,63,63,62,43,43,43,19,41,13,75,55,85,71,28,5,30,30,0],"gold":482,"neow_bonus":"ONE_RANDOM_RARE_CARD","is_prod":false,"is_daily":false,"chose_seed":false,"campfire_upgraded":2,"win_rate":0,"timestamp":1551952304,"path_taken":["M","M","?","M","?","R","$","M","T","M","E","R","M","E","R","BOSS","M","?","M","M","?","R","?","E"],"build_version":"2019-01-23","purchased_purges":1,"victory":false,"max_hp_per_floor":[75,75,75,75,75,75,75,75,75,75,75,75,75,75,75,75,75,75,85,85,85,85,85,85,85],"card_choices":[{"not_picked":["Reprogram","Fusion"],"picked":"Streamline","floor":1},{"not_picked":["Gash","Chaos"],"picked":"Rip and Tear","floor":2},{"not_picked":["Cold Snap","Hologram"],"picked":"Capacitor","floor":4},{"not_picked":["Cold Snap","Conserve Battery"],"picked":"Glacier","floor":8},{"not_picked":["Lockon","Reprogram","Hello World"],"picked":"SKIP","floor":10},{"not_picked":["FTL","Sweeping Beam"],"picked":"BootSequence","floor":11},{"not_picked":["Aggregate","Beam Cell"],"picked":"Defragment","floor":13},{"not_picked":["Genetic Algorithm","Static Discharge","Coolheaded"],"picked":"SKIP","floor":14},{"not_picked":["Reboot","Fission"],"picked":"Echo Form","floor":16},{"not_picked":["Turbo","Streamline"],"picked":"Barrage+1","floor":18},{"not_picked":["Streamline+1","Double Energy+1"],"picked":"Go for the Eyes","floor":20},{"not_picked":["Turbo+1","Coolheaded"],"picked":"Tempest","floor":21},{"not_picked":["Aggregate+1","Barrage","Stack"],"picked":"SKIP","floor":22}],"player_experience":333608,"relics_obtained":[{"floor":9,"key":"Sundial"},{"floor":11,"key":"Girya"},{"floor":14,"key":"MawBank"}],"event_choices":[{"damage_healed":0,"gold_gain":175,"player_choice":"AGREE","damage_taken":0,"max_hp_gain":0,"max_hp_loss":0,"event_name":"Liars Game","floor":3,"gold_loss":0,"cards_obtained":["Doubt"]},{"damage_healed":25,"gold_gain":0,"player_choice":"Banana","damage_taken":0,"max_hp_gain":0,"max_hp_loss":0,"event_name":"Big Fish","floor":5,"gold_loss":0},{"cards_removed":["Rainbow"],"damage_healed":20,"gold_gain":0,"player_choice":"Offered Rare","damage_taken":0,"max_hp_gain":10,"max_hp_loss":0,"event_name":"Bonfire Elementals","floor":19,"gold_loss":0},{"damage_healed":0,"gold_gain":0,"player_choice":"Ignored","damage_taken":0,"max_hp_gain":0,"max_hp_loss":0,"event_name":"The Mausoleum","floor":24,"gold_loss":0}],"is_beta":false,"boss_relics":[{"not_picked":["Empty Cage","Runic Pyramid"],"picked":"Runic Dome"}],"items_purged_floors":[7],"is_endless":false,"potions_floor_spawned":[1,8,10,11,21,22],"killed_by":"Slavers","ascension_level":4}