{"path_per_floor":["M","?","?","M","M","R","M","?","T","M","M","M","E","T","R","B",null,"M","M","M","?","M","R","E","R","T","M","$","?","E","M","R","B",null,"M","$","M","?","M","R","E","R","T","R","?","?","M","M","R","B"],"character_chosen":"IRONCLAD","items_purchased":["Blood Vial","Kunai","Mummified Hand","Paper Frog","Apotheosis"],"gold_per_floor":[119,119,119,133,149,149,163,163,187,204,220,232,265,334,334,433,433,447,460,470,470,488,488,515,515,539,554,17,17,52,67,67,171,171,185,25,35,35,52,52,85,85,85,85,65,65,75,88,88,88],"floor_reached":51,"campfire_rested":3,"playtime":2596,"current_hp_per_floor":[80,80,77,77,78,78,80,80,80,80,76,76,56,56,56,24,80,76,76,78,63,59,84,59,59,59,56,56,40,36,36,64,47,95,81,81,89,89,62,62,68,68,68,68,68,68,41,40,72,38],"items_purged":["Decay"],"gold":88,"score":596,"play_id":"7c90e0c6-ef13-42c4-9859-0f7cf7bace4e","is_prod":false,"is_daily":false,"is_ascension_mode":false,"campfire_upgraded":6,"path_taken":["M","?","?","M","M","R","M","?","T","M","M","M","E","?","R","BOSS","M","?","?","?","M","R","E","R","T","M","?","?","E","M","R","BOSS","M","$","M","?","?","R","E","R","T","R","?","?","M","M","R","BOSS"],"build_version":"2018-02-15-PROD1","purchased_purges":1,"victory":true,"master_deck":["Strike_R","Strike_R","Strike_R","Strike_R","Defend_R","Defend_R+1","Defend_R+1","Defend_R","Bash","Fiend Fire+1","Whirlwind+1","Headbutt","Rampage+1","Pommel Strike","Shrug It Off+1","Impervious+1","Shrug It Off+1","Apotheosis+1","Infernal Blade+1","Decay"],"max_hp_per_floor":[80,80,80,80,80,80,80,80,80,80,80,80,80,80,80,80,80,80,80,80,85,85,85,95,95,95,95,95,95,95,95,95,95,95,95,95,95,95,95,95,109,109,109,109,109,109,109,109,109,109],"relics":["Burning Blood","War Paint","Centennial Puzzle","Lantern","Bottled Flame","The Courier","Cursed Key","Pear","Bronze Scales","Blood Vial","Kunai","Mummified Hand","Paper Frog","Nilry\u0027s Codex","Bottled Lightning","Mark of Pain","Mango","Calipers"],"card_choices":[{"not_picked":["Thunderclap","Fiend Fire"],"picked":"Whirlwind"},{"not_picked":["Heavy Blade","Shrug It Off"],"picked":"Rampage"},{"not_picked":["Clothesline","Searing Blow"],"picked":"Pommel Strike"},{"not_picked":["Twin Strike","Headbutt"],"picked":"Shrug It Off"},{"not_picked":["Berserk","Fiend Fire"],"picked":"Impervious"},{"not_picked":["Heavy Blade","Warcry"],"picked":"Shrug It Off"},{"not_picked":["Sword Boomerang","Iron Wave"],"picked":"Infernal Blade"}],"player_experience":196113,"potions_floor_usage":[31,37,41,41,50,50,50],"damage_taken":[{"damage":6.0,"enemies":"Jaw Worm","floor":1.0,"turns":3.0},{"damage":6.0,"enemies":"Cultist","floor":4.0,"turns":3.0},{"damage":5.0,"enemies":"2 Louse","floor":5.0,"turns":2.0},{"damage":0.0,"enemies":"2 Fungi Beasts","floor":7.0,"turns":2.0},{"damage":0.0,"enemies":"Large Slime","floor":10.0,"turns":3.0},{"damage":10.0,"enemies":"Looter","floor":11.0,"turns":2.0},{"damage":6.0,"enemies":"3 Louse","floor":12.0,"turns":2.0},{"damage":26.0,"enemies":"Lagavulin","floor":13.0,"turns":5.0},{"damage":38.0,"enemies":"The Guardian","floor":16.0,"turns":9.0},{"damage":10.0,"enemies":"Spheric Guardian","floor":18.0,"turns":3.0},{"damage":6.0,"enemies":"Shell Parasite","floor":19.0,"turns":5.0},{"damage":4.0,"enemies":"Chosen and Byrds","floor":20.0,"turns":5.0},{"damage":10.0,"enemies":"Slaver and Parasite","floor":22.0,"turns":8.0},{"damage":41.0,"enemies":"Book of Stabbing","floor":24.0,"turns":6.0},{"damage":9.0,"enemies":"Centurion and Healer","floor":27.0,"turns":5.0},{"damage":12.0,"enemies":"Gremlin Leader","floor":30.0,"turns":8.0},{"damage":8,"enemies":"Snake Plant","floor":31,"turns":3},{"damage":25,"enemies":"Champ","floor":33,"turns":10},{"damage":20,"enemies":"3 Darklings","floor":35,"turns":3},{"damage":0,"enemies":"Orb Walker","floor":37,"turns":2},{"damage":35,"enemies":"3 Darklings","floor":39,"turns":7},{"damage":16,"enemies":"Nemesis","floor":41,"turns":5},{"damage":39,"enemies":"4 Shapes","floor":47,"turns":7},{"damage":9,"enemies":"Maw","floor":48,"turns":6},{"damage":42,"enemies":"Awakened One","floor":50,"turns":10}],"event_choices":[{"event_name":"Match and Keep!","player_choice":"1 cards matched","floor":2.0,"damage_taken":0.0},{"event_name":"Scrap Ooze","player_choice":"success","floor":3.0,"damage_taken":3.0},{"event_name":"Dead Adventurer","player_choice":"Searched \u00272\u0027 times","floor":8.0,"damage_taken":0.0},{"event_name":"Forgotten Altar","player_choice":"Shed Blood","floor":21.0,"damage_taken":0.0},{"event_name":"Cursed Tome","player_choice":"Obtained Book","floor":29.0,"damage_taken":0.0},{"event_name":"Mysterious Sphere","player_choice":"Ignore","floor":38,"damage_taken":0},{"event_name":"The Woman in Blue","player_choice":"Bought 1 Potion","floor":45,"damage_taken":0}],"boss_relics":[{"not_picked":["Runic Pyramid","Question Card"],"picked":"Mark of Pain"}],"potions_floor_spawned":[1,5,13,19,22,27,31,37,39,41],"seed_played":"-7480641095966654632","ascension_level":0,"is_trial":false}