{"gold_per_floor":[111,124,88,105,30,43,77,77,77,77,92,127,53,72,72,150,150,124,124,124,141,141,141,152,185,185,212,232,257,274,274,274,274],"floor_reached":33,"playtime":2385,"items_purged":[],"score":580,"play_id":"9c916c6c-2668-418f-8d45-8dddcdd49bfd","local_time":"20180701103246","is_ascension_mode":true,"campfire_choices":[{"floor":8,"key":"REST"},{"data":"Malaise","floor":10,"key":"SMITH"},{"data":"Deadly Poison","floor":15,"key":"SMITH"},{"floor":23,"key":"REST"},{"floor":32,"key":"REST"}],"neow_cost":"NONE","seed_source_timestamp":1168416464210865,"circlet_count":0,"master_deck":["Defend_G+1","Defend_G+1","Defend_G+1","Defend_G+1","Defend_G+1","Strike_G+1","Strike_G+1","Strike_G+1","Strike_G+1","Survivor","Neutralize","AscendersBane","Predator+1","Malaise+1","Flying Knee","Sucker Punch+1","Leg Sweep","Malaise","Predator","Footwork","Deadly Poison+1","After Image","Dodge and Roll","Footwork","Cloak And Dagger+1","Footwork","Backflip+1","Catalyst+1","Wraith Form v2"],"relics":["Ring of the Snake","Art of War","Mango","Fusion Hammer","Toxic Egg 2","Happy Flower","Whetstone","Darkstone Periapt","Nloth\u0027s Gift"],"potions_floor_usage":[7,12,14,28,29,29,33],"damage_taken":[{"damage":0,"enemies":"Cultist","floor":1,"turns":5},{"damage":1,"enemies":"Jaw Worm","floor":2,"turns":5},{"damage":4,"enemies":"Small Slimes","floor":4,"turns":4},{"damage":4,"enemies":"Blue Slaver","floor":6,"turns":4},{"damage":21,"enemies":"Gremlin Nob","floor":7,"turns":5},{"damage":7,"enemies":"Gremlin Gang","floor":11,"turns":8},{"damage":8,"enemies":"Lagavulin","floor":12,"turns":9},{"damage":3,"enemies":"Exordium Thugs","floor":14,"turns":9},{"damage":23,"enemies":"The Guardian","floor":16,"turns":13},{"damage":18,"enemies":"2 Thieves","floor":18,"turns":5},{"damage":1,"enemies":"Shell Parasite","floor":21,"turns":7},{"damage":2,"enemies":"Snecko","floor":24,"turns":6},{"damage":18,"enemies":"Gremlin Leader","floor":25,"turns":11},{"damage":5,"enemies":"Book of Stabbing","floor":27,"turns":8},{"damage":23,"enemies":"Slaver and Parasite","floor":28,"turns":9},{"damage":9,"enemies":"Slavers","floor":29,"turns":9},{"damage":0,"enemies":"Centurion and Healer","floor":30,"turns":7},{"damage":54,"enemies":"Champ","floor":33,"turns":16}],"seed_played":"-6106576553984611697","potions_obtained":[{"floor":2,"key":"PowerPotion"},{"floor":7,"key":"Block Potion"},{"floor":11,"key":"FearPotion"},{"floor":16,"key":"Dexterity Potion"},{"floor":25,"key":"SkillPotion"},{"floor":28,"key":"Energy Potion"},{"floor":29,"key":"Poison Potion"}],"is_trial":false,"path_per_floor":["M","M","$","M","?","M","E","R","T","R","M","E","$","M","R","B",null,"M","?","?","M","$","R","M","E","T","E","M","E","M","?","R"],"character_chosen":"THE_SILENT","items_purchased":["Malaise","Footwork"],"campfire_rested":3,"item_purchase_floors":[3,13],"current_hp_per_floor":[65,64,64,60,60,56,35,56,56,56,49,55,55,52,52,29,72,54,54,54,53,53,78,76,58,58,53,30,21,21,21,46,0],"gold":274,"neow_bonus":"TEN_PERCENT_HP_BONUS","is_prod":false,"is_daily":false,"chose_seed":false,"campfire_upgraded":2,"win_rate":0,"timestamp":1530433966,"path_taken":["M","?","?","?","?","M","E","R","T","R","?","E","$","M","R","BOSS","M","?","?","M","$","R","M","E","T","E","?","E","M","?","R","BOSS"],"build_version":"2018-06-28","purchased_purges":0,"victory":false,"max_hp_per_floor":[72,72,72,72,72,72,72,72,72,72,72,86,86,86,86,86,86,86,86,86,86,86,86,86,86,86,86,86,86,86,86,86,86],"card_choices":[{"not_picked":["Bane","Slice"],"picked":"Predator","floor":1},{"not_picked":["Bane","Poisoned Stab","Blade Dance"],"picked":"SKIP","floor":2},{"not_picked":["Reflex","Masterful Stab"],"picked":"Flying Knee","floor":4},{"not_picked":["Backflip","Escape Plan"],"picked":"Sucker Punch","floor":6},{"not_picked":["Acrobatics","Escape Plan"],"picked":"Leg Sweep","floor":7},{"not_picked":["Sucker Punch","Blade Dance"],"picked":"Malaise","floor":11},{"not_picked":["Prepared","Flechettes"],"picked":"Predator","floor":12},{"not_picked":["Distraction","Envenom"],"picked":"Deadly Poison","floor":14},{"not_picked":["Burst","A Thousand Cuts"],"picked":"After Image","floor":16},{"not_picked":["Skewer","Prepared"],"picked":"Dodge and Roll","floor":18},{"not_picked":["Quick Slash+1","Sucker Punch","Endless Agony"],"picked":"SKIP","floor":21},{"not_picked":["Deflect","Terror+1","Eviscerate+1"],"picked":"SKIP","floor":24},{"not_picked":["Sucker Punch+1","Grand Finale"],"picked":"Cloak And Dagger","floor":25},{"not_picked":["Dagger Spray","Heel Hook"],"picked":"Footwork","floor":27},{"not_picked":["Bane","Underhanded Strike"],"picked":"Backflip+1","floor":28},{"not_picked":["PiercingWail+1","Poisoned Stab"],"picked":"Catalyst+1","floor":29},{"not_picked":["Acrobatics+1","Outmaneuver+1"],"picked":"Wraith Form v2","floor":30}],"player_experience":715872,"relics_obtained":[{"floor":7,"key":"Art of War"},{"floor":9,"key":"Dodecahedron"},{"floor":12,"key":"Mango"},{"floor":25,"key":"Toxic Egg 2"},{"floor":26,"key":"Happy Flower"},{"floor":27,"key":"Whetstone"},{"floor":29,"key":"Darkstone Periapt"}],"event_choices":[{"event_name":"The Cleric","player_choice":"Card Removal","floor":5,"damage_taken":0},{"event_name":"The Library","player_choice":"Read","floor":19,"damage_taken":0},{"event_name":"Back to Basics","player_choice":"Simplicity","floor":20,"damage_taken":0},{"event_name":"N\u0027loth","player_choice":"Traded a Dodecahedron","floor":31,"damage_taken":0}],"boss_relics":[{"not_picked":["Philosopher\u0027s Stone","Coffee Dripper"],"picked":"Fusion Hammer"}],"items_purged_floors":[],"is_endless":false,"potions_floor_spawned":[2,7,11,16,25,28,29],"killed_by":"Champ","ascension_level":15}