{"gold_per_floor":[109,125,125,144,144,144,155,171,220,220,220,220,74,92,92,192,192,204,204,125,125,125,125,25,25,25,45,45,58,76,92,92,190,190,209,220,220],"floor_reached":37,"playtime":1240,"items_purged":["Strike_R","Defend_R"],"score":411,"play_id":"7bd19e4a-1716-45d9-8682-5e1db7176147","local_time":"20190125144707","is_ascension_mode":false,"campfire_choices":[{"data":"True Grit","floor":6,"key":"SMITH"},{"data":"Flame Barrier","floor":10,"key":"SMITH"},{"data":"Bash","floor":12,"key":"SMITH"},{"data":"Feel No Pain","floor":15,"key":"SMITH"},{"data":"Disarm","floor":23,"key":"SMITH"},{"data":"Demon Form","floor":25,"key":"SMITH"},{"data":"Disarm","floor":32,"key":"SMITH"}],"neow_cost":"NONE","seed_source_timestamp":1422995416471076,"circlet_count":0,"master_deck":["Defend_R","Defend_R","Bash+1","True Grit+1","Sword Boomerang","Flame Barrier+1","Headbutt","Carnage","Feel No Pain+1","Demon Form+1","Twin Strike","Pommel Strike","Blood for Blood","Whirlwind","Disarm+1","Dropkick","Disarm+1","Dark Embrace","Carnage+1","Pommel Strike+1"],"relics":["Burning Blood"],"potions_floor_usage":[30,36,37,37],"damage_taken":[{"damage":5,"enemies":"Small Slimes","floor":1,"turns":4},{"damage":6,"enemies":"Cultist","floor":2,"turns":3},{"damage":4,"enemies":"Jaw Worm","floor":4,"turns":3},{"damage":12,"enemies":"Exordium Wildlife","floor":7,"turns":4},{"damage":26,"enemies":"Large Slime","floor":8,"turns":10},{"damage":3,"enemies":"Blue Slaver","floor":14,"turns":3},{"damage":54,"enemies":"Slime Boss","floor":16,"turns":10},{"damage":18,"enemies":"Spheric Guardian","floor":18,"turns":4},{"damage":0,"enemies":"3 Byrds","floor":27,"turns":6},{"damage":28,"enemies":"Sentry and Sphere","floor":29,"turns":5},{"damage":3,"enemies":"Snecko","floor":30,"turns":4},{"damage":1,"enemies":"Snake Plant","floor":31,"turns":6},{"damage":0,"enemies":"Champ","floor":33,"turns":10},{"damage":33,"enemies":"Orb Walker","floor":35,"turns":6},{"damage":39,"enemies":"3 Darklings","floor":36,"turns":4},{"damage":35,"enemies":"Transient","floor":37,"turns":5}],"seed_played":"-4019324400648448821","potions_obtained":[{"floor":1,"key":"Regen Potion"},{"floor":2,"key":"Energy Potion"},{"floor":8,"key":"PowerPotion"},{"floor":31,"key":"Energy Potion"}],"is_trial":false,"path_per_floor":["M","M","?","M","?","R","M","M","T","R","T","R","$","M","R","B",null,"M","?","$","?","?","R","$","R","T","M","$","M","M","M","R","B",null,"M","M","M"],"character_chosen":"IRONCLAD","items_purchased":["Feel No Pain","Whirlwind"],"campfire_rested":0,"item_purchase_floors":[13,20],"current_hp_per_floor":[80,80,80,80,80,80,74,54,54,54,54,54,54,57,57,9,80,68,68,68,68,68,68,68,68,68,74,74,52,67,72,72,78,80,53,20,0],"gold":220,"neow_bonus":"REMOVE_CARD","is_prod":false,"is_daily":false,"chose_seed":false,"campfire_upgraded":7,"win_rate":0,"timestamp":1548445627,"path_taken":["M","M","?","?","?","R","M","M","T","R","?","R","$","M","R","BOSS","M","?","$","?","?","R","$","R","T","M","?","M","M","M","R","BOSS","M","M","M"],"build_version":"2019-01-23","purchased_purges":2,"victory":false,"max_hp_per_floor":[80,80,80,80,80,80,80,80,80,80,80,80,80,80,80,80,80,80,80,80,80,80,80,80,80,80,80,80,80,80,80,80,80,80,80,80,80],"card_choices":[{"not_picked":["Rupture","Havoc"],"picked":"True Grit","floor":1},{"not_picked":["Anger","Burning Pact"],"picked":"Sword Boomerang","floor":2},{"not_picked":["Body Slam","Entrench"],"picked":"Headbutt","floor":4},{"not_picked":["Body Slam","Fiend Fire"],"picked":"Carnage","floor":7},{"not_picked":["Body Slam","Havoc","Sever Soul"],"picked":"SKIP","floor":8},{"not_picked":["Cleave","Dual Wield","Clothesline"],"picked":"SKIP","floor":14},{"not_picked":["Dark Embrace","Exhume"],"picked":"Demon Form","floor":16},{"not_picked":["Power Through","Intimidate+1"],"picked":"Twin Strike","floor":18},{"not_picked":["Heavy Blade+1","Whirlwind","Clothesline"],"picked":"SKIP","floor":27},{"not_picked":["Second Wind","Sever Soul"],"picked":"Dropkick","floor":29},{"not_picked":["Shockwave","Heavy Blade"],"picked":"Disarm","floor":30},{"not_picked":["Body Slam","Clothesline","Shrug It Off"],"picked":"SKIP","floor":31},{"not_picked":["Brutality","Demon Form"],"picked":"Dark Embrace","floor":33},{"not_picked":["Heavy Blade","Inflame+1"],"picked":"Carnage+1","floor":35},{"not_picked":["Shrug It Off","Body Slam"],"picked":"Pommel Strike+1","floor":36}],"player_experience":504818,"relics_obtained":[],"event_choices":[{"damage_healed":0,"gold_gain":0,"cards_transformed":["Strike_R"],"player_choice":"Transformed","damage_taken":0,"max_hp_gain":0,"max_hp_loss":0,"event_name":"Transmorgrifier","floor":3,"gold_loss":0,"cards_obtained":["Flame Barrier"]},{"cards_removed":["Strike_R"],"damage_healed":0,"gold_gain":0,"player_choice":"Forget","damage_taken":0,"max_hp_gain":0,"max_hp_loss":0,"event_name":"Living Wall","floor":5,"gold_loss":0},{"damage_healed":0,"gold_gain":0,"cards_transformed":["Strike_R","Defend_R"],"player_choice":"Became Test Subject","damage_taken":0,"max_hp_gain":0,"max_hp_loss":0,"event_name":"Drug Dealer","floor":19,"gold_loss":0,"cards_obtained":["Pommel Strike","Blood for Blood"]},{"damage_healed":0,"gold_gain":0,"player_choice":"Ignored","damage_taken":0,"max_hp_gain":0,"max_hp_loss":0,"event_name":"Cursed Tome","floor":21,"gold_loss":0},{"damage_healed":0,"gold_gain":0,"player_choice":"Read","damage_taken":0,"max_hp_gain":0,"max_hp_loss":0,"event_name":"The Library","floor":22,"gold_loss":0,"cards_obtained":["Disarm"]}],"is_beta":true,"boss_relics":[{"not_picked":[]},{"not_picked":[]}],"items_purged_floors":[13,24],"is_endless":false,"potions_floor_spawned":[1,2,8,29,31],"killed_by":"Transient","ascension_level":0}