{"gold_per_floor":[113,133,146,146,23,43,53,83,83,99,174,194,212,225,225,225],"floor_reached":16,"playtime":1323,"items_purged":["Strike_G"],"score":108,"play_id":"2748135e-636d-401b-b4e9-92c27d14b8f9","local_time":"20181207152124","is_ascension_mode":false,"campfire_choices":[{"floor":15,"key":"REST"}],"neow_cost":"NONE","seed_source_timestamp":665169183240749,"circlet_count":0,"master_deck":["Defend_G","Defend_G","Defend_G","Defend_G","Defend_G","Strike_G","Strike_G","Strike_G","Survivor","Neutralize","Dodge and Roll","Flying Knee","After Image","Deflect","Masterful Stab","Prepared","Deadly Poison","Masterful Stab","Noxious Fumes+1","Deadly Poison"],"relics":["Ring of the Snake","Frozen Egg 2","Question Card"],"potions_floor_usage":[10,13,14,16],"damage_taken":[{"damage":0,"enemies":"2 Louse","floor":1,"turns":4},{"damage":0,"enemies":"Jaw Worm","floor":2,"turns":6},{"damage":0,"enemies":"Cultist","floor":3,"turns":5},{"damage":5,"enemies":"Large Slime","floor":6,"turns":14},{"damage":0,"enemies":"Blue Slaver","floor":7,"turns":5},{"damage":7,"enemies":"3 Sentries","floor":8,"turns":15},{"damage":0,"enemies":"Looter","floor":10,"turns":3},{"damage":18,"enemies":"Exordium Thugs","floor":12,"turns":7},{"damage":0,"enemies":"Lots of Slimes","floor":13,"turns":5},{"damage":1,"enemies":"Looter","floor":14,"turns":3},{"damage":49,"enemies":"Slime Boss","floor":16,"turns":9}],"seed_played":"-6365299744707716019","potions_obtained":[{"floor":6,"key":"Weak Potion"},{"floor":7,"key":"Dexterity Potion"},{"floor":8,"key":"SkillPotion"},{"floor":12,"key":"Ancient Potion"}],"is_trial":false,"path_per_floor":["M","M","M","?","$","M","M","E","T","M","?","M","M","M","R","B"],"character_chosen":"THE_SILENT","items_purchased":["Deflect"],"campfire_rested":1,"item_purchase_floors":[5],"current_hp_per_floor":[70,70,70,70,70,65,65,58,58,58,47,29,29,28,49,0],"gold":225,"neow_bonus":"REMOVE_CARD","is_prod":false,"is_daily":false,"chose_seed":false,"campfire_upgraded":0,"win_rate":0.0,"timestamp":1544214084,"path_taken":["M","M","M","?","$","M","M","E","T","M","?","M","M","M","R","BOSS"],"build_version":"2018-12-06","purchased_purges":1,"victory":false,"max_hp_per_floor":[70,70,70,70,70,70,70,70,70,70,70,70,70,70,70,70],"card_choices":[{"not_picked":["Deflect","Quick Slash"],"picked":"Dodge and Roll","floor":1},{"not_picked":["Cloak And Dagger","Outmaneuver"],"picked":"Flying Knee","floor":2},{"not_picked":["Deflect","Dagger Spray"],"picked":"After Image","floor":3},{"not_picked":["Sucker Punch","Backstab"],"picked":"Masterful Stab","floor":6},{"not_picked":["Blade Dance","Accuracy"],"picked":"Prepared","floor":7},{"not_picked":["Cloak And Dagger","Accuracy"],"picked":"Deadly Poison","floor":8},{"not_picked":["Prepared","Sucker Punch","Dagger Spray","Terror"],"picked":"SKIP","floor":10},{"not_picked":["Infinite Blades+1","Tactician","Dagger Throw"],"picked":"Masterful Stab","floor":12},{"not_picked":["PiercingWail","Blur","Finisher"],"picked":"Noxious Fumes+1","floor":13},{"not_picked":["All Out Attack","A Thousand Cuts+1","Dodge and Roll"],"picked":"Deadly Poison","floor":14}],"player_experience":191873,"relics_obtained":[{"floor":8,"key":"Frozen Egg 2"},{"floor":9,"key":"Question Card"}],"event_choices":[{"damage_healed":0,"gold_gain":0,"player_choice":"Fled","damage_taken":0,"max_hp_gain":0,"max_hp_loss":0,"event_name":"Scrap Ooze","floor":4,"gold_loss":0},{"damage_healed":0,"gold_gain":75,"player_choice":"Gather Gold","damage_taken":11,"max_hp_gain":0,"max_hp_loss":0,"event_name":"World of Goop","floor":11,"gold_loss":0}],"is_beta":false,"boss_relics":[],"items_purged_floors":[5],"is_endless":false,"potions_floor_spawned":[6,7,8,12],"killed_by":"Slime Boss","ascension_level":0}