{"path_per_floor":["M","?","?","M","M","R","E","?","T","R","M","?","R","M","R"],"character_chosen":"IRONCLAD","items_purchased":[],"gold_per_floor":[20,20,20,38,49,49,78,78,105,105,125,125,125,144,144,144],"floor_reached":16,"campfire_rested":2,"playtime":929,"item_purchase_floors":[],"current_hp_per_floor":[76,81,81,85,81,81,47,47,47,72,48,48,71,69,69,0],"items_purged":[],"gold":144,"score":100,"play_id":"91cc25a6-7367-4911-8011-6fac6e2bcff1","local_time":"20180526173326","is_prod":false,"is_daily":false,"chose_seed":false,"is_ascension_mode":false,"campfire_upgraded":2,"win_rate":0,"timestamp":1527377606,"campfire_choices":[{"data":"Defend_R","floor":6,"key":"SMITH"},{"floor":10,"key":"REST"},{"floor":13,"key":"REST"},{"data":"True Grit","floor":15,"key":"SMITH"}],"path_taken":["M","?","?","M","M","R","E","?","T","R","M","?","R","?","R","BOSS"],"build_version":"2018-05-25","seed_source_timestamp":9580853241152,"purchased_purges":0,"victory":false,"master_deck":["Strike_R","Strike_R","Strike_R","Defend_R+1","Defend_R","Defend_R","Defend_R","Bash","Ghostly Armor+1","Warcry","Burning Pact","Shrug It Off","True Grit+1"],"max_hp_per_floor":[80,85,85,85,85,85,85,85,85,85,85,79,79,79,79,79],"relics":["Burning Blood","Boot","Potion Belt","Golden Idol"],"card_choices":[{"not_picked":["Rage","Dropkick"],"picked":"Ghostly Armor","floor":1},{"not_picked":["Pommel Strike","Heavy Blade","Anger"],"picked":"SKIP","floor":4},{"not_picked":["Sword Boomerang","Uppercut"],"picked":"Warcry","floor":5},{"not_picked":["Clothesline","Limit Break"],"picked":"Burning Pact","floor":7},{"not_picked":["Rampage","Sever Soul"],"picked":"Shrug It Off","floor":11},{"not_picked":["Pommel Strike","Wild Strike"],"picked":"True Grit","floor":14}],"player_experience":351815,"potions_floor_usage":[7,11,16,16],"damage_taken":[{"damage":10,"enemies":"Small Slimes","floor":1,"turns":4},{"damage":0,"enemies":"Cultist","floor":4,"turns":6},{"damage":10,"enemies":"Jaw Worm","floor":5,"turns":5},{"damage":40,"enemies":"Lagavulin","floor":7,"turns":10},{"damage":30,"enemies":"Exordium Thugs","floor":11,"turns":10},{"damage":8,"enemies":"Blue Slaver","floor":14,"turns":5},{"damage":96,"enemies":"The Guardian","floor":16,"turns":16}],"relics_obtained":[{"floor":7,"key":"Boot"},{"floor":9,"key":"Potion Belt"}],"event_choices":[{"event_name":"Big Fish","player_choice":"Donut","floor":2,"damage_taken":0},{"event_name":"Upgrade Shrine","player_choice":"Upgraded","floor":3,"damage_taken":0},{"event_name":"The Woman in Blue","player_choice":"Bought 0 Potions","floor":8,"damage_taken":0},{"event_name":"Golden Idol","player_choice":"Lose Max HP","floor":12,"damage_taken":0}],"boss_relics":[],"items_purged_floors":[],"potions_floor_spawned":[1,5,11,14],"seed_played":"-5222567597959224465","killed_by":"The Guardian","ascension_level":0,"potions_obtained":[{"floor":1,"key":"Block Potion"},{"floor":5,"key":"Strength Potion"},{"floor":11,"key":"Regen Potion"},{"floor":14,"key":"Dexterity Potion"}],"is_trial":false}