{"gold_per_floor":[113,113,7,27,22,22,55,66,66,128,128,178,211,224,224,299,299,312,362,22,22],"floor_reached":21,"playtime":648,"items_purged":["Strike_B"],"score":403,"play_id":"ffe1abdb-ab17-4d46-bb19-f18061513972","local_time":"20190119205004","is_ascension_mode":true,"campfire_choices":[{"data":"Doom and Gloom","floor":6,"key":"SMITH"},{"data":"Streamline","floor":11,"key":"SMITH"},{"data":"Lockon","floor":15,"key":"SMITH"}],"neow_cost":"NONE","seed_source_timestamp":793681762793100,"circlet_count":0,"master_deck":["AscendersBane","Strike_B","Strike_B","Strike_B","Defend_B","Defend_B","Defend_B","Defend_B","Zap","Dualcast","Chaos","Lockon+1","Coolheaded","Streamline+1","Doom and Gloom+1","Coolheaded","Skim","Static Discharge","Cold Snap","Darkness","Loop","Fission","Capacitor","Loop"],"relics":["Cracked Core","NeowsBlessing","SsserpentHead","Mercury Hourglass","Darkstone Periapt","Kunai","Meat on the Bone","Inserter","Toolbox"],"potions_floor_usage":[16,16],"damage_taken":[{"damage":0,"enemies":"Jaw Worm","floor":1,"turns":1},{"damage":0,"enemies":"Cultist","floor":4,"turns":1},{"damage":0,"enemies":"Lagavulin","floor":7,"turns":1},{"damage":0,"enemies":"2 Louse","floor":8,"turns":2},{"damage":6,"enemies":"Blue Slaver","floor":10,"turns":2},{"damage":35,"enemies":"Gremlin Nob","floor":13,"turns":4},{"damage":16,"enemies":"Large Slime","floor":14,"turns":3},{"damage":13,"enemies":"Slime Boss","floor":16,"turns":8},{"damage":17,"enemies":"3 Byrds","floor":18,"turns":4},{"damage":45,"enemies":"Shell Parasite","floor":21,"turns":3}],"seed_played":"2850810730042304522","potions_obtained":[{"floor":4,"key":"Poison Potion"},{"floor":7,"key":"Explosive Potion"},{"floor":10,"key":"Swift Potion"},{"floor":18,"key":"Ancient Potion"}],"is_trial":false,"path_per_floor":["M","?","$","M","$","R","E","M","T","M","R","?","E","M","R","B",null,"M","?","$","M"],"character_chosen":"DEFECT","items_purchased":["Lockon","Coolheaded","Streamline","Coolheaded","Toolbox","Dexterity Potion"],"campfire_rested":0,"item_purchase_floors":[3,3,3,5,20,20],"current_hp_per_floor":[64,64,64,64,64,64,64,64,64,58,58,58,23,19,19,18,58,41,41,41,0],"gold":22,"neow_bonus":"THREE_ENEMY_KILL","is_prod":false,"is_daily":false,"chose_seed":false,"campfire_upgraded":3,"win_rate":0,"timestamp":1547959804,"path_taken":["M","?","?","M","?","R","E","M","T","?","R","?","E","M","R","BOSS","M","?","$","M"],"build_version":"2019-01-17v2","purchased_purges":1,"victory":false,"max_hp_per_floor":[71,71,71,71,71,71,71,71,71,71,71,71,71,71,71,71,71,71,71,71,71],"card_choices":[{"not_picked":["Barrage","Sweeping Beam"],"picked":"Chaos","floor":1},{"not_picked":["Cold Snap","Compile Driver"],"picked":"Doom and Gloom","floor":4},{"not_picked":["Meteor Strike","Steam Power"],"picked":"Skim","floor":7},{"not_picked":["Steam","Barrage"],"picked":"Static Discharge","floor":8},{"not_picked":["Genetic Algorithm","Streamline"],"picked":"Cold Snap","floor":10},{"not_picked":["Double Energy","Melter"],"picked":"Darkness","floor":13},{"not_picked":["Reinforced Body","Conserve Battery"],"picked":"Loop","floor":14},{"not_picked":["Hyperbeam","Amplify"],"picked":"Fission","floor":16},{"not_picked":["Loop","Undo"],"picked":"Capacitor","floor":18}],"player_experience":555599,"relics_obtained":[{"floor":7,"key":"Mercury Hourglass"},{"floor":9,"key":"Darkstone Periapt"},{"floor":13,"key":"Meat on the Bone"}],"event_choices":[{"damage_healed":0,"gold_gain":0,"player_choice":"Trade","damage_taken":0,"relics_obtained":["SsserpentHead"],"max_hp_gain":0,"max_hp_loss":0,"event_name":"FaceTrader","floor":2,"gold_loss":0},{"damage_healed":0,"gold_gain":0,"player_choice":"Searched \u00271\u0027 times","damage_taken":0,"relics_obtained":["Kunai"],"max_hp_gain":0,"max_hp_loss":0,"event_name":"Dead Adventurer","floor":12,"gold_loss":0},{"damage_healed":0,"gold_gain":0,"player_choice":"Read","damage_taken":0,"max_hp_gain":0,"max_hp_loss":0,"event_name":"The Library","floor":19,"gold_loss":0,"cards_obtained":["Loop"]}],"is_beta":false,"boss_relics":[{"not_picked":["Lizard Tail","Ectoplasm"],"picked":"Inserter"}],"items_purged_floors":[20],"is_endless":false,"potions_floor_spawned":[4,7,10,14,18],"killed_by":"Shell Parasite","ascension_level":18}