{"path_per_floor":["M","$","M","M","M","R","E","R","T","?","E","R","?","?","R","B",null,"M","M","?","?","?","R"],"character_chosen":"IRONCLAD","items_purchased":["True Grit"],"gold_per_floor":[111,62,73,90,109,109,143,143,191,191,220,220,220,247,247,347,347,364,374,405,405,320,320,320],"floor_reached":24,"campfire_rested":3,"playtime":16145,"item_purchase_floors":[2],"current_hp_per_floor":[71,71,78,82,81,81,60,85,85,85,63,85,85,71,71,29,85,70,56,7,7,7,32,0],"items_purged":[],"gold":320,"score":202,"play_id":"ec367ae5-2556-4214-bef1-cc08cd00ad93","local_time":"20180526220338","is_prod":false,"is_daily":false,"chose_seed":false,"is_ascension_mode":false,"campfire_upgraded":2,"win_rate":0,"timestamp":1527393818,"campfire_choices":[{"data":"True Grit","floor":6,"key":"SMITH"},{"floor":8,"key":"REST"},{"floor":12,"key":"REST"},{"data":"Rupture","floor":15,"key":"SMITH"},{"floor":23,"key":"REST"}],"path_taken":["M","$","M","M","M","R","E","R","T","?","E","R","?","?","R","BOSS","M","M","?","?","?","R","M"],"build_version":"2018-05-25","seed_source_timestamp":10545063372281,"purchased_purges":0,"victory":false,"master_deck":["Strike_R","Defend_R","Defend_R","Defend_R","Bash","Reckless Charge","Warcry","True Grit+1","Iron Wave","Inflame","Bloodletting","Rupture+1","Feel No Pain","Wild Strike","Impervious","Burning Pact+1","Wild Strike+1","Heavy Blade+1","Entrench+1","Flex","Cleave"],"max_hp_per_floor":[80,80,85,85,85,85,85,85,85,85,85,85,85,85,85,85,85,85,85,85,85,85,85,85],"relics":["Burning Blood","Bottled Tornado","Juzu Bracelet","Omamori","Odd Mushroom","Astrolabe","Red Mask","Singing Bowl"],"card_choices":[{"not_picked":["Heavy Blade","Uppercut"],"picked":"Reckless Charge","floor":0},{"not_picked":["Fire Breathing","Perfected Strike"],"picked":"Warcry","floor":1},{"not_picked":["Shockwave","Warcry"],"picked":"Iron Wave","floor":3},{"not_picked":["Cleave","Havoc"],"picked":"Inflame","floor":4},{"not_picked":["Seeing Red","Havoc"],"picked":"Bloodletting","floor":5},{"not_picked":["Bludgeon","Sword Boomerang"],"picked":"Rupture","floor":7},{"not_picked":["Hemokinesis","Ghostly Armor"],"picked":"Feel No Pain","floor":11},{"not_picked":["Pommel Strike","Anger"],"picked":"Wild Strike","floor":14},{"not_picked":["Fiend Fire","Juggernaut"],"picked":"Impervious","floor":16},{"not_picked":["Pommel Strike+1","Clash+1"],"picked":"Entrench+1","floor":18},{"not_picked":["Sever Soul","Clash"],"picked":"Flex","floor":19},{"not_picked":["Wild Strike","Warcry"],"picked":"Cleave","floor":20}],"player_experience":352744,"potions_floor_usage":[3,7,11,16,18,20,20,20],"damage_taken":[{"damage":15,"enemies":"Jaw Worm","floor":1,"turns":4},{"damage":4,"enemies":"2 Louse","floor":3,"turns":3},{"damage":2,"enemies":"Small Slimes","floor":4,"turns":4},{"damage":7,"enemies":"Gremlin Gang","floor":5,"turns":4},{"damage":27,"enemies":"3 Sentries","floor":7,"turns":7},{"damage":28,"enemies":"Gremlin Nob","floor":11,"turns":5},{"damage":20,"enemies":"The Mushroom Lair","floor":14,"turns":5},{"damage":48,"enemies":"Hexaghost","floor":16,"turns":9},{"damage":21,"enemies":"3 Byrds","floor":18,"turns":6},{"damage":20,"enemies":"Spheric Guardian","floor":19,"turns":5},{"damage":70,"enemies":"Masked Bandits","floor":20,"turns":9},{"damage":32,"enemies":"Slaver and Parasite","floor":24,"turns":4}],"relics_obtained":[{"floor":7,"key":"Bottled Tornado"},{"floor":9,"key":"Juzu Bracelet"},{"floor":11,"key":"Omamori"},{"floor":14,"key":"Odd Mushroom"},{"floor":20,"key":"Red Mask"}],"event_choices":[{"event_name":"Living Wall","player_choice":"Forget","floor":10,"damage_taken":0},{"event_name":"The Lab","player_choice":"Got Potions","floor":13,"damage_taken":0},{"event_name":"Mushrooms","player_choice":"Fought Mushrooms","floor":14,"damage_taken":0},{"event_name":"Masked Bandits","player_choice":"Fought over 374 gold","floor":20,"damage_taken":0},{"event_name":"Purifier","player_choice":"One Purge","floor":21,"damage_taken":0},{"event_name":"Addict","player_choice":"Obtained Relic","floor":22,"damage_taken":0}],"boss_relics":[{"not_picked":["Lizard Tail","Black Star"],"picked":"Astrolabe"}],"items_purged_floors":[],"potions_floor_spawned":[1,5,7,16,18],"seed_played":"-6026332607534269726","killed_by":"Slaver and Parasite","ascension_level":0,"potions_obtained":[{"floor":1,"key":"Fruit Juice"},{"floor":5,"key":"Strength Potion"},{"floor":7,"key":"FearPotion"},{"floor":13,"key":"Poison Potion"},{"floor":13,"key":"FairyPotion"},{"floor":13,"key":"SpeedPotion"},{"floor":16,"key":"Explosive Potion"},{"floor":18,"key":"EntropicBrew"}],"is_trial":false}