{"gold_per_floor":[118,118,135,148,148,148,179,179,179,193,228,228,257,257,257,330,330,350,350,360,360],"floor_reached":21,"playtime":998,"items_purged":[],"score":394,"play_id":"d483b0be-aa64-4517-944b-f46914e1e6ed","local_time":"20190206193712","is_ascension_mode":true,"campfire_choices":[{"floor":6,"key":"REST"},{"data":"Seek","floor":8,"key":"SMITH"},{"data":"Coolheaded","floor":12,"key":"SMITH"},{"data":"Dualcast","floor":15,"key":"SMITH"}],"neow_cost":"TEN_PERCENT_HP_LOSS","seed_source_timestamp":34385905227199,"circlet_count":0,"master_deck":["AscendersBane","Strike_B","Strike_B","Strike_B","Strike_B","Defend_B","Defend_B","Defend_B","Defend_B","Zap+1","Dualcast+1","Seek+1","Coolheaded+1","Cold Snap","Steam","Doom and Gloom","Ball Lightning","Stack","Cold Snap","Buffer","Static Discharge+1","Writhe","Rebound"],"relics":["Cracked Core","Turnip","Letter Opener","Ginger","Mango","Potion Belt","Inserter","Cables"],"potions_floor_usage":[7,16,16,20],"damage_taken":[{"damage":0,"enemies":"2 Louse","floor":1,"turns":3},{"damage":0,"enemies":"Jaw Worm","floor":3,"turns":6},{"damage":3,"enemies":"Small Slimes","floor":4,"turns":3},{"damage":5,"enemies":"Lagavulin","floor":7,"turns":8},{"damage":2,"enemies":"Blue Slaver","floor":10,"turns":3},{"damage":8,"enemies":"3 Sentries","floor":11,"turns":4},{"damage":8,"enemies":"Gremlin Nob","floor":13,"turns":3},{"damage":39,"enemies":"Hexaghost","floor":16,"turns":14},{"damage":28,"enemies":"Shell Parasite","floor":18,"turns":8},{"damage":1,"enemies":"Chosen","floor":20,"turns":6},{"damage":37,"enemies":"Shelled Parasite and Fungi","floor":21,"turns":3}],"seed_played":"-1491521009637754436","potions_obtained":[{"floor":3,"key":"PowerPotion"},{"floor":11,"key":"SteroidPotion"},{"floor":13,"key":"Poison Potion"},{"floor":18,"key":"SkillPotion"}],"is_trial":false,"path_per_floor":["M","?","M","M","?","R","E","R","T","M","E","R","E","?","R","B",null,"M","?","M","M"],"character_chosen":"DEFECT","items_purchased":[],"campfire_rested":1,"item_purchase_floors":[],"current_hp_per_floor":[64,29,29,26,26,45,40,40,40,38,44,44,36,41,41,2,63,35,35,34,0],"gold":360,"neow_bonus":"THREE_RARE_CARDS","is_prod":false,"is_daily":false,"chose_seed":false,"campfire_upgraded":3,"win_rate":0,"timestamp":1549510632,"path_taken":["M","?","M","M","?","R","E","R","T","M","E","R","E","?","R","BOSS","M","?","M","M"],"build_version":"2019-01-23","purchased_purges":0,"victory":false,"max_hp_per_floor":[64,64,64,64,64,64,64,64,64,64,78,78,78,83,83,83,83,83,83,83,83],"card_choices":[{"not_picked":["Multi-Cast","Thunder Strike"],"picked":"Seek","floor":0},{"not_picked":["Beam Cell","Turbo"],"picked":"Coolheaded","floor":1},{"not_picked":["Hologram","Melter"],"picked":"Cold Snap","floor":3},{"not_picked":["Streamline","Reinforced Body"],"picked":"Steam","floor":4},{"not_picked":["Turbo","Beam Cell"],"picked":"Doom and Gloom","floor":7},{"not_picked":["Coolheaded","Multi-Cast"],"picked":"Ball Lightning","floor":10},{"not_picked":["Leap","Scrape"],"picked":"Stack","floor":11},{"not_picked":["Gash","Tempest"],"picked":"Cold Snap","floor":13},{"not_picked":["Hyperbeam","Meteor Strike"],"picked":"Buffer","floor":16},{"not_picked":["Turbo","Genetic Algorithm"],"picked":"Static Discharge+1","floor":18},{"not_picked":["Leap+1","Lockon"],"picked":"Rebound","floor":20}],"player_experience":645952,"relics_obtained":[{"floor":7,"key":"Letter Opener"},{"floor":9,"key":"Ginger"},{"floor":11,"key":"Mango"},{"floor":13,"key":"Potion Belt"}],"event_choices":[{"damage_healed":0,"gold_gain":0,"player_choice":"Success","damage_taken":35,"relics_obtained":["Turnip"],"max_hp_gain":0,"max_hp_loss":0,"event_name":"Scrap Ooze","floor":2,"gold_loss":0},{"damage_healed":0,"gold_gain":0,"player_choice":"Grow","damage_taken":0,"max_hp_gain":0,"max_hp_loss":0,"event_name":"Living Wall","floor":5,"gold_loss":0,"cards_upgraded":["Zap"]},{"damage_healed":0,"gold_gain":0,"player_choice":"Donut","damage_taken":0,"max_hp_gain":5,"max_hp_loss":0,"event_name":"Big Fish","floor":14,"gold_loss":0},{"damage_healed":0,"gold_gain":0,"player_choice":"Opened","damage_taken":0,"relics_obtained":["Cables"],"max_hp_gain":0,"max_hp_loss":0,"event_name":"The Mausoleum","floor":19,"gold_loss":0,"cards_obtained":["Writhe"]}],"is_beta":false,"boss_relics":[{"not_picked":["Ectoplasm","Pandora\u0027s Box"],"picked":"Inserter"}],"items_purged_floors":[],"is_endless":false,"potions_floor_spawned":[3,11,13,18],"killed_by":"Shelled Parasite and Fungi","ascension_level":20}