{"path_per_floor":["M","?","M","M","M","R","E","R","T","M","E","R","M","M","R","B",null,"M","$","M","$","?","R","M","M","T","R"],"character_chosen":"DEFECT","items_purchased":["Apotheosis","Gash"],"gold_per_floor":[11,11,23,35,51,51,81,81,105,115,176,176,186,198,198,295,295,314,64,74,49,49,49,59,77,77,77,77],"floor_reached":28,"campfire_rested":2,"playtime":1109,"item_purchase_floors":[19,21],"current_hp_per_floor":[66,66,56,56,55,55,38,38,38,32,29,29,27,8,30,6,58,47,47,32,32,32,32,8,7,7,29,0],"items_purged":["Strike_B"],"gold":77,"score":348,"play_id":"a159040a-4591-4dba-a62d-afc6bd9c341c","local_time":"20180621223510","is_prod":false,"is_daily":false,"chose_seed":false,"is_ascension_mode":true,"campfire_upgraded":4,"win_rate":0,"timestamp":1529588110,"campfire_choices":[{"data":"Stack","floor":6,"key":"SMITH"},{"data":"Dualcast","floor":8,"key":"SMITH"},{"data":"Coolheaded","floor":12,"key":"SMITH"},{"floor":15,"key":"REST"},{"data":"Apotheosis","floor":23,"key":"SMITH"},{"floor":27,"key":"REST"}],"path_taken":["M","?","M","?","M","R","E","R","T","M","E","R","M","?","R","BOSS","M","$","M","$","?","R","M","M","T","R","E"],"build_version":"2018-06-14v2","seed_source_timestamp":372935826900034,"purchased_purges":1,"victory":false,"master_deck":["Strike_B","Strike_B","Defend_B","Defend_B","Defend_B","Zap","Dualcast+1","AscendersBane","Darkness+1","Chill","FTL","Stack+1","Gash","Coolheaded+1","Defragment","Hologram","Apotheosis+1","Defragment","Gash","Steam"],"max_hp_per_floor":[75,75,75,75,75,75,75,75,75,75,75,75,75,75,75,75,75,75,75,75,75,75,75,75,75,75,75,75],"relics":["Cracked Core","Vajra","Omamori","Tiny Chest","Inserter","Darkstone Periapt"],"card_choices":[{"not_picked":["Steam Power","Streamline"],"picked":"Darkness","floor":1},{"not_picked":["Go for the Eyes","Redo"],"picked":"Chill","floor":3},{"not_picked":["Redo","Turbo"],"picked":"FTL","floor":4},{"not_picked":["Ball Lightning","Barrage"],"picked":"Stack","floor":5},{"not_picked":["Auto Shields","Creative AI"],"picked":"Gash","floor":7},{"not_picked":["Aggregate","Redo"],"picked":"Coolheaded","floor":10},{"not_picked":["Darkness","Consume","Sweeping Beam"],"picked":"SKIP","floor":11},{"not_picked":["Cold Snap","Fusion","White Noise"],"picked":"SKIP","floor":13},{"not_picked":["Go for the Eyes","Redo"],"picked":"Defragment","floor":14},{"not_picked":["Darkness","Go for the Eyes+1"],"picked":"Hologram","floor":18},{"not_picked":["Heatsinks+1","Hello World"],"picked":"Defragment","floor":20},{"not_picked":["Fusion","Beam Cell","Scrape"],"picked":"SKIP","floor":24},{"not_picked":["Ball Lightning+1","Compile Driver"],"picked":"Steam","floor":25}],"player_experience":521531,"potions_floor_usage":[5,11,13,20,24,25,25,28],"damage_taken":[{"damage":2,"enemies":"Jaw Worm","floor":1,"turns":3},{"damage":10,"enemies":"2 Louse","floor":3,"turns":2},{"damage":0,"enemies":"Cultist","floor":4,"turns":3},{"damage":1,"enemies":"Lots of Slimes","floor":5,"turns":4},{"damage":17,"enemies":"Lagavulin","floor":7,"turns":6},{"damage":6,"enemies":"Blue Slaver","floor":10,"turns":3},{"damage":3,"enemies":"3 Sentries","floor":11,"turns":6},{"damage":2,"enemies":"Gremlin Gang","floor":13,"turns":4},{"damage":19,"enemies":"Exordium Wildlife","floor":14,"turns":3},{"damage":24,"enemies":"Slime Boss","floor":16,"turns":8},{"damage":11,"enemies":"Spheric Guardian","floor":18,"turns":3},{"damage":29,"enemies":"Chosen","floor":20,"turns":6},{"damage":24,"enemies":"Slaver and Parasite","floor":24,"turns":6},{"damage":8,"enemies":"Snake Plant","floor":25,"turns":5},{"damage":33,"enemies":"Slavers","floor":28,"turns":3}],"relics_obtained":[{"floor":7,"key":"Vajra"},{"floor":9,"key":"Omamori"},{"floor":11,"key":"Tiny Chest"},{"floor":26,"key":"Darkstone Periapt"}],"event_choices":[{"event_name":"Living Wall","player_choice":"Grow","floor":2,"damage_taken":0},{"event_name":"The Lab","player_choice":"Got Potions","floor":22,"damage_taken":0}],"boss_relics":[{"not_picked":["Tiny House","Ectoplasm"],"picked":"Inserter"}],"items_purged_floors":[19],"is_endless":false,"potions_floor_spawned":[1,3,4,10,16,24,25],"seed_played":"-6450621843542005546","killed_by":"Slavers","ascension_level":10,"potions_obtained":[{"floor":1,"key":"EssenceOfSteel"},{"floor":3,"key":"Block Potion"},{"floor":4,"key":"Swift Potion"},{"floor":10,"key":"LiquidBronze"},{"floor":16,"key":"Regen Potion"},{"floor":22,"key":"FairyPotion"},{"floor":22,"key":"Swift Potion"},{"floor":24,"key":"SkillPotion"},{"floor":25,"key":"Dexterity Potion"}],"is_trial":false}