{"gold_per_floor":[114,214,231,306,45,80,96,130,130,130],"floor_reached":10,"playtime":277,"items_purged":["Strike_B"],"score":202,"play_id":"b9b32eec-20c0-426d-b835-31ea42c69303","local_time":"20190304192608","is_ascension_mode":true,"campfire_choices":[],"neow_cost":"NONE","seed_source_timestamp":61888837616536,"circlet_count":0,"master_deck":["AscendersBane","Strike_B","Strike_B","Strike_B","Defend_B","Defend_B","Defend_B","Defend_B","Zap","Dualcast","Go for the Eyes","Auto Shields","Apotheosis","Doom and Gloom","Compile Driver","Glacier"],"special_seed":0,"relics":["Cracked Core","NeowsBlessing","Dream Catcher","Sundial"],"potions_floor_usage":[],"damage_taken":[{"damage":0.0,"enemies":"Jaw Worm","floor":1.0,"turns":1.0},{"damage":0.0,"enemies":"Cultist","floor":3.0,"turns":1.0},{"damage":0.0,"enemies":"Lagavulin","floor":6.0,"turns":1.0},{"damage":0.0,"enemies":"2 Louse","floor":7.0,"turns":3.0},{"damage":35.0,"enemies":"3 Sentries","floor":8.0,"turns":7.0},{"damage":34,"enemies":"Gremlin Nob","floor":10,"turns":4}],"seed_played":"-2295714947699280484","potions_obtained":[],"is_trial":false,"path_per_floor":["M","?","M","?","$","E","M","E","T","E"],"character_chosen":"DEFECT","items_purchased":["Apotheosis"],"campfire_rested":0,"item_purchase_floors":[5],"current_hp_per_floor":[64,64,64,53,53,53,53,18,18,0],"gold":130,"neow_bonus":"THREE_ENEMY_KILL","is_prod":false,"is_daily":false,"chose_seed":false,"campfire_upgraded":0,"win_rate":0,"timestamp":1551745568,"path_taken":["M","?","?","?","$","E","M","E","T","E"],"build_version":"2019-01-23","purchased_purges":1,"victory":false,"max_hp_per_floor":[71,71,71,71,71,71,71,71,71,71],"card_choices":[{"not_picked":["Redo","Coolheaded"],"picked":"Go for the Eyes","floor":1.0},{"not_picked":["Sweeping Beam","Steam"],"picked":"Auto Shields","floor":3.0},{"not_picked":["Coolheaded","Capacitor"],"picked":"Doom and Gloom","floor":6.0},{"not_picked":["Leap","Sweeping Beam"],"picked":"Compile Driver","floor":7.0},{"not_picked":["Chill","Multi-Cast"],"picked":"Glacier","floor":8.0}],"player_experience":678862,"relics_obtained":[{"floor":6.0,"key":"Dream Catcher"},{"floor":8.0,"key":"Sundial"}],"event_choices":[{"damage_healed":0.0,"max_hp_gain":0.0,"max_hp_loss":0.0,"gold_gain":100.0,"event_name":"Wheel of Change","player_choice":"Gold","floor":2.0,"gold_loss":0.0,"damage_taken":0.0},{"damage_healed":0.0,"max_hp_gain":0.0,"max_hp_loss":0.0,"gold_gain":75.0,"event_name":"World of Goop","player_choice":"Gather Gold","floor":4.0,"gold_loss":0.0,"damage_taken":11.0}],"is_beta":false,"boss_relics":[],"items_purged_floors":[5],"is_endless":false,"potions_floor_spawned":[],"killed_by":"Gremlin Nob","ascension_level":20}