{"path_per_floor":["M","M","M","M","M","R","M","R","T","R","?","E","M","M","R","B"],"character_chosen":"IRONCLAD","items_purchased":[],"gold_per_floor":[112,123,135,153,167,167,185,185,257,257,320,355,372,387,387,484,484],"floor_reached":17,"campfire_rested":0,"playtime":659,"current_hp_per_floor":[80,80,77,72,72,72,65,65,65,65,55,55,55,49,49,40,80],"items_purged":[],"gold":484,"score":161,"play_id":"e0df44d8-d19e-4ece-b7a1-f7ee84efa4ad","local_time":"20180427070042","is_prod":false,"is_daily":false,"chose_seed":false,"is_ascension_mode":false,"campfire_upgraded":4,"timestamp":1524805242,"path_taken":["M","M","M","M","M","R","M","R","T","R","?","E","M","M","R","BOSS"],"build_version":"2018-04-26v2","seed_source_timestamp":0,"purchased_purges":0,"victory":false,"master_deck":["Strike_R","Strike_R","Strike_R","Strike_R","Strike_R","Defend_R","Defend_R","Defend_R","Defend_R","Bash+1","Pommel Strike","Body Slam+1","Disarm","Hemokinesis+1","Clash","Pummel","Dropkick","Perfected Strike+1","Metallicize","Whirlwind","Offering"],"max_hp_per_floor":[80,80,80,80,80,80,80,80,80,80,80,80,80,80,80,80,80],"relics":["Burning Blood","Mummified Hand","Lantern","Peace Pipe","Black Star"],"card_choices":[{"not_picked":["Flame Barrier","Ghostly Armor"],"picked":"Pommel Strike","floor":1.0},{"not_picked":["Heavy Blade","Sentinel"],"picked":"Body Slam","floor":2.0},{"not_picked":["Pommel Strike","Second Wind"],"picked":"Disarm","floor":3.0},{"not_picked":["Rage","Twin Strike"],"picked":"Hemokinesis","floor":4.0},{"not_picked":["Havoc","Seeing Red"],"picked":"Clash","floor":5.0},{"not_picked":["Headbutt","Power Through"],"picked":"Pummel","floor":7.0},{"not_picked":["Body Slam","Sword Boomerang"],"picked":"Dropkick","floor":11.0},{"not_picked":["Exhume","Combust"],"picked":"Perfected Strike","floor":12.0},{"not_picked":["Rampage","Cleave"],"picked":"Metallicize","floor":13.0},{"not_picked":["Flex","Intimidate"],"picked":"Whirlwind","floor":14.0},{"not_picked":["Dark Embrace","Impervious"],"picked":"Offering","floor":16.0}],"player_experience":0,"potions_floor_usage":[],"damage_taken":[{"damage":3.0,"enemies":"Small Slimes","floor":1.0,"turns":4.0},{"damage":1.0,"enemies":"Jaw Worm","floor":2.0,"turns":3.0},{"damage":9.0,"enemies":"2 Louse","floor":3.0,"turns":3.0},{"damage":11.0,"enemies":"Large Slime","floor":4.0,"turns":5.0},{"damage":6.0,"enemies":"Red Slaver","floor":5.0,"turns":4.0},{"damage":13.0,"enemies":"Exordium Thugs","floor":7.0,"turns":5.0},{"damage":16.0,"enemies":"Gremlin Nob","floor":11.0,"turns":4.0},{"damage":6.0,"enemies":"Gremlin Nob","floor":12.0,"turns":3.0},{"damage":6.0,"enemies":"Exordium Wildlife","floor":13.0,"turns":2.0},{"damage":12.0,"enemies":"Blue Slaver","floor":14.0,"turns":2.0},{"damage":30.0,"enemies":"The Guardian","floor":16.0,"turns":9.0}],"event_choices":[{"event_name":"Dead Adventurer","player_choice":"Searched \u00271\u0027 times","floor":11.0,"damage_taken":0.0}],"boss_relics":[{"not_picked":["Ectoplasm","Runic Cube"],"picked":"Black Star"}],"potions_floor_spawned":[1,3,4,5,13],"seed_played":"-3790054165911146901","ascension_level":0,"is_trial":false}