{"gold_per_floor":[112,124,49,62,82,82,93,93,93,110,110,127,154,154,154,258,258,274,199],"floor_reached":19,"playtime":1110,"items_purged":["Strike_R"],"score":196,"play_id":"0c67a9b3-d78e-4f04-a367-b76c01aade21","local_time":"20190129182758","is_ascension_mode":false,"campfire_choices":[{"data":"Barricade","floor":6.0,"key":"SMITH"},{"data":"Metallicize","floor":8.0,"key":"SMITH"},{"floor":11.0,"key":"REST"},{"data":"Entrench","floor":15.0,"key":"SMITH"}],"neow_cost":"NONE","seed_source_timestamp":3818922837131550,"circlet_count":0,"master_deck":["Strike_R","Strike_R","Strike_R","Strike_R","Defend_R","Defend_R","Defend_R","Defend_R","Bash","Barricade+1","Pommel Strike","Armaments","Armaments","Metallicize+1","Shrug It Off","Demon Form","Entrench+1","Berserk"],"special_seed":0,"relics":["Burning Blood","Bottled Tornado","Black Star"],"potions_floor_usage":[],"damage_taken":[{"damage":1.0,"enemies":"Cultist","floor":1.0,"turns":3.0},{"damage":2.0,"enemies":"2 Louse","floor":2.0,"turns":3.0},{"damage":16.0,"enemies":"Jaw Worm","floor":4.0,"turns":4.0},{"damage":6.0,"enemies":"2 Fungi Beasts","floor":5.0,"turns":6.0},{"damage":7.0,"enemies":"Looter","floor":7.0,"turns":4.0},{"damage":27.0,"enemies":"Lots of Slimes","floor":10.0,"turns":9.0},{"damage":6.0,"enemies":"3 Louse","floor":12.0,"turns":3.0},{"damage":0.0,"enemies":"Lagavulin","floor":13.0,"turns":10.0},{"damage":9.0,"enemies":"Hexaghost","floor":16.0,"turns":17.0},{"damage":57,"enemies":"3 Byrds","floor":18,"turns":16},{"damage":30,"enemies":"2 Thieves","floor":19,"turns":3}],"seed_played":"-5651990358087463792","potions_obtained":[{"floor":4.0,"key":"PowerPotion"},{"floor":5.0,"key":"Poison Potion"},{"floor":10.0,"key":"Explosive Potion"},{"floor":12.0,"key":"Block Potion"},{"floor":18,"key":"Weak Potion"}],"is_trial":false,"path_per_floor":["M","M","$","M","M","R","M","R","T","M","R","M","E","?","R","B",null,"M","M"],"character_chosen":"IRONCLAD","items_purchased":[],"campfire_rested":1,"item_purchase_floors":[],"current_hp_per_floor":[80,80,80,70,70,70,69,69,69,48,72,72,78,78,78,75,80,29,0],"gold":199,"neow_bonus":"ONE_RANDOM_RARE_CARD","is_prod":false,"is_daily":false,"chose_seed":false,"campfire_upgraded":3,"win_rate":0,"timestamp":1548804478,"path_taken":["M","M","$","M","M","R","M","R","T","M","R","M","E","?","R","BOSS","M","M"],"build_version":"2019-01-23","purchased_purges":1,"victory":false,"max_hp_per_floor":[80,80,80,80,80,80,80,80,80,80,80,80,80,80,80,80,80,80,80],"card_choices":[{"not_picked":["Perfected Strike","Clash"],"picked":"Pommel Strike","floor":1.0},{"not_picked":["Flex","Spot Weakness"],"picked":"Armaments","floor":2.0},{"not_picked":["Burning Pact","Thunderclap","Rupture"],"picked":"SKIP","floor":4.0},{"not_picked":["Heavy Blade","Intimidate"],"picked":"Armaments","floor":5.0},{"not_picked":["Battle Trance","Impervious"],"picked":"Metallicize","floor":7.0},{"not_picked":["Clash","Fire Breathing"],"picked":"Shrug It Off","floor":10.0},{"not_picked":["Headbutt","Cleave"],"picked":"Demon Form","floor":12.0},{"not_picked":["Sentinel","Shrug It Off"],"picked":"Entrench","floor":13.0},{"not_picked":["Double Tap","Fiend Fire"],"picked":"Berserk","floor":16.0},{"not_picked":["Clash+1","Sword Boomerang+1","Corruption"],"picked":"SKIP","floor":18}],"player_experience":53061,"relics_obtained":[{"floor":13.0,"key":"Bottled Tornado"}],"event_choices":[{"damage_healed":0.0,"max_hp_gain":0.0,"max_hp_loss":0.0,"gold_gain":0.0,"event_name":"Golden Idol","player_choice":"Ignored","floor":14.0,"gold_loss":0.0,"damage_taken":0.0}],"is_beta":false,"boss_relics":[{"not_picked":["Empty Cage","Calling Bell"],"picked":"Black Star"}],"items_purged_floors":[3],"is_endless":false,"potions_floor_spawned":[4,5,10,12,18],"killed_by":"2 Thieves","ascension_level":0}