{"gold_per_floor":[113,113,188,363,377,396,408,408,408,378,64,82,100,100],"floor_reached":14,"playtime":774,"items_purged":["Doubt"],"score":82,"play_id":"c4a6ed4b-7e78-471c-840a-6ad51a7232a3","local_time":"20190307082426","is_ascension_mode":false,"campfire_choices":[{"floor":8,"key":"RECALL"}],"neow_cost":"NONE","seed_source_timestamp":120453763986,"circlet_count":0,"master_deck":["Strike_R","Strike_R","Strike_R","Strike_R","Strike_R","Defend_R+1","Defend_R","Defend_R","Defend_R","Bash","Feel No Pain+1","True Grit","Havoc","Havoc","Feel No Pain","Body Slam","Armaments","Headbutt"],"relics":["Burning Blood","Self Forming Clay","TheAbacus"],"potions_floor_usage":[7,14],"damage_taken":[{"damage":10,"enemies":"Jaw Worm","floor":1,"turns":5},{"damage":0,"enemies":"2 Louse","floor":5,"turns":3},{"damage":5,"enemies":"Small Slimes","floor":6,"turns":4},{"damage":20,"enemies":"Exordium Thugs","floor":7,"turns":7},{"damage":8,"enemies":"Looter","floor":10,"turns":4},{"damage":10,"enemies":"Large Slime","floor":12,"turns":7},{"damage":30,"enemies":"Exordium Wildlife","floor":13,"turns":8},{"damage":38,"enemies":"Lagavulin","floor":14,"turns":8}],"seed_played":"4172762316681464579","potions_obtained":[{"floor":1,"key":"Strength Potion"},{"floor":5,"key":"Explosive Potion"},{"floor":13,"key":"Regen Potion"}],"is_trial":false,"path_per_floor":["M","?","?","?","M","M","M","R","T","M","$","M","M","E"],"character_chosen":"IRONCLAD","items_purchased":["Body Slam","TheAbacus"],"campfire_rested":0,"item_purchase_floors":[11,11],"current_hp_per_floor":[84,66,55,55,61,62,48,48,48,46,46,42,18,0],"gold":100,"neow_bonus":"TEN_PERCENT_HP_BONUS","is_prod":false,"is_daily":false,"chose_seed":false,"campfire_upgraded":0,"win_rate":0,"timestamp":1551914666,"path_taken":["M","?","?","?","M","M","M","R","T","M","$","M","M","E"],"build_version":"2019-01-23","purchased_purges":1,"victory":false,"max_hp_per_floor":[88,88,88,88,88,88,88,88,88,88,88,88,88,88],"card_choices":[{"not_picked":["Shockwave","Warcry"],"picked":"Feel No Pain","floor":1},{"not_picked":["Clothesline","Clash"],"picked":"True Grit","floor":5},{"not_picked":["Fire Breathing","Cleave"],"picked":"Havoc","floor":6},{"not_picked":["Armaments","Infernal Blade"],"picked":"Havoc","floor":7},{"not_picked":["Reckless Charge","Sword Boomerang"],"picked":"Feel No Pain","floor":10},{"not_picked":["Shrug It Off","Rupture"],"picked":"Armaments","floor":12},{"not_picked":["Pommel Strike","Pummel"],"picked":"Headbutt","floor":13}],"player_experience":161621,"relics_obtained":[{"floor":9,"key":"Self Forming Clay"}],"event_choices":[{"damage_healed":0,"gold_gain":0,"player_choice":"Entered Light","damage_taken":18,"max_hp_gain":0,"max_hp_loss":0,"event_name":"Shining Light","floor":2,"gold_loss":0,"cards_upgraded":["Feel No Pain","Defend_R"]},{"damage_healed":0,"gold_gain":75,"player_choice":"Gather Gold","damage_taken":11,"max_hp_gain":0,"max_hp_loss":0,"event_name":"World of Goop","floor":3,"gold_loss":0},{"damage_healed":0,"gold_gain":175,"player_choice":"AGREE","damage_taken":0,"max_hp_gain":0,"max_hp_loss":0,"event_name":"Liars Game","floor":4,"gold_loss":0,"cards_obtained":["Doubt"]}],"is_beta":false,"boss_relics":[],"items_purged_floors":[11],"is_endless":false,"potions_floor_spawned":[1,5,13],"killed_by":"Lagavulin","ascension_level":0}