{"path_per_floor":["M","M","$","M","?","R","?","E","T","E","?","?","?","$","R"],"character_chosen":"DEFECT","items_purchased":["Reinforced Body","Lee\u0027s Waffle","War Paint"],"gold_per_floor":[363,383,31,50,50,50,50,80,106,132,132,132,156,4,4,4],"floor_reached":16,"campfire_rested":0,"playtime":648,"current_hp_per_floor":[27,26,82,80,80,80,62,56,56,51,33,33,10,10,10,0],"items_purged":["Strike_B"],"gold":4,"score":142,"play_id":"171d0d30-858f-40f5-a621-a0a082c39682","local_time":"20180508205844","is_prod":false,"is_daily":false,"chose_seed":false,"is_ascension_mode":true,"campfire_upgraded":2,"timestamp":1525780724,"path_taken":["M","M","$","M","?","R","?","E","T","E","?","?","?","$","R","BOSS"],"build_version":"2018-05-07","seed_source_timestamp":484296413257343,"purchased_purges":1,"victory":false,"master_deck":["Strike_B","Strike_B","Defend_B","Defend_B","Defend_B+1","Defend_B+1","Zap+1","Dualcast+1","Consume+1","Glacier","Reinforced Body+1","Impulse","Leap","Barrage","Cold Snap"],"max_hp_per_floor":[75,75,82,82,82,82,82,82,82,92,92,92,92,92,92,92],"relics":["Cracked Core","Lee\u0027s Waffle","Juzu Bracelet","Blue Candle","Orichalcum","Pear","Odd Mushroom","War Paint"],"card_choices":[{"not_picked":["Ball Lightning","Loop"],"picked":"Consume","floor":1},{"not_picked":["Rebound","Blizzard"],"picked":"Glacier","floor":2},{"not_picked":["Sweeping Beam","Stack"],"picked":"Impulse","floor":4},{"not_picked":["Impulse","Scrape"],"picked":"Leap","floor":8},{"not_picked":["Stack","Rebound"],"picked":"Barrage","floor":10},{"not_picked":["Barrage","White Noise"],"picked":"Cold Snap","floor":13}],"player_experience":480958,"potions_floor_usage":[13,16],"damage_taken":[{"damage":11,"enemies":"Small Slimes","floor":1,"turns":4},{"damage":1,"enemies":"Cultist","floor":2,"turns":3},{"damage":2,"enemies":"2 Louse","floor":4,"turns":2},{"damage":6,"enemies":"Lagavulin","floor":8,"turns":12},{"damage":15,"enemies":"3 Sentries","floor":10,"turns":15},{"damage":23,"enemies":"The Mushroom Lair","floor":13,"turns":5},{"damage":16,"enemies":"Slime Boss","floor":16,"turns":8}],"event_choices":[{"event_name":"Living Wall","player_choice":"Forget","floor":5,"damage_taken":0},{"event_name":"Scrap Ooze","player_choice":"success","floor":7,"damage_taken":18},{"event_name":"Shining Light","player_choice":"Entered Light","floor":11,"damage_taken":0},{"event_name":"Liars Game","player_choice":"disagreed","floor":12,"damage_taken":0},{"event_name":"Mushrooms","player_choice":"Fought Mushrooms","floor":13,"damage_taken":0}],"boss_relics":[],"potions_floor_spawned":[1,4,13],"seed_played":"7733220799651793272","killed_by":"Slime Boss","ascension_level":2,"is_trial":false}