{"gold_per_floor":[113,38,113,113,13,13,13,13,13,23,23],"floor_reached":11,"playtime":301,"items_purged":["Writhe","Injury"],"score":86,"play_id":"7370bc5b-7a2e-4d50-ac8a-c66af0783f22","local_time":"20190203195421","is_ascension_mode":true,"campfire_choices":[{"data":"Cloak And Dagger","floor":6,"key":"SMITH"}],"neow_cost":"NONE","seed_source_timestamp":830346674853,"circlet_count":0,"master_deck":["Defend_G","Defend_G","Defend_G","Defend_G","Defend_G","Strike_G","Strike_G","Strike_G","Strike_G","Strike_G","Survivor","Neutralize","Parasite","Cloak And Dagger+1","PiercingWail+1"],"relics":["Calling Bell","Art of War","Matryoshka","Bird Faced Urn","Strawberry","Bronze Scales","Toxic Egg 2"],"potions_floor_usage":[],"damage_taken":[{"damage":17,"enemies":"Cultist","floor":1,"turns":7},{"damage":0,"enemies":"Small Slimes","floor":10,"turns":3},{"damage":33,"enemies":"3 Sentries","floor":11,"turns":10}],"seed_played":"-3508518160193387382","potions_obtained":[],"is_trial":false,"path_per_floor":["M","$","?","?","$","R","$","?","T","M","E"],"character_chosen":"THE_SILENT","items_purchased":[],"campfire_rested":0,"item_purchase_floors":[],"current_hp_per_floor":[46,46,35,30,30,30,30,30,30,30,0],"gold":23,"neow_bonus":"BOSS_RELIC","is_prod":false,"is_daily":false,"chose_seed":false,"campfire_upgraded":1,"win_rate":0,"timestamp":1549184061,"path_taken":["M","$","?","?","$","R","$","?","T","M","E"],"build_version":"2019-01-23","purchased_purges":2,"victory":false,"max_hp_per_floor":[70,70,70,77,77,77,77,77,77,77,77],"card_choices":[{"not_picked":["Sucker Punch","Backstab"],"picked":"Cloak And Dagger","floor":1},{"not_picked":["Bane","Dagger Spray"],"picked":"PiercingWail+1","floor":10}],"player_experience":694191,"relics_obtained":[{"floor":0,"key":"Art of War"},{"floor":0,"key":"Matryoshka"},{"floor":0,"key":"Bird Faced Urn"},{"floor":9,"key":"Bronze Scales"},{"floor":9,"key":"Toxic Egg 2"}],"event_choices":[{"damage_healed":0,"gold_gain":75,"player_choice":"Gather Gold","damage_taken":11,"max_hp_gain":0,"max_hp_loss":0,"event_name":"World of Goop","floor":3,"gold_loss":0},{"damage_healed":0,"gold_gain":0,"player_choice":"Success","damage_taken":12,"relics_obtained":["Strawberry"],"max_hp_gain":0,"max_hp_loss":0,"event_name":"Scrap Ooze","floor":4,"gold_loss":0},{"damage_healed":0,"gold_gain":0,"player_choice":"0 cards matched","damage_taken":0,"max_hp_gain":0,"max_hp_loss":0,"event_name":"Match and Keep!","floor":8,"gold_loss":0,"cards_obtained":[]}],"is_beta":false,"boss_relics":[],"items_purged_floors":[2,5],"is_endless":false,"potions_floor_spawned":[],"killed_by":"3 Sentries","ascension_level":9}