{"gold_per_floor":[117,130,140,140,140,140,180,12,37,58,71,91,91,71,71,71],"floor_reached":16,"playtime":650,"items_purged":[],"score":204,"play_id":"0b5a82e9-4390-4681-b4bd-1544acef7d4b","local_time":"20181123113056","is_ascension_mode":true,"campfire_choices":[{"data":"Noxious Fumes","floor":6,"key":"SMITH"},{"floor":13,"key":"REST"},{"floor":15,"key":"REST"}],"neow_cost":"NONE","seed_source_timestamp":0,"circlet_count":0,"master_deck":["AscendersBane","Defend_G","Defend_G","Defend_G","Defend_G","Strike_G+1","Strike_G","Strike_G","Strike_G+1","Survivor","Neutralize","Noxious Fumes+1","Injury","Escape Plan","Burst"],"special_seed":0,"relics":["Empty Cage","Golden Idol","Whetstone","Art of War"],"potions_floor_usage":[7,7,7,7,10,12,16],"damage_taken":[{"damage":1,"enemies":"2 Louse","floor":1,"turns":3},{"damage":3,"enemies":"Jaw Worm","floor":2,"turns":4},{"damage":3,"enemies":"Cultist","floor":3,"turns":4},{"damage":38,"enemies":"Gremlin Nob","floor":7,"turns":6},{"damage":16,"enemies":"Gremlin Gang","floor":10,"turns":5},{"damage":7,"enemies":"Large Slime","floor":11,"turns":5},{"damage":0,"enemies":"Lots of Slimes","floor":12,"turns":2},{"damage":52,"enemies":"Slime Boss","floor":16,"turns":11}],"seed_played":"5208902859172190726","potions_obtained":[{"floor":2,"key":"Swift Potion"},{"floor":3,"key":"SneckoOil"},{"floor":5,"key":"EntropicBrew"},{"floor":5,"key":"Dexterity Potion"},{"floor":7,"key":"Energy Potion"},{"floor":11,"key":"Explosive Potion"},{"floor":14,"key":"GhostInAJar"}],"is_trial":false,"path_per_floor":["M","M","M","?","?","R","E","$","T","M","M","M","R","?","R","B"],"character_chosen":"THE_SILENT","items_purchased":["Art of War"],"campfire_rested":2,"item_purchase_floors":[8],"current_hp_per_floor":[58,55,52,52,52,52,29,29,29,13,6,6,25,25,44,0],"gold":71,"neow_bonus":"BOSS_RELIC","is_prod":false,"is_daily":false,"chose_seed":false,"campfire_upgraded":1,"win_rate":0,"timestamp":1543001456,"path_taken":["M","M","M","?","?","R","E","$","T","M","?","?","R","?","R","BOSS"],"build_version":"2018-11-15","purchased_purges":0,"victory":false,"max_hp_per_floor":[66,66,66,66,66,66,66,66,66,66,66,66,66,66,66,66],"card_choices":[{"not_picked":["Dagger Throw","Escape Plan"],"picked":"Noxious Fumes","floor":1},{"not_picked":["Dagger Throw","Outmaneuver","Terror"],"picked":"SKIP","floor":2},{"not_picked":["Deflect","Sucker Punch","Deadly Poison"],"picked":"SKIP","floor":3},{"not_picked":["Heel Hook","Underhanded Strike","Masterful Stab"],"picked":"SKIP","floor":7},{"not_picked":["Sucker Punch","Cloak And Dagger"],"picked":"Escape Plan","floor":10},{"not_picked":["Bane","Predator"],"picked":"Burst","floor":11},{"not_picked":["Quick Slash","Underhanded Strike","Prepared"],"picked":"SKIP","floor":12}],"player_experience":672760,"relics_obtained":[{"floor":7,"key":"Whetstone"}],"event_choices":[{"damage_healed":0,"gold_gain":0,"player_choice":"Take Wound","damage_taken":0,"relics_obtained":["Golden Idol"],"max_hp_gain":0,"max_hp_loss":0,"event_name":"Golden Idol","floor":4,"gold_loss":0,"cards_obtained":["Injury"]},{"damage_healed":0,"gold_gain":0,"player_choice":"Got Potions","damage_taken":0,"max_hp_gain":0,"max_hp_loss":0,"event_name":"Lab","floor":5,"gold_loss":0},{"damage_healed":0,"gold_gain":0,"player_choice":"Bought 1 Potion","damage_taken":0,"max_hp_gain":0,"max_hp_loss":0,"event_name":"The Woman in Blue","floor":14,"gold_loss":0}],"is_beta":false,"boss_relics":[],"items_purged_floors":[],"is_endless":false,"potions_floor_spawned":[2,3,7,11],"killed_by":"Slime Boss","ascension_level":20}