{"gold_per_floor":[114,134,134,154,168,198,198,225,248,248,248,261,261,280,280,381,381,396,409,409,425,437,437,466,466,493,523,523,66,166,166,166,262,262,274,286,300,225,325,325,338,348,348,348,348,33,50,0,0,0],"floor_reached":51,"playtime":1718,"items_purged":["Defend_G","Strike_G"],"score":797,"play_id":"c1a0cd95-b864-482d-95ae-202b3ae95562","local_time":"20190122012216","is_ascension_mode":false,"campfire_choices":[{"data":"Predator","floor":7,"key":"SMITH"},{"data":"Deadly Poison","floor":11,"key":"SMITH"},{"data":"Neutralize","floor":13,"key":"SMITH"},{"data":"Bane","floor":15,"key":"SMITH"},{"data":"Noxious Fumes","floor":23,"key":"SMITH"},{"data":"Footwork","floor":25,"key":"SMITH"},{"data":"Acrobatics","floor":28,"key":"SMITH"},{"data":"Deadly Poison","floor":32,"key":"SMITH"},{"data":"Grand Finale","floor":40,"key":"SMITH"},{"data":"Well Laid Plans","floor":44,"key":"SMITH"},{"data":"After Image","floor":49,"key":"SMITH"}],"neow_cost":"NONE","seed_source_timestamp":89251451646848,"circlet_count":0,"master_deck":["Defend_G","Defend_G","Defend_G","Defend_G","Strike_G","Survivor","Neutralize+1","Predator+1","Dagger Throw","Masterful Stab","After Image+1","Deadly Poison+1","Deflect","Bane+1","Die Die Die","Acrobatics+1","Noxious Fumes+1","Footwork+1","Escape Plan","Adrenaline","Deadly Poison+1","Footwork","Grand Finale+1","Well Laid Plans+1","Acrobatics","Expertise+1","Backflip","Adrenaline"],"relics":["Runic Dome","The Specimen","Dream Catcher","Happy Flower","Potion Belt","Coffee Dripper","Regal Pillow","Orichalcum","Pen Nib","Snake Skull","Meat on the Bone","Du-Vu Doll","Ninja Scroll","Bronze Scales","Empty Cage","Thread and Needle","Bottled Tornado","Red Mask"],"potions_floor_usage":[30,30,33],"damage_taken":[{"damage":1,"enemies":"Jaw Worm","floor":1,"turns":4},{"damage":0,"enemies":"2 Louse","floor":2,"turns":2},{"damage":0,"enemies":"Cultist","floor":4,"turns":3},{"damage":0,"enemies":"Looter","floor":5,"turns":3},{"damage":1,"enemies":"3 Sentries","floor":6,"turns":7},{"damage":24,"enemies":"Lagavulin","floor":8,"turns":6},{"damage":5,"enemies":"3 Louse","floor":12,"turns":3},{"damage":3,"enemies":"Red Slaver","floor":14,"turns":3},{"damage":0,"enemies":"Slime Boss","floor":16,"turns":6},{"damage":5,"enemies":"2 Thieves","floor":18,"turns":3},{"damage":0,"enemies":"Chosen","floor":19,"turns":4},{"damage":0,"enemies":"3 Cultists","floor":21,"turns":4},{"damage":19,"enemies":"Snake Plant","floor":22,"turns":3},{"damage":0,"enemies":"Gremlin Leader","floor":24,"turns":6},{"damage":2,"enemies":"Book of Stabbing","floor":27,"turns":5},{"damage":11,"enemies":"Colosseum Slavers","floor":30,"turns":4},{"damage":0,"enemies":"Colosseum Nobs","floor":30,"turns":3},{"damage":22,"enemies":"Champ","floor":33,"turns":8},{"damage":4,"enemies":"Orb Walker","floor":35,"turns":2},{"damage":1,"enemies":"3 Darklings","floor":36,"turns":4},{"damage":14,"enemies":"Maw","floor":37,"turns":7},{"damage":0,"enemies":"Mind Bloom Boss Battle","floor":39,"turns":5},{"damage":6,"enemies":"Spire Growth","floor":41,"turns":4},{"damage":0,"enemies":"4 Shapes","floor":42,"turns":5},{"damage":0,"enemies":"Transient","floor":47,"turns":5},{"damage":8,"enemies":"Donu and Deca","floor":50,"turns":5}],"seed_played":"-9186909711123381393","potions_obtained":[{"floor":1,"key":"LiquidBronze"},{"floor":5,"key":"PowerPotion"},{"floor":16,"key":"Energy Potion"},{"floor":18,"key":"FearPotion"},{"floor":21,"key":"AttackPotion"},{"floor":22,"key":"Fire Potion"},{"floor":30,"key":"LiquidBronze"},{"floor":33,"key":"LiquidBronze"},{"floor":35,"key":"SpeedPotion"},{"floor":36,"key":"PowerPotion"},{"floor":42,"key":"GamblersBrew"}],"is_trial":false,"path_per_floor":["M","M","?","M","M","E","R","E","T","?","R","M","R","M","R","B",null,"M","M","?","M","M","R","E","R","T","E","R","$","?","?","R","B",null,"M","M","M","$","?","R","M","M","T","R","?","$","M","?","R","B",null],"character_chosen":"THE_SILENT","items_purchased":["Snake Skull","Deadly Poison","Meat on the Bone","Backflip","Adrenaline"],"campfire_rested":0,"item_purchase_floors":[29,29,29,46,46],"current_hp_per_floor":[69,69,69,69,69,68,68,44,44,37,37,32,32,29,29,29,70,65,65,65,65,46,46,46,46,46,44,44,44,45,45,45,35,70,66,65,51,51,51,51,45,45,45,45,70,70,70,70,70,62],"gold":0,"neow_bonus":"BOSS_RELIC","is_prod":false,"is_daily":false,"chose_seed":false,"campfire_upgraded":11,"win_rate":0,"timestamp":1548087736,"path_taken":["M","M","?","M","M","E","R","E","T","?","R","M","R","M","R","BOSS","M","M","?","M","M","R","E","R","T","E","R","$","?","?","R","BOSS","M","M","?","$","?","R","M","M","T","R","?","$","?","?","R","BOSS"],"build_version":"2019-01-17v2","purchased_purges":2,"victory":true,"max_hp_per_floor":[70,70,70,70,70,70,70,70,70,70,70,70,70,70,70,70,70,70,70,70,70,70,70,70,70,70,70,70,70,70,70,70,70,70,70,70,70,70,70,70,70,70,70,70,70,70,70,70,70,70],"card_choices":[{"not_picked":["Deadly Poison","Blade Dance"],"picked":"Predator","floor":1},{"not_picked":["Reflex","PiercingWail"],"picked":"Dagger Throw","floor":2},{"not_picked":["Cloak And Dagger","Sucker Punch"],"picked":"Masterful Stab","floor":4},{"not_picked":["Deflect","Accuracy"],"picked":"After Image","floor":5},{"not_picked":["Masterful Stab","Escape Plan"],"picked":"Deadly Poison","floor":6},{"not_picked":["Flechettes","Finisher"],"picked":"Deflect","floor":8},{"not_picked":["Dash","Masterful Stab","Flechettes"],"picked":"SKIP","floor":12},{"not_picked":["Quick Slash","Sucker Punch"],"picked":"Bane","floor":14},{"not_picked":["Glass Knife","Phantasmal Killer"],"picked":"Die Die Die","floor":16},{"not_picked":["Backflip","Slice+1"],"picked":"Acrobatics","floor":18},{"not_picked":["Deflect","Flying Knee","Dodge and Roll"],"picked":"SKIP","floor":19},{"not_picked":["Sucker Punch","Cloak And Dagger+1"],"picked":"Footwork","floor":21},{"not_picked":["Setup","Heel Hook"],"picked":"Escape Plan","floor":22},{"not_picked":["Crippling Poison","Acrobatics"],"picked":"Adrenaline","floor":24},{"not_picked":["Dagger Spray","Predator+1","Flying Knee"],"picked":"SKIP","floor":27},{"not_picked":["Concentrate","Blade Dance"],"picked":"Footwork","floor":30},{"not_picked":["After Image","Bullet Time"],"picked":"Grand Finale","floor":33},{"not_picked":["Poisoned Stab+1","Dodge and Roll+1","Dagger Throw+1"],"picked":"SKIP","floor":35},{"not_picked":["Deadly Poison+1","Dodge and Roll+1","Dagger Throw"],"picked":"SKIP","floor":36},{"not_picked":["Poisoned Stab+1","Slice+1"],"picked":"Well Laid Plans","floor":37},{"not_picked":["Phantasmal Killer","Cloak And Dagger"],"picked":"Acrobatics","floor":41},{"not_picked":["Outmaneuver+1","Poisoned Stab"],"picked":"Expertise+1","floor":42},{"not_picked":["Deflect+1","Bane","Dagger Throw"],"picked":"SKIP","floor":47}],"player_experience":786375,"relics_obtained":[{"floor":6,"key":"The Specimen"},{"floor":8,"key":"Dream Catcher"},{"floor":9,"key":"Happy Flower"},{"floor":24,"key":"Regal Pillow"},{"floor":26,"key":"Orichalcum"},{"floor":27,"key":"Pen Nib"},{"floor":30,"key":"Du-Vu Doll"},{"floor":30,"key":"Ninja Scroll"},{"floor":39,"key":"Thread and Needle"},{"floor":43,"key":"Bottled Tornado"}],"event_choices":[{"cards_removed":["Strike_G"],"damage_healed":0,"gold_gain":0,"player_choice":"Forget","damage_taken":0,"max_hp_gain":0,"max_hp_loss":0,"event_name":"Living Wall","floor":3,"gold_loss":0},{"damage_healed":0,"gold_gain":0,"player_choice":"Success","damage_taken":7,"relics_obtained":["Potion Belt"],"max_hp_gain":0,"max_hp_loss":0,"event_name":"Scrap Ooze","floor":10,"gold_loss":0},{"damage_healed":0,"gold_gain":0,"player_choice":"Read","damage_taken":0,"max_hp_gain":0,"max_hp_loss":0,"event_name":"The Library","floor":20,"gold_loss":0,"cards_obtained":["Noxious Fumes"]},{"damage_healed":0,"gold_gain":0,"player_choice":"Fight","damage_taken":0,"max_hp_gain":0,"max_hp_loss":0,"event_name":"Colosseum","floor":30,"gold_loss":0},{"damage_healed":0,"gold_gain":0,"player_choice":"Fought Nobs","damage_taken":0,"max_hp_gain":0,"max_hp_loss":0,"event_name":"Colosseum","floor":30,"gold_loss":0},{"damage_healed":0,"gold_gain":0,"player_choice":"Gave Potion","damage_taken":0,"relics_obtained":["Bronze Scales"],"max_hp_gain":0,"max_hp_loss":0,"event_name":"WeMeetAgain","floor":31,"gold_loss":0},{"damage_healed":0,"gold_gain":0,"player_choice":"Fight","damage_taken":0,"max_hp_gain":0,"max_hp_loss":0,"event_name":"MindBloom","floor":39,"gold_loss":0},{"damage_healed":25,"gold_gain":0,"player_choice":"Full Heal","damage_taken":0,"max_hp_gain":0,"max_hp_loss":0,"event_name":"Wheel of Change","floor":45,"gold_loss":0},{"damage_healed":0,"gold_gain":0,"player_choice":"Paid","damage_taken":0,"relics_obtained":["Red Mask"],"max_hp_gain":0,"max_hp_loss":0,"event_name":"Tomb of Lord Red Mask","floor":48,"gold_loss":50}],"is_beta":false,"boss_relics":[{"not_picked":["Cursed Key","Busted Crown"],"picked":"Coffee Dripper"},{"not_picked":["WristBlade","Astrolabe"],"picked":"Empty Cage"}],"items_purged_floors":[38,46],"is_endless":false,"potions_floor_spawned":[1,5,16,18,21,22,30,33,35,36,39,42],"ascension_level":0}