{"gold_per_floor":[110,128,148,162,177,204,214,214,292,292,303,303,303,322,322,425,425,437,451,451,451,551,551,37,72,72,90,90,109,109,121,121,121],"floor_reached":33,"playtime":1007,"items_purged":["Anger"],"score":271,"play_id":"cea18378-f6db-4942-a9ad-f3ca477b45a5","local_time":"20181204145819","is_ascension_mode":false,"campfire_choices":[{"data":"Searing Blow","floor":10,"key":"SMITH"},{"data":"Searing Blow+1","floor":12,"key":"SMITH"},{"data":"Searing Blow+2","floor":15,"key":"SMITH"},{"data":"Searing Blow+3","floor":23,"key":"SMITH"},{"data":"Searing Blow+4","floor":30,"key":"SMITH"},{"data":"Searing Blow+5","floor":32,"key":"SMITH"}],"neow_cost":"PERCENT_DAMAGE","seed_source_timestamp":267920299442901,"circlet_count":0,"master_deck":["Strike_R+1","Strike_R","Strike_R","Strike_R","Defend_R+1","Defend_R","Defend_R","Defend_R","Bash","Sword Boomerang","Headbutt","Battle Trance","Searing Blow+6","Second Wind","Thunderclap","True Grit","Offering","Shrug It Off","Seeing Red","Twin Strike","Metallicize+1"],"relics":["Burning Blood","Incense Burner","Dream Catcher","Ornamental Fan","Philosopher\u0027s Stone","MutagenicStrength","Juzu Bracelet","Torii","Pantograph"],"potions_floor_usage":[5,7,33],"damage_taken":[{"damage":6,"enemies":"Jaw Worm","floor":1,"turns":6},{"damage":0,"enemies":"2 Louse","floor":2,"turns":3},{"damage":6,"enemies":"Small Slimes","floor":3,"turns":3},{"damage":19,"enemies":"Blue Slaver","floor":4,"turns":4},{"damage":11,"enemies":"Large Slime","floor":5,"turns":6},{"damage":7,"enemies":"Gremlin Nob","floor":6,"turns":4},{"damage":23,"enemies":"Gremlin Gang","floor":7,"turns":4},{"damage":8,"enemies":"Lots of Slimes","floor":11,"turns":4},{"damage":1,"enemies":"2 Fungi Beasts","floor":14,"turns":3},{"damage":34,"enemies":"The Guardian","floor":16,"turns":11},{"damage":8,"enemies":"3 Byrds","floor":18,"turns":4},{"damage":7,"enemies":"Chosen","floor":19,"turns":2},{"damage":46,"enemies":"Book of Stabbing","floor":25,"turns":5},{"damage":26,"enemies":"Snake Plant","floor":27,"turns":4},{"damage":7,"enemies":"Cultist and Chosen","floor":29,"turns":3},{"damage":0,"enemies":"Centurion and Healer","floor":31,"turns":4},{"damage":55,"enemies":"Champ","floor":33,"turns":7}],"seed_played":"-8371722489435314518","potions_obtained":[{"floor":4,"key":"SpeedPotion"},{"floor":5,"key":"Fruit Juice"},{"floor":6,"key":"BloodPotion"},{"floor":18,"key":"Strength Potion"},{"floor":27,"key":"SkillPotion"}],"is_trial":false,"path_per_floor":["M","M","M","M","M","E","M","?","T","R","M","R","?","M","R","B",null,"M","M","?","?","?","R","$","E","T","M","?","M","R","M","R","B"],"character_chosen":"IRONCLAD","items_purchased":["Juzu Bracelet","Torii"],"campfire_rested":0,"item_purchase_floors":[24,24],"current_hp_per_floor":[56,62,62,49,49,48,39,22,22,22,20,20,48,53,53,25,85,83,82,82,82,82,82,82,42,42,22,22,21,21,27,27,0],"gold":121,"neow_bonus":"ONE_RARE_RELIC","is_prod":false,"is_daily":false,"chose_seed":false,"campfire_upgraded":6,"win_rate":0,"timestamp":1543903099,"path_taken":["M","M","M","M","M","E","M","?","T","R","M","R","?","M","R","BOSS","M","M","?","?","?","R","$","E","T","M","?","M","R","M","R","BOSS"],"build_version":"2018-11-15","purchased_purges":1,"victory":false,"max_hp_per_floor":[80,80,80,80,85,85,85,85,85,85,85,85,85,85,85,85,85,85,85,85,85,85,85,85,85,85,85,85,85,85,85,85,85],"card_choices":[{"not_picked":["Havoc","Combust"],"picked":"Anger","floor":1},{"not_picked":["Sever Soul","Power Through"],"picked":"Sword Boomerang","floor":2},{"not_picked":["Havoc","Pommel Strike"],"picked":"Headbutt","floor":3},{"not_picked":["Metallicize","True Grit"],"picked":"Battle Trance","floor":4},{"not_picked":["Rage","Havoc"],"picked":"Searing Blow","floor":5},{"not_picked":["Clothesline","Disarm"],"picked":"Second Wind","floor":6},{"not_picked":["Havoc","Rampage"],"picked":"Thunderclap","floor":7},{"not_picked":["Berserk","Blood for Blood","Evolve"],"picked":"SKIP","floor":11},{"not_picked":["Fire Breathing","Battle Trance"],"picked":"True Grit","floor":14},{"not_picked":["Impervious","Berserk"],"picked":"Offering","floor":16},{"not_picked":["Thunderclap","Intimidate","Rampage"],"picked":"SKIP","floor":18},{"not_picked":["Armaments","Flex"],"picked":"Shrug It Off","floor":19},{"not_picked":["Sever Soul+1","Heavy Blade","Pommel Strike"],"picked":"SKIP","floor":25},{"not_picked":["Iron Wave+1","Rage","Heavy Blade+1"],"picked":"SKIP","floor":27},{"not_picked":["Burning Pact","Uppercut"],"picked":"Metallicize+1","floor":29},{"not_picked":["True Grit","Thunderclap","Clothesline"],"picked":"SKIP","floor":31}],"player_experience":740757,"relics_obtained":[{"floor":6,"key":"Dream Catcher"},{"floor":9,"key":"Ornamental Fan"},{"floor":25,"key":"Pantograph"}],"event_choices":[{"damage_healed":0,"gold_gain":0,"player_choice":"Entered Light","damage_taken":17,"max_hp_gain":0,"max_hp_loss":0,"event_name":"Shining Light","floor":8,"gold_loss":0,"cards_upgraded":["Strike_R","Defend_R"]},{"damage_healed":28,"gold_gain":0,"player_choice":"Banana","damage_taken":0,"max_hp_gain":0,"max_hp_loss":0,"event_name":"Big Fish","floor":13,"gold_loss":0},{"damage_healed":0,"gold_gain":0,"player_choice":"Read","damage_taken":0,"max_hp_gain":0,"max_hp_loss":0,"event_name":"The Library","floor":20,"gold_loss":0,"cards_obtained":["Seeing Red"]},{"damage_healed":0,"gold_gain":0,"player_choice":"Inject Mutagens","damage_taken":0,"relics_obtained":["MutagenicStrength"],"max_hp_gain":0,"max_hp_loss":0,"event_name":"Drug Dealer","floor":21,"gold_loss":0},{"damage_healed":0,"gold_gain":100,"player_choice":"Pray","damage_taken":0,"max_hp_gain":0,"max_hp_loss":0,"event_name":"Golden Shrine","floor":22,"gold_loss":0},{"damage_healed":0,"gold_gain":0,"cards_transformed":["Strike_R"],"player_choice":"Transformed","damage_taken":0,"max_hp_gain":0,"max_hp_loss":0,"event_name":"Transmorgrifier","floor":28,"gold_loss":0,"cards_obtained":["Twin Strike"]}],"is_beta":false,"boss_relics":[{"not_picked":["Pandora\u0027s Box","Lizard Tail"],"picked":"Philosopher\u0027s Stone"}],"items_purged_floors":[24],"is_endless":false,"potions_floor_spawned":[4,5,6,18,27],"killed_by":"Champ","ascension_level":0}