{"gold_per_floor":[113,130,144,144,159,191,40,40,40,68,18,18,18,52,52,130,130,144,38,38,55,55],"floor_reached":22,"playtime":1593,"items_purged":["Strike_B","Strike_B"],"score":429,"play_id":"4cc9ba66-828c-438d-b7b3-a60b64fea65b","local_time":"20190303224029","is_ascension_mode":true,"campfire_choices":[{"floor":12,"key":"REST"},{"data":"Doom and Gloom","floor":15,"key":"SMITH"}],"neow_cost":"NONE","seed_source_timestamp":119679767581700,"circlet_count":0,"master_deck":["AscendersBane","Strike_B","Strike_B","Defend_B","Defend_B","Defend_B","Defend_B","Zap+1","Dualcast","Ball Lightning","Ball Lightning","Rebound","Hello World","Self Repair","Doom and Gloom+1","Sweeping Beam","Loop","Loop","Thunder Strike","Cold Snap","Cold Snap"],"relics":["Cracked Core","Dream Catcher","Smiling Mask","Shuriken","Mango","Inserter","Kunai"],"potions_floor_usage":[5,6,16,22],"damage_taken":[{"damage":7,"enemies":"Small Slimes","floor":1,"turns":3},{"damage":1,"enemies":"Cultist","floor":2,"turns":3},{"damage":1,"enemies":"2 Louse","floor":3,"turns":2},{"damage":13,"enemies":"Lots of Slimes","floor":5,"turns":4},{"damage":8,"enemies":"Gremlin Nob","floor":6,"turns":3},{"damage":30,"enemies":"3 Sentries","floor":10,"turns":5},{"damage":8,"enemies":"Gremlin Nob","floor":14,"turns":3},{"damage":60,"enemies":"Hexaghost","floor":16,"turns":7},{"damage":19,"enemies":"Spheric Guardian","floor":18,"turns":4},{"damage":56,"enemies":"3 Byrds","floor":21,"turns":5},{"damage":20,"enemies":"Colosseum Slavers","floor":22,"turns":2}],"seed_played":"2329149513007915506","potions_obtained":[{"floor":1,"key":"Poison Potion"},{"floor":2,"key":"Dexterity Potion"},{"floor":14,"key":"LiquidBronze"},{"floor":16,"key":"Ancient Potion"}],"is_trial":false,"path_per_floor":["M","M","M","?","M","E","$","?","T","E","$","R","?","E","R","B",null,"M","$","T","M","?"],"character_chosen":"DEFECT","items_purchased":["Self Repair","Doom and Gloom","Cold Snap"],"campfire_rested":1,"item_purchase_floors":[7,7,19],"current_hp_per_floor":[64,63,62,62,49,41,41,41,41,18,18,41,78,84,84,31,77,65,65,65,16,0],"gold":55,"neow_bonus":"TEN_PERCENT_HP_BONUS","is_prod":false,"is_daily":false,"chose_seed":false,"campfire_upgraded":1,"win_rate":0,"timestamp":1551649229,"path_taken":["M","M","M","?","?","E","$","?","T","E","$","R","?","E","R","BOSS","M","$","?","M","?"],"build_version":"2019-02-06","purchased_purges":2,"victory":false,"max_hp_per_floor":[78,78,78,78,78,78,78,78,78,78,78,78,78,92,92,92,92,92,92,92,92,92],"card_choices":[{"not_picked":["Force Field","Darkness","Steam Power"],"picked":"SKIP","floor":1},{"not_picked":["Leap","Beam Cell"],"picked":"Ball Lightning","floor":2},{"not_picked":["Darkness","Redo","Steam"],"picked":"SKIP","floor":3},{"not_picked":["Turbo","Compile Driver"],"picked":"Rebound","floor":5},{"not_picked":["Fission","Streamline"],"picked":"Hello World","floor":6},{"not_picked":["Double Energy","Compile Driver"],"picked":"Sweeping Beam","floor":10},{"not_picked":["Steam","Self Repair"],"picked":"Loop","floor":12},{"not_picked":["Sweeping Beam","Gash"],"picked":"Loop","floor":14},{"not_picked":["Hyperbeam","Fission"],"picked":"Thunder Strike","floor":16},{"not_picked":["Gash","Compile Driver","Barrage"],"picked":"SKIP","floor":18},{"not_picked":["Aggregate","Auto Shields"],"picked":"Cold Snap","floor":21}],"player_experience":1303634,"relics_obtained":[{"floor":6,"key":"Dream Catcher"},{"floor":9,"key":"Smiling Mask"},{"floor":10,"key":"Shuriken"},{"floor":14,"key":"Mango"},{"floor":20,"key":"Kunai"}],"event_choices":[{"damage_healed":0,"gold_gain":0,"player_choice":"1 cards matched","damage_taken":0,"max_hp_gain":0,"max_hp_loss":0,"event_name":"Match and Keep!","floor":4,"gold_loss":0,"cards_obtained":["Ball Lightning"]},{"damage_healed":0,"gold_gain":0,"player_choice":"Grow","damage_taken":0,"max_hp_gain":0,"max_hp_loss":0,"event_name":"Living Wall","floor":8,"gold_loss":0,"cards_upgraded":["Zap"]},{"damage_healed":37,"gold_gain":0,"player_choice":"Full Heal","damage_taken":0,"max_hp_gain":0,"max_hp_loss":0,"event_name":"Wheel of Change","floor":13,"gold_loss":0},{"damage_healed":0,"gold_gain":0,"player_choice":"Fight","damage_taken":0,"max_hp_gain":0,"max_hp_loss":0,"event_name":"Colosseum","floor":22,"gold_loss":0}],"is_beta":true,"boss_relics":[{"not_picked":["Philosopher\u0027s Stone","Runic Pyramid"],"picked":"Inserter"}],"items_purged_floors":[11,19],"is_endless":false,"potions_floor_spawned":[1,2,14,16],"killed_by":"Colosseum Slavers","ascension_level":20}