{"gold_per_floor":[209,223,72,86,105,140,156,175,175,175],"floor_reached":10,"playtime":384,"items_purged":["Strike_B"],"score":130,"play_id":"9caa6736-e96a-42ff-92e3-4e27347dfd70","local_time":"20190219210948","is_ascension_mode":true,"campfire_choices":[],"neow_cost":"NONE","seed_source_timestamp":167953611261598,"circlet_count":0,"master_deck":["AscendersBane","Strike_B","Strike_B","Strike_B","Defend_B","Defend_B","Defend_B","Defend_B","Zap","Dualcast","Streamline","Cold Snap","Genetic Algorithm","Thunder Strike","Steam","Tempest","Ball Lightning","Machine Learning"],"special_seed":0,"relics":["Cracked Core","Incense Burner","The Courier"],"potions_floor_usage":[10,10],"damage_taken":[{"damage":12.0,"enemies":"Small Slimes","floor":1.0,"turns":3.0},{"damage":1.0,"enemies":"Cultist","floor":2.0,"turns":3.0},{"damage":0.0,"enemies":"2 Louse","floor":4.0,"turns":2.0},{"damage":15.0,"enemies":"Red Slaver","floor":5.0,"turns":4.0},{"damage":22.0,"enemies":"Lagavulin","floor":6.0,"turns":6.0},{"damage":1.0,"enemies":"Large Slime","floor":7.0,"turns":5.0},{"damage":0.0,"enemies":"Looter","floor":8.0,"turns":2.0},{"damage":18,"enemies":"3 Sentries","floor":10,"turns":2}],"seed_played":"5788735041853019182","potions_obtained":[{"floor":2.0,"key":"Strength Potion"},{"floor":6.0,"key":"Energy Potion"},{"floor":8.0,"key":"SteroidPotion"}],"is_trial":false,"path_per_floor":["M","M","$","M","M","E","M","M","T","E"],"character_chosen":"DEFECT","items_purchased":["Genetic Algorithm"],"campfire_rested":0,"item_purchase_floors":[3],"current_hp_per_floor":[52,51,51,51,36,14,13,13,13,0],"gold":175,"neow_bonus":"HUNDRED_GOLD","is_prod":false,"is_daily":false,"chose_seed":false,"campfire_upgraded":0,"win_rate":0,"timestamp":1550628588,"path_taken":["M","M","$","M","M","E","M","M","T","E"],"build_version":"2019-01-23","purchased_purges":1,"victory":false,"max_hp_per_floor":[71,71,71,71,71,71,71,71,71,71],"card_choices":[{"not_picked":["Conserve Battery","Chaos"],"picked":"Streamline","floor":1.0},{"not_picked":["Scrape","Coolheaded"],"picked":"Cold Snap","floor":2.0},{"not_picked":["Coolheaded","Cold Snap"],"picked":"Thunder Strike","floor":4.0},{"not_picked":["Go for the Eyes","Compile Driver"],"picked":"Steam","floor":5.0},{"not_picked":["Rebound","Steam Power"],"picked":"Tempest","floor":6.0},{"not_picked":["Sweeping Beam","Cold Snap"],"picked":"Ball Lightning","floor":7.0},{"not_picked":["Cold Snap","Blizzard"],"picked":"Machine Learning","floor":8.0}],"player_experience":513208,"relics_obtained":[{"floor":6.0,"key":"Incense Burner"},{"floor":9.0,"key":"The Courier"}],"event_choices":[],"is_beta":false,"boss_relics":[],"items_purged_floors":[3],"is_endless":false,"potions_floor_spawned":[2,6,8],"killed_by":"3 Sentries","ascension_level":16}