{"gold_per_floor":[119,130,144,157,167,198,198,211,211,226,46,46,87,7,7,136,136,151,151,151,165,165,165,165,188,188,188],"floor_reached":27,"playtime":1574,"items_purged":[],"score":225,"play_id":"6ed67ab5-773b-4020-a483-4bdfa427963a","local_time":"20190107182112","is_ascension_mode":false,"campfire_choices":[{"floor":7,"key":"REST"},{"floor":15,"key":"REST"},{"data":"Defragment","floor":23,"key":"SMITH"}],"neow_cost":"NONE","seed_source_timestamp":1532319872877877,"circlet_count":0,"master_deck":["Strike_B","Strike_B","Strike_B","Defend_B","Defend_B","Defend_B","Defend_B","Zap","Dualcast","Compile Driver","Consume","Chaos","Ball Lightning","FTL","Redo","Doom and Gloom","Defragment+1","Glacier","Capacitor","Injury","Stack","Doom and Gloom","Go for the Eyes","Hello World+1","Conserve Battery"],"relics":["Cracked Core","Juzu Bracelet","Ancient Tea Set","Blood Vial","Golden Idol","Happy Flower","Inserter","Enchiridion","Gremlin Horn"],"potions_floor_usage":[6,16,27,27,27],"damage_taken":[{"damage":1,"enemies":"Cultist","floor":1,"turns":3},{"damage":1,"enemies":"2 Louse","floor":2,"turns":2},{"damage":20,"enemies":"Small Slimes","floor":3,"turns":4},{"damage":4,"enemies":"Blue Slaver","floor":4,"turns":3},{"damage":1,"enemies":"2 Fungi Beasts","floor":5,"turns":3},{"damage":10,"enemies":"Gremlin Nob","floor":6,"turns":3},{"damage":19,"enemies":"Exordium Wildlife","floor":8,"turns":5},{"damage":17,"enemies":"3 Louse","floor":10,"turns":3},{"damage":31,"enemies":"Lagavulin","floor":13,"turns":5},{"damage":4,"enemies":"Slime Boss","floor":16,"turns":8},{"damage":22,"enemies":"Shell Parasite","floor":18,"turns":7},{"damage":30,"enemies":"2 Thieves","floor":21,"turns":4},{"damage":38,"enemies":"3 Cultists","floor":25,"turns":4},{"damage":8,"enemies":"Centurion and Healer","floor":27,"turns":1}],"seed_played":"2541575133472735581","potions_obtained":[{"floor":2,"key":"Dexterity Potion"},{"floor":3,"key":"Poison Potion"},{"floor":4,"key":"Regen Potion"},{"floor":8,"key":"LiquidBronze"},{"floor":16,"key":"Swift Potion"},{"floor":21,"key":"PowerPotion"}],"is_trial":false,"path_per_floor":["M","M","M","M","M","E","R","M","T","M","$","?","E","$","R","B",null,"M","?","?","M","?","R","?","M","T","M"],"character_chosen":"DEFECT","items_purchased":["Capacitor","Blood Vial","Doom and Gloom"],"campfire_rested":2,"item_purchase_floors":[11,11,14],"current_hp_per_floor":[74,73,53,49,48,47,69,50,50,33,33,33,4,4,26,24,75,53,53,85,55,55,55,39,3,3,0],"gold":188,"neow_bonus":"TRANSFORM_CARD","is_prod":false,"is_daily":false,"chose_seed":false,"campfire_upgraded":1,"win_rate":0.0,"timestamp":1546903272,"path_taken":["M","M","M","?","M","E","R","M","T","M","$","?","E","$","R","BOSS","M","?","?","M","?","R","?","M","T","M"],"build_version":"2019-01-03v4","purchased_purges":0,"victory":false,"max_hp_per_floor":[75,75,75,75,75,75,75,75,75,75,75,75,75,75,75,75,75,75,75,85,85,85,85,85,85,85,85],"card_choices":[{"not_picked":["Steam","Lockon"],"picked":"Consume","floor":1},{"not_picked":["Gash","Stack"],"picked":"Chaos","floor":2},{"not_picked":["Reinforced Body","Hologram"],"picked":"Ball Lightning","floor":3},{"not_picked":["Go for the Eyes","White Noise"],"picked":"FTL","floor":4},{"not_picked":["Consume","BootSequence"],"picked":"Redo","floor":5},{"not_picked":["Rebound","Genetic Algorithm"],"picked":"Doom and Gloom","floor":6},{"not_picked":["Buffer","Gash"],"picked":"Defragment","floor":8},{"not_picked":["Go for the Eyes","Barrage"],"picked":"Glacier","floor":10},{"not_picked":["Steam","Genetic Algorithm"],"picked":"Stack","floor":13},{"not_picked":["Creative AI","Fission"],"picked":"Amplify","floor":16},{"not_picked":["Capacitor","Barrage"],"picked":"Go for the Eyes","floor":18},{"not_picked":["Hologram","Lockon"],"picked":"Hello World+1","floor":21},{"not_picked":["Ball Lightning","Gash"],"picked":"Conserve Battery","floor":25}],"player_experience":41021,"relics_obtained":[{"floor":6,"key":"Juzu Bracelet"},{"floor":9,"key":"Ancient Tea Set"},{"floor":13,"key":"Happy Flower"},{"floor":24,"key":"Enchiridion"},{"floor":26,"key":"Gremlin Horn"}],"event_choices":[{"damage_healed":0,"gold_gain":0,"player_choice":"Take Wound","damage_taken":0,"relics_obtained":["Golden Idol"],"max_hp_gain":0,"max_hp_loss":0,"event_name":"Golden Idol","floor":12,"gold_loss":0,"cards_obtained":["Injury"]},{"damage_healed":0,"gold_gain":0,"player_choice":"Ignored","damage_taken":0,"max_hp_gain":0,"max_hp_loss":0,"event_name":"Beggar","floor":19,"gold_loss":0},{"cards_removed":["Amplify"],"damage_healed":22,"gold_gain":0,"player_choice":"Offered Rare","damage_taken":0,"max_hp_gain":10,"max_hp_loss":0,"event_name":"Bonfire Elementals","floor":20,"gold_loss":0},{"damage_healed":0,"gold_gain":0,"player_choice":"Ignored","damage_taken":0,"max_hp_gain":0,"max_hp_loss":0,"event_name":"Ghosts","floor":22,"gold_loss":0},{"damage_healed":0,"gold_gain":0,"player_choice":"Obtained Book","damage_taken":16,"max_hp_gain":0,"max_hp_loss":0,"event_name":"Cursed Tome","floor":24,"gold_loss":0}],"is_beta":false,"boss_relics":[{"not_picked":["Lizard Tail","Cursed Key"],"picked":"Inserter"}],"items_purged_floors":[],"is_endless":false,"potions_floor_spawned":[2,3,4,8,10,16,18,21],"killed_by":"Centurion and Healer","ascension_level":0}