{"path_per_floor":["M","?","$","M","?","R","M","M","T","T","R","M","R","$","R","B",null,"M","M","?","$","?","R","M","R","T","M","R","M","?","$","R"],"character_chosen":"DEFECT","items_purchased":["Ball Lightning","Bronze Scales","Jack Of All Trades"],"gold_per_floor":[112,62,62,73,73,73,85,104,128,155,155,175,175,151,151,253,253,267,286,286,140,140,140,159,159,212,224,224,240,271,169,169,169],"floor_reached":33,"campfire_rested":3,"playtime":1253,"current_hp_per_floor":[71,71,71,69,69,69,68,68,68,68,68,68,68,68,68,68,75,62,41,41,41,41,75,62,62,62,38,75,54,46,46,75,0],"items_purged":[],"gold":169,"score":285,"play_id":"db4a47d6-ed74-4a84-8f8f-0e69576bf548","local_time":"20180506201838","is_prod":false,"is_daily":false,"chose_seed":false,"is_ascension_mode":false,"campfire_upgraded":5,"timestamp":1525601918,"path_taken":["M","?","?","M","?","R","M","?","T","?","R","M","R","$","R","BOSS","M","M","?","$","?","R","M","R","T","M","R","M","?","$","R","BOSS"],"build_version":"2018-05-03","seed_source_timestamp":3963394341159,"purchased_purges":0,"victory":false,"master_deck":["Strike_B","Strike_B","Strike_B","Strike_B","Defend_B","Defend_B","Defend_B","Zap+1","Dualcast","Streamline+1","Impulse","Streamline+1","Cold Snap+1","Ball Lightning","Redo+1","Streamline","Gash","Auto Shields","Ball Lightning+1","Beam Cell+1","Undo+1","Jack Of All Trades"],"max_hp_per_floor":[75,75,75,75,75,75,75,75,75,75,75,75,75,75,75,75,75,75,75,75,75,75,75,75,75,75,75,75,75,75,75,75,75],"relics":["Cracked Core","Regal Pillow","Juzu Bracelet","Nuclear Battery","Bronze Scales","Omamori","Red Mask"],"card_choices":[{"not_picked":["Rebound","Glacier"],"picked":"Streamline","floor":1},{"not_picked":["Capacitor","Cold Snap"],"picked":"Impulse","floor":4},{"not_picked":["Rebound","Leap"],"picked":"Streamline","floor":7},{"not_picked":["Double Energy","Capacitor"],"picked":"Go for the Eyes","floor":8},{"not_picked":["Skim","Capacitor"],"picked":"Cold Snap","floor":12},{"not_picked":["Echo Form","Amplify"],"picked":"Redo","floor":16},{"not_picked":["Stack","Ball Lightning"],"picked":"Streamline","floor":18},{"not_picked":["Impulse","Consume"],"picked":"Gash","floor":19},{"not_picked":["Buffer","Hello World"],"picked":"Ball Lightning","floor":24},{"not_picked":["Streamline","Rebound"],"picked":"Beam Cell","floor":27},{"not_picked":["Go for the Eyes","Melter"],"picked":"Undo","floor":30}],"player_experience":160057,"potions_floor_usage":[8,16,16,16,18,29,33],"damage_taken":[{"damage":4,"enemies":"Small Slimes","floor":1,"turns":3},{"damage":2,"enemies":"2 Louse","floor":4,"turns":2},{"damage":1,"enemies":"Cultist","floor":7,"turns":3},{"damage":0,"enemies":"Exordium Thugs","floor":8,"turns":4},{"damage":0,"enemies":"Large Slime","floor":12,"turns":4},{"damage":0,"enemies":"Slime Boss","floor":16,"turns":6},{"damage":13,"enemies":"Shell Parasite","floor":18,"turns":4},{"damage":21,"enemies":"3 Byrds","floor":19,"turns":5},{"damage":13,"enemies":"3 Cultists","floor":24,"turns":4},{"damage":24,"enemies":"Sentry and Sphere","floor":27,"turns":4},{"damage":21,"enemies":"Centurion and Healer","floor":29,"turns":4},{"damage":8,"enemies":"Masked Bandits","floor":30,"turns":3},{"damage":93,"enemies":"Automaton","floor":33,"turns":6}],"event_choices":[{"event_name":"The Cleric","player_choice":"Card Removal","floor":2,"damage_taken":0},{"event_name":"The Lab","player_choice":"Got Potions","floor":5,"damage_taken":0},{"event_name":"Transmorgrifier","player_choice":"Transform","floor":20,"damage_taken":0},{"event_name":"Drug Dealer","player_choice":"Ignored","floor":22,"damage_taken":0},{"event_name":"Masked Bandits","player_choice":"Fought over 240 gold","floor":30,"damage_taken":0}],"boss_relics":[{"not_picked":["Eternal Feather","Sozu"],"picked":"Nuclear Battery"}],"potions_floor_spawned":[4,7,12,16,18,30],"seed_played":"-8425538338814268436","killed_by":"Automaton","ascension_level":0,"is_trial":false}