{"path_per_floor":["M","?","M","?","M","E","R","E","T","?","$","M","R","E","R","B",null,"M","?","?","?","M","R","?","E","T","R","M","?","M","$","R"],"character_chosen":"DEFECT","items_purchased":["Apotheosis","Capacitor","Capacitor"],"gold_per_floor":[114,114,130,130,148,173,173,204,230,230,155,174,174,199,199,301,301,315,315,315,315,325,325,350,384,410,410,430,430,447,207,207,207],"floor_reached":33,"campfire_rested":1,"playtime":1150,"current_hp_per_floor":[74,67,60,60,60,35,35,14,14,39,39,32,32,24,24,8,79,81,66,66,66,56,56,54,1,1,43,25,25,27,27,27,0],"items_purged":["Strike_B"],"gold":207,"score":334,"play_id":"2a8ddd86-c716-4dde-9e9e-99dd6f348fb1","local_time":"20180507201125","is_prod":false,"is_daily":false,"chose_seed":false,"is_ascension_mode":true,"campfire_upgraded":5,"timestamp":1525691485,"path_taken":["M","?","?","?","M","E","R","E","T","?","$","M","R","E","R","BOSS","M","?","?","?","M","R","?","E","T","R","M","?","?","?","R","BOSS"],"build_version":"2018-05-03","seed_source_timestamp":457925467234183,"purchased_purges":2,"victory":false,"master_deck":["Zap+1","Dualcast+1","Streamline+1","Consume","Defragment+1","Beam Cell","Seek","Seek","Hologram+1","Ball Lightning","Buffer","Leap","Gash","Leap","Coolheaded","Leap","Apotheosis+1","Capacitor","Capacitor"],"max_hp_per_floor":[75,75,75,75,75,77,77,77,77,77,77,79,79,79,79,79,79,81,86,86,86,88,88,90,90,90,90,90,90,92,92,92,92],"relics":["Cracked Core","Singing Bowl","Regal Pillow","War Paint","The Courier","Pandora\u0027s Box","Red Mask","Shovel","Bronze Scales"],"card_choices":[{"not_picked":["Leap","Hologram"],"picked":"Streamline","floor":1},{"not_picked":["Go for the Eyes","Prime"],"picked":"Consume","floor":3},{"not_picked":["Impulse","Storm"],"picked":"Defragment","floor":5},{"not_picked":["Sweeping Beam","Barrage"],"picked":"Beam Cell","floor":8},{"not_picked":["Leap","Go for the Eyes"],"picked":"Seek","floor":14},{"not_picked":["Multi-Cast","All For One"],"picked":"Seek","floor":16},{"not_picked":["Rip and Tear","Turbo"],"picked":"Leap","floor":25},{"not_picked":["Beam Cell","Turbo"],"picked":"Coolheaded","floor":28}],"player_experience":477967,"potions_floor_usage":[12,16,33,33],"damage_taken":[{"damage":1,"enemies":"2 Louse","floor":1,"turns":2},{"damage":7,"enemies":"Small Slimes","floor":3,"turns":4},{"damage":0,"enemies":"Cultist","floor":5,"turns":2},{"damage":27,"enemies":"Gremlin Nob","floor":6,"turns":4},{"damage":21,"enemies":"Lagavulin","floor":8,"turns":5},{"damage":9,"enemies":"Gremlin Gang","floor":12,"turns":4},{"damage":8,"enemies":"3 Sentries","floor":14,"turns":6},{"damage":16,"enemies":"Hexaghost","floor":16,"turns":7},{"damage":0,"enemies":"Chosen","floor":18,"turns":3},{"damage":12,"enemies":"3 Byrds","floor":22,"turns":3},{"damage":4,"enemies":"가면 도적단","floor":24,"turns":3},{"damage":53,"enemies":"Book of Stabbing","floor":25,"turns":5},{"damage":18,"enemies":"Snake Plant","floor":28,"turns":3},{"damage":0,"enemies":"Centurion and Healer","floor":30,"turns":7},{"damage":61,"enemies":"Automaton","floor":33,"turns":6}],"event_choices":[{"event_name":"Golden Wing","player_choice":"Card Removal","floor":2,"damage_taken":0},{"event_name":"Living Wall","player_choice":"Grow","floor":4,"damage_taken":0},{"event_name":"Big Fish","player_choice":"Banana","floor":10,"damage_taken":0},{"event_name":"Forgotten Altar","player_choice":"Shed Blood","floor":19,"damage_taken":0},{"event_name":"Drug Dealer","player_choice":"Ignored","floor":20,"damage_taken":0},{"event_name":"Back to Basics","player_choice":"Elegance","floor":21,"damage_taken":0},{"event_name":"Masked Bandits","player_choice":"Fought over 325 gold","floor":24,"damage_taken":0},{"event_name":"Match and Keep!","player_choice":"1 cards matched","floor":29,"damage_taken":0}],"boss_relics":[{"not_picked":["Snecko Eye","Calling Bell"],"picked":"Pandora\u0027s Box"}],"potions_floor_spawned":[3,5,6,12,16,22,24,25],"seed_played":"7417182647072657978","killed_by":"Automaton","ascension_level":2,"is_trial":false}