{"gold_per_floor":[116,66,66,77,95,95,127,127,202,234,234,262,262,282,282,387,387,405,425,525,624,624,624,644,141,141,4,4,34,34,48,48,153,153,173,190,190,190,207,207,240,252],"floor_reached":42,"playtime":2979,"items_purged":["Strike_R","Strike_R"],"score":508,"play_id":"8ca33964-9546-478b-96a1-2ea12ddbd9be","local_time":"20190306103241","is_ascension_mode":true,"campfire_choices":[{"data":"Armaments","floor":6,"key":"SMITH"},{"floor":8,"key":"REST"},{"floor":11,"key":"REST"},{"floor":15,"key":"REST"},{"floor":23,"key":"REST"},{"floor":28,"key":"RECALL"},{"floor":30,"key":"REST"},{"data":"Metallicize","floor":32,"key":"SMITH"},{"data":"Juggernaut","floor":40,"key":"SMITH"}],"neow_cost":"NONE","seed_source_timestamp":414055032075350,"circlet_count":0,"master_deck":["Strike_R","Strike_R+1","Defend_R+1","Defend_R","Defend_R","Defend_R","Bash","Cleave","Combust","Armaments+1","Iron Wave","Juggernaut+1","Metallicize+1","Juggernaut","Shrug It Off","Metallicize","Rage","Juggernaut","Madness","Madness","Metallicize+1"],"relics":["Burning Blood","NeowsBlessing","Ancient Tea Set","Pocketwatch","Anchor","Philosopher\u0027s Stone","FossilizedHelix","Singing Bowl","Enchiridion","Bag of Marbles","Turnip","Molten Egg 2","Matryoshka","White Beast Statue","MawBank"],"potions_floor_usage":[12,16,16,20,33,33,39,41,42],"damage_taken":[{"damage":0,"enemies":"Jaw Worm","floor":1,"turns":1},{"damage":0,"enemies":"Small Slimes","floor":4,"turns":1},{"damage":0,"enemies":"Cultist","floor":5,"turns":1},{"damage":39,"enemies":"Lagavulin","floor":7,"turns":9},{"damage":35,"enemies":"3 Sentries","floor":10,"turns":6},{"damage":23,"enemies":"Lagavulin","floor":12,"turns":7},{"damage":8,"enemies":"Blue Slaver","floor":14,"turns":4},{"damage":35,"enemies":"The Guardian","floor":16,"turns":9},{"damage":14,"enemies":"Shell Parasite","floor":18,"turns":4},{"damage":9,"enemies":"3 Byrds","floor":19,"turns":3},{"damage":19,"enemies":"Colosseum Slavers","floor":20,"turns":4},{"damage":15,"enemies":"Colosseum Nobs","floor":20,"turns":4},{"damage":12,"enemies":"Snecko","floor":24,"turns":5},{"damage":24,"enemies":"Book of Stabbing","floor":29,"turns":5},{"damage":4,"enemies":"Cultist and Chosen","floor":31,"turns":4},{"damage":50,"enemies":"Automaton","floor":33,"turns":9},{"damage":11,"enemies":"Orb Walker","floor":35,"turns":4},{"damage":0,"enemies":"3 Shapes","floor":36,"turns":4},{"damage":15,"enemies":"Transient","floor":39,"turns":5},{"damage":63,"enemies":"Reptomancer","floor":41,"turns":5},{"damage":30,"enemies":"Writhing Mass","floor":42,"turns":1}],"seed_played":"-768125328967216024","potions_obtained":[{"floor":7,"key":"GamblersBrew"},{"floor":10,"key":"GamblersBrew"},{"floor":14,"key":"EssenceOfSteel"},{"floor":18,"key":"BloodPotion"},{"floor":24,"key":"Strength Potion"},{"floor":29,"key":"Block Potion"},{"floor":31,"key":"Strength Potion"},{"floor":35,"key":"FearPotion"},{"floor":36,"key":"Regen Potion"},{"floor":39,"key":"Energy Potion"},{"floor":41,"key":"Ancient Potion"}],"is_trial":false,"path_per_floor":["M","?","?","M","M","R","E","R","T","E","R","E","?","M","R","B",null,"M","M","?","?","?","R","M","$","T","$","R","E","R","M","R","B",null,"M","M","?","?","M","R","E","M"],"character_chosen":"IRONCLAD","items_purchased":["Bag of Marbles","Turnip","Metallicize"],"campfire_rested":5,"item_purchase_floors":[25,25,27],"current_hp_per_floor":[80,80,80,80,80,80,47,71,71,42,66,49,33,31,55,26,80,72,69,55,55,39,63,59,59,59,59,59,41,65,69,69,25,84,81,88,77,77,83,83,28,0],"gold":252,"neow_bonus":"THREE_ENEMY_KILL","is_prod":false,"is_daily":false,"chose_seed":false,"campfire_upgraded":3,"win_rate":0,"timestamp":1551879161,"path_taken":["M","?","?","?","M","R","E","R","T","E","R","E","?","M","R","BOSS","M","M","?","?","?","R","M","?","T","$","R","E","R","M","R","BOSS","M","M","?","?","?","R","E","M"],"build_version":"2019-01-23","purchased_purges":2,"victory":false,"max_hp_per_floor":[80,80,80,80,80,80,80,80,80,80,80,80,80,80,80,80,80,80,80,80,80,80,80,82,82,82,82,82,82,82,84,84,84,84,86,88,88,88,88,88,90,90],"card_choices":[{"not_picked":["Clash","Sword Boomerang"],"picked":"Cleave","floor":1},{"not_picked":["Headbutt","Clothesline","Cleave"],"picked":"SKIP","floor":4},{"not_picked":["Havoc","Battle Trance"],"picked":"Armaments","floor":5},{"not_picked":["Whirlwind","Cleave","Feel No Pain"],"picked":"SKIP","floor":7},{"not_picked":["Spot Weakness","Corruption"],"picked":"Iron Wave","floor":10},{"not_picked":["Clash","Fire Breathing"],"picked":"Juggernaut","floor":12},{"not_picked":["True Grit","Armaments"],"picked":"Metallicize","floor":14},{"not_picked":["Immolate","Dark Embrace"],"picked":"Juggernaut","floor":16},{"not_picked":["Reckless Charge","Twin Strike","Corruption+1"],"picked":"SKIP","floor":18},{"not_picked":["Burning Pact","Flex","Havoc"],"picked":"SKIP","floor":19},{"not_picked":["Sword Boomerang","Carnage+1"],"picked":"Shrug It Off","floor":20},{"not_picked":["Heavy Blade","Sword Boomerang","Shockwave"],"picked":"Singing Bowl","floor":24},{"not_picked":["Feel No Pain","Inflame"],"picked":"Rage","floor":29},{"not_picked":["Shrug It Off","Cleave+1","Wild Strike+1"],"picked":"Singing Bowl","floor":31},{"not_picked":["Reaper+1","Fiend Fire+1"],"picked":"Juggernaut","floor":33},{"not_picked":["Iron Wave+1","Inflame","Perfected Strike+1"],"picked":"Singing Bowl","floor":35},{"not_picked":["Headbutt+1","Heavy Blade+1","Iron Wave+1"],"picked":"Singing Bowl","floor":36},{"not_picked":["Perfected Strike+1","True Grit+1"],"picked":"Metallicize+1","floor":39},{"not_picked":["Evolve+1","Disarm","Twin Strike+1"],"picked":"Singing Bowl","floor":41}],"player_experience":159476,"relics_obtained":[{"floor":7,"key":"Ancient Tea Set"},{"floor":10,"key":"Pocketwatch"},{"floor":12,"key":"Anchor"},{"floor":20,"key":"FossilizedHelix"},{"floor":20,"key":"Singing Bowl"},{"floor":22,"key":"Enchiridion"},{"floor":26,"key":"Molten Egg 2"},{"floor":29,"key":"Matryoshka"},{"floor":41,"key":"MawBank"}],"event_choices":[{"cards_removed":["Strike_R"],"damage_healed":0,"gold_gain":0,"player_choice":"Card Removal","damage_taken":0,"max_hp_gain":0,"max_hp_loss":0,"event_name":"The Cleric","floor":2,"gold_loss":50},{"damage_healed":0,"gold_gain":0,"player_choice":"1 cards matched","damage_taken":0,"max_hp_gain":0,"max_hp_loss":0,"event_name":"Match and Keep!","floor":3,"gold_loss":0,"cards_obtained":["Combust"]},{"damage_healed":0,"gold_gain":0,"player_choice":"Entered Light","damage_taken":16,"max_hp_gain":0,"max_hp_loss":0,"event_name":"Shining Light","floor":13,"gold_loss":0,"cards_upgraded":["Defend_R","Strike_R"]},{"damage_healed":0,"gold_gain":0,"player_choice":"Fight","damage_taken":0,"max_hp_gain":0,"max_hp_loss":0,"event_name":"Colosseum","floor":20,"gold_loss":0},{"damage_healed":0,"gold_gain":0,"player_choice":"Fought Nobs","damage_taken":0,"max_hp_gain":0,"max_hp_loss":0,"event_name":"Colosseum","floor":20,"gold_loss":0},{"damage_healed":0,"gold_gain":99,"player_choice":"Stole From Cult","damage_taken":0,"max_hp_gain":0,"max_hp_loss":0,"event_name":"Nest","floor":21,"gold_loss":0},{"damage_healed":0,"gold_gain":0,"player_choice":"Obtained Book","damage_taken":16,"max_hp_gain":0,"max_hp_loss":0,"event_name":"Cursed Tome","floor":22,"gold_loss":0},{"damage_healed":0,"gold_gain":0,"player_choice":"Embrace Madness","damage_taken":11,"max_hp_gain":0,"max_hp_loss":0,"event_name":"Winding Halls","floor":37,"gold_loss":0,"cards_obtained":["Madness","Madness"]},{"damage_healed":0,"gold_gain":0,"player_choice":"Bought 0 Potions","damage_taken":0,"max_hp_gain":0,"max_hp_loss":0,"event_name":"The Woman in Blue","floor":38,"gold_loss":0}],"is_beta":false,"boss_relics":[{"not_picked":["Runic Pyramid","Pandora\u0027s Box"],"picked":"Philosopher\u0027s Stone"},{"not_picked":["Runic Cube","Runic Dome"],"picked":"White Beast Statue"}],"items_purged_floors":[25,27],"is_endless":false,"potions_floor_spawned":[7,10,14,18,24,29,31,35,36,39,41],"killed_by":"Writhing Mass","ascension_level":2}