{"gold_per_floor":[111,111,59,59,75,85,85,85,111,36,50,50,61,72,72,173,173,186,86,103,103,118,118,128,53,53,53,53,53,71,82,82,82],"floor_reached":33,"playtime":954,"items_purged":["Heavy Blade","Body Slam"],"score":264,"play_id":"7e50081f-ff43-4ad8-8110-d9ac8fd43337","local_time":"20180914200439","daily_mods":["Draft"],"is_ascension_mode":false,"campfire_choices":[{"data":"Perfected Strike","floor":7,"key":"SMITH"},{"data":"Perfected Strike","floor":12,"key":"SMITH"},{"data":"Perfected Strike","floor":15,"key":"SMITH"},{"data":"Pommel Strike","floor":23,"key":"SMITH"},{"data":"Perfected Strike","floor":29,"key":"SMITH"},{"data":"Clash","floor":32,"key":"SMITH"}],"neow_cost":"","seed_source_timestamp":142069131632588,"circlet_count":0,"master_deck":["Seeing Red","Sword Boomerang","Warcry","Infernal Blade","Perfected Strike+1","Warcry","Perfected Strike+1","Flex","Twin Strike","Battle Trance","Headbutt","Clash+1","Wild Strike","Limit Break","Twin Strike","Perfected Strike+1","Pommel Strike+1","Twin Strike","Perfected Strike+1"],"relics":["Burning Blood","Juzu Bracelet","Runic Dome","Mummified Hand"],"potions_floor_usage":[14,16,22,31,33],"damage_taken":[{"damage":0,"enemies":"Small Slimes","floor":1,"turns":1},{"damage":0,"enemies":"2 Louse","floor":5,"turns":1},{"damage":0,"enemies":"Cultist","floor":6,"turns":1},{"damage":0,"enemies":"Large Slime","floor":11,"turns":3},{"damage":9,"enemies":"2 Fungi Beasts","floor":13,"turns":2},{"damage":3,"enemies":"Lots of Slimes","floor":14,"turns":2},{"damage":58,"enemies":"The Guardian","floor":16,"turns":6},{"damage":24,"enemies":"Shell Parasite","floor":18,"turns":3},{"damage":10,"enemies":"2 Thieves","floor":20,"turns":2},{"damage":21,"enemies":"Snake Plant","floor":22,"turns":3},{"damage":10,"enemies":"Sentry and Sphere","floor":24,"turns":3},{"damage":0,"enemies":"Snecko","floor":30,"turns":2},{"damage":10,"enemies":"Cultist and Chosen","floor":31,"turns":2},{"damage":93,"enemies":"Collector","floor":33,"turns":5}],"seed_played":"-5256097298947610676","potions_obtained":[{"floor":1,"key":"Fire Potion"},{"floor":6,"key":"SteroidPotion"},{"floor":13,"key":"Ancient Potion"},{"floor":20,"key":"SkillPotion"},{"floor":30,"key":"Fruit Juice"},{"floor":31,"key":"Block Potion"}],"is_trial":true,"path_per_floor":["M","?","$","?","M","M","R","?","T","$","M","R","M","M","R","B",null,"M","$","M","$","M","R","M","?","T","?","?","R","M","M","R"],"character_chosen":"IRONCLAD","items_purchased":["Wild Strike"],"campfire_rested":0,"item_purchase_floors":[3],"current_hp_per_floor":[80,85,85,85,85,85,85,85,85,85,85,85,82,85,85,33,85,67,67,63,63,48,48,44,44,44,44,72,72,78,79,79,0],"gold":82,"neow_bonus":"","is_prod":false,"is_daily":false,"chose_seed":false,"campfire_upgraded":6,"win_rate":0,"timestamp":1536969879,"path_taken":["M","?","$","?","M","M","R","?","T","$","M","R","M","M","R","BOSS","M","$","M","$","M","R","M","?","T","?","?","R","M","M","R","BOSS"],"build_version":"2018-09-06","purchased_purges":2,"victory":false,"max_hp_per_floor":[80,85,85,85,85,85,85,85,85,85,85,85,85,85,85,85,85,85,85,85,85,85,85,85,85,85,85,85,85,85,90,90,90],"card_choices":[{"not_picked":["Rampage","Iron Wave"],"picked":"Seeing Red","floor":0},{"not_picked":["Power Through","Entrench"],"picked":"Sword Boomerang","floor":0},{"not_picked":["Corruption","Havoc"],"picked":"Warcry","floor":0},{"not_picked":["Armaments","Blood for Blood"],"picked":"Infernal Blade","floor":0},{"not_picked":["Flex","Warcry"],"picked":"Perfected Strike","floor":0},{"not_picked":["Cleave","True Grit"],"picked":"Warcry","floor":0},{"not_picked":["Flex","Twin Strike"],"picked":"Perfected Strike","floor":0},{"not_picked":["Searing Blow","Uppercut"],"picked":"Heavy Blade","floor":0},{"not_picked":["Clothesline","Second Wind"],"picked":"Flex","floor":0},{"not_picked":["Warcry","Blood for Blood"],"picked":"Twin Strike","floor":0},{"not_picked":["True Grit","Blood for Blood"],"picked":"Heavy Blade","floor":0},{"not_picked":["Sentinel","Clothesline"],"picked":"Battle Trance","floor":0},{"not_picked":["True Grit","Corruption"],"picked":"Headbutt","floor":0},{"not_picked":["Rage","Headbutt"],"picked":"Clash","floor":0},{"not_picked":["Sever Soul","Searing Blow"],"picked":"Body Slam","floor":0},{"not_picked":["Body Slam","Warcry","Second Wind"],"picked":"SKIP","floor":1},{"not_picked":["Dual Wield","Sever Soul","Hemokinesis"],"picked":"SKIP","floor":5},{"not_picked":["Searing Blow","Hemokinesis","Sentinel"],"picked":"SKIP","floor":6},{"not_picked":["Sword Boomerang","Sever Soul"],"picked":"Twin Strike","floor":11},{"not_picked":["Inflame","Anger"],"picked":"Perfected Strike","floor":13},{"not_picked":["Headbutt","Anger","Warcry"],"picked":"SKIP","floor":14},{"not_picked":["Wild Strike","Shrug It Off"],"picked":"Pommel Strike","floor":18},{"not_picked":["Corruption","Fiend Fire"],"picked":"Twin Strike","floor":20},{"not_picked":["Sword Boomerang","Power Through","Disarm"],"picked":"SKIP","floor":22},{"not_picked":["Dropkick","True Grit"],"picked":"Perfected Strike","floor":24},{"not_picked":["Burning Pact","Havoc","Clothesline+1"],"picked":"SKIP","floor":30},{"not_picked":["Thunderclap","Shockwave","Reaper"],"picked":"SKIP","floor":31}],"player_experience":141264,"relics_obtained":[{"floor":9,"key":"Juzu Bracelet"},{"floor":26,"key":"Mummified Hand"}],"event_choices":[{"event_name":"Big Fish","player_choice":"Donut","floor":2,"damage_taken":0},{"event_name":"Match and Keep!","player_choice":"1 cards matched","floor":4,"damage_taken":0},{"event_name":"Transmorgrifier","player_choice":"Transform","floor":8,"damage_taken":0},{"event_name":"Beggar","player_choice":"Gave Gold","floor":25,"damage_taken":0},{"event_name":"Back to Basics","player_choice":"Simplicity","floor":27,"damage_taken":0},{"event_name":"The Library","player_choice":"Heal","floor":28,"damage_taken":0}],"is_beta":false,"boss_relics":[{"not_picked":["Runic Cube","Astrolabe"],"picked":"Runic Dome"}],"items_purged_floors":[10,19],"is_endless":false,"potions_floor_spawned":[1,6,13,20,30,31],"killed_by":"Collector","ascension_level":0}