{"gold_per_floor":[115,190,340,77,77,77,77,107,160,172,214,237,265,289,301,313],"floor_reached":16,"playtime":426,"items_purged":["Doubt"],"score":316,"play_id":"321efbe8-d10e-4ea5-80d4-0e33a4be0121","local_time":"20190209202724","is_ascension_mode":true,"campfire_choices":[{"data":"Neutralize","floor":6,"key":"SMITH"},{"data":"Footwork","floor":15,"key":"SMITH"}],"neow_cost":"NONE","seed_source_timestamp":635328257663668,"circlet_count":0,"master_deck":["AscendersBane","Defend_G","Defend_G","Defend_G","Defend_G","Strike_G","Strike_G","Strike_G","Strike_G","Strike_G","Survivor","Neutralize+1","Footwork+1","Blur","Cloak And Dagger","Malaise","Storm of Steel","Blur","Cloak And Dagger"],"relics":["Ring of the Snake","NeowsBlessing","Matryoshka","MawBank","Oddly Smooth Stone","Bottled Tornado"],"potions_floor_usage":[14],"damage_taken":[{"damage":0,"enemies":"Jaw Worm","floor":1,"turns":1},{"damage":0,"enemies":"3 Sentries","floor":8,"turns":1},{"damage":0,"enemies":"Lagavulin","floor":11,"turns":1},{"damage":0,"enemies":"2 Louse","floor":12,"turns":3},{"damage":0,"enemies":"Small Slimes","floor":13,"turns":5},{"damage":4,"enemies":"3 Louse","floor":14,"turns":4},{"damage":52,"enemies":"Hexaghost","floor":16,"turns":19}],"seed_played":"-8869102207591045151","potions_obtained":[{"floor":1,"key":"GhostInAJar"},{"floor":8,"key":"AttackPotion"},{"floor":13,"key":"Fire Potion"}],"is_trial":false,"path_per_floor":["M","?","?","$","?","R","?","E","T","?","E","M","M","M","R","B"],"character_chosen":"THE_SILENT","items_purchased":["Footwork","Blur","Cloak And Dagger"],"campfire_rested":0,"item_purchase_floors":[4,4,4],"current_hp_per_floor":[59,48,48,48,53,53,53,53,53,53,53,53,53,49,49,0],"gold":313,"neow_bonus":"THREE_ENEMY_KILL","is_prod":false,"is_daily":false,"chose_seed":false,"campfire_upgraded":2,"win_rate":0,"timestamp":1549772844,"path_taken":["M","?","?","$","?","R","?","E","T","?","E","?","M","M","R","BOSS"],"build_version":"2019-01-23","purchased_purges":1,"victory":false,"max_hp_per_floor":[66,66,66,66,71,71,71,71,71,71,71,71,71,71,71,71],"card_choices":[{"not_picked":["Acrobatics","Flying Knee","Quick Slash"],"picked":"SKIP","floor":1},{"not_picked":["Prepared","Poisoned Stab"],"picked":"Malaise","floor":8},{"not_picked":["Choke","Dagger Spray"],"picked":"Blur","floor":11},{"not_picked":["Blade Dance","Prepared"],"picked":"Cloak And Dagger","floor":12},{"not_picked":["Bane","Dagger Spray","Outmaneuver"],"picked":"SKIP","floor":13},{"not_picked":["Quick Slash","Dagger Spray","Finisher"],"picked":"SKIP","floor":14}],"player_experience":718351,"relics_obtained":[{"floor":8,"key":"Matryoshka"},{"floor":9,"key":"MawBank"},{"floor":9,"key":"Oddly Smooth Stone"},{"floor":11,"key":"Bottled Tornado"}],"event_choices":[{"damage_healed":0,"gold_gain":75,"player_choice":"Gather Gold","damage_taken":11,"max_hp_gain":0,"max_hp_loss":0,"event_name":"World of Goop","floor":2,"gold_loss":0},{"damage_healed":0,"gold_gain":150,"player_choice":"AGREE","damage_taken":0,"max_hp_gain":0,"max_hp_loss":0,"event_name":"Liars Game","floor":3,"gold_loss":0,"cards_obtained":["Doubt"]},{"damage_healed":0,"gold_gain":0,"player_choice":"Donut","damage_taken":0,"max_hp_gain":5,"max_hp_loss":0,"event_name":"Big Fish","floor":5,"gold_loss":0},{"cards_removed":["Defend_G"],"damage_healed":0,"gold_gain":0,"player_choice":"Forget","damage_taken":0,"max_hp_gain":0,"max_hp_loss":0,"event_name":"Living Wall","floor":7,"gold_loss":0},{"damage_healed":0,"gold_gain":0,"player_choice":"1 cards matched","damage_taken":0,"max_hp_gain":0,"max_hp_loss":0,"event_name":"Match and Keep!","floor":10,"gold_loss":0,"cards_obtained":["Storm of Steel"]}],"is_beta":false,"boss_relics":[],"items_purged_floors":[4],"is_endless":false,"potions_floor_spawned":[1,8,13],"killed_by":"Hexaghost","ascension_level":20}