{"gold_per_floor":[115,126,126,126,149,149,188,211,211,211],"floor_reached":10,"playtime":601,"items_purged":[],"score":136,"play_id":"81cf52bb-9758-4d14-8057-8174238e4d69","local_time":"20190304213159","is_ascension_mode":true,"campfire_choices":[{"data":"Zap","floor":6.0,"key":"SMITH"}],"neow_cost":"NONE","seed_source_timestamp":69173155934969,"circlet_count":0,"master_deck":["AscendersBane","Strike_B","Strike_B","Strike_B","Defend_B","Defend_B","Defend_B","Defend_B","Zap+1","Dualcast","Madness","Scrape","Cold Snap","Steam","Ball Lightning","Undo"],"special_seed":0,"relics":["Cracked Core","Golden Idol","Oddly Smooth Stone","Pen Nib"],"potions_floor_usage":[7,7],"damage_taken":[{"damage":4.0,"enemies":"2 Louse","floor":1.0,"turns":3.0},{"damage":11.0,"enemies":"Small Slimes","floor":2.0,"turns":4.0},{"damage":2.0,"enemies":"Jaw Worm","floor":5.0,"turns":4.0},{"damage":35,"enemies":"Gremlin Nob","floor":7,"turns":4},{"damage":3,"enemies":"Looter","floor":8,"turns":3},{"damage":6,"enemies":"Lots of Slimes","floor":10,"turns":1}],"seed_played":"1174263243719515578","potions_obtained":[{"floor":1.0,"key":"SteroidPotion"},{"floor":5.0,"key":"FearPotion"}],"is_trial":false,"path_per_floor":["M","M","?","?","M","R","E","M","T","M"],"character_chosen":"DEFECT","items_purchased":[],"campfire_rested":0,"item_purchase_floors":[],"current_hp_per_floor":[60,49,49,42,40,40,5,2,2,0],"gold":211,"neow_bonus":"RANDOM_COLORLESS","is_prod":false,"is_daily":false,"chose_seed":false,"campfire_upgraded":1,"win_rate":0,"timestamp":1551753119,"path_taken":["M","M","?","?","M","R","E","M","T","M"],"build_version":"2019-01-23","purchased_purges":0,"victory":false,"max_hp_per_floor":[71,71,64,64,64,64,64,64,64,64],"card_choices":[{"not_picked":["Coolheaded","Reinforced Body"],"picked":"Scrape","floor":1.0},{"not_picked":["Lockon","Hologram"],"picked":"Cold Snap","floor":2.0},{"not_picked":["Hologram","Stack"],"picked":"Steam","floor":5.0},{"not_picked":["Double Energy","Fission"],"picked":"Ball Lightning","floor":7},{"not_picked":["Static Discharge","Tempest"],"picked":"Undo","floor":8}],"player_experience":681623,"relics_obtained":[{"floor":7,"key":"Oddly Smooth Stone"},{"floor":9,"key":"Pen Nib"}],"event_choices":[{"damage_healed":0.0,"max_hp_gain":0.0,"max_hp_loss":7.0,"gold_gain":0.0,"event_name":"Golden Idol","player_choice":"Lose Max HP","floor":3.0,"gold_loss":0.0,"damage_taken":0.0,"relics_obtained":["Golden Idol"]},{"cards_removed":["Strike_B"],"damage_healed":0.0,"max_hp_gain":0.0,"max_hp_loss":0.0,"gold_gain":0.0,"event_name":"Golden Wing","player_choice":"Card Removal","floor":4.0,"gold_loss":0.0,"damage_taken":7.0}],"is_beta":false,"boss_relics":[],"items_purged_floors":[],"is_endless":false,"potions_floor_spawned":[1,5],"killed_by":"Lots of Slimes","ascension_level":20}