{"gold_per_floor":[109,73,73,86,51,51,66,66,66,99,111,111,71,91,91,166,166,150,150,150],"floor_reached":20,"playtime":803,"items_purged":[],"score":292,"play_id":"2a7ed6b3-ae30-48d7-ab23-790b6b59a690","local_time":"20180923005651","is_ascension_mode":true,"campfire_choices":[{"data":"Defragment","floor":6,"key":"SMITH"},{"data":"Zap","floor":8,"key":"SMITH"},{"data":"Ball Lightning","floor":12,"key":"SMITH"},{"floor":15,"key":"REST"}],"neow_cost":"NONE","seed_source_timestamp":715242791567589,"circlet_count":0,"master_deck":["Strike_B","Strike_B","Strike_B","Defend_B","Defend_B","Defend_B","Defend_B","Zap+1","Dualcast","AscendersBane","Stack","Defragment+1","Double Energy","Rip and Tear","Ball Lightning+1","Hello World+1","Heatsinks+1","All For One","Beam Cell","Gash","Ball Lightning","Leap","Ball Lightning"],"relics":["Busted Crown","Matryoshka","Frozen Egg 2","Orrery"],"potions_floor_usage":[10,11],"damage_taken":[{"damage":8,"enemies":"2 Louse","floor":1,"turns":3},{"damage":1,"enemies":"Small Slimes","floor":4,"turns":5},{"damage":9,"enemies":"Jaw Worm","floor":7,"turns":4},{"damage":15,"enemies":"Lagavulin","floor":10,"turns":7},{"damage":6,"enemies":"Exordium Thugs","floor":11,"turns":3},{"damage":10,"enemies":"3 Louse","floor":14,"turns":3},{"damage":11,"enemies":"Hexaghost","floor":16,"turns":9},{"damage":17,"enemies":"2 Thieves","floor":18,"turns":4},{"damage":36,"enemies":"Colosseum Slavers","floor":19,"turns":5},{"damage":9,"enemies":"Shell Parasite","floor":20,"turns":1}],"seed_played":"2800333251038646081","potions_obtained":[{"floor":7,"key":"EssenceOfSteel"},{"floor":10,"key":"Explosive Potion"},{"floor":18,"key":"Energy Potion"}],"is_trial":false,"path_per_floor":["M","$","?","M","?","R","M","R","T","E","M","R","$","M","R","B",null,"M","?"],"character_chosen":"DEFECT","items_purchased":["Defragment","Heatsinks+1"],"campfire_rested":1,"item_purchase_floors":[2,13],"current_hp_per_floor":[56,56,49,48,65,65,56,56,56,41,35,35,35,25,46,35,62,45,9,0],"gold":150,"neow_bonus":"BOSS_RELIC","is_prod":false,"is_daily":false,"chose_seed":false,"campfire_upgraded":3,"win_rate":0,"timestamp":1537678611,"path_taken":["M","$","?","M","?","R","?","R","T","E","M","R","?","M","R","BOSS","M","?","?"],"build_version":"2018-09-20","purchased_purges":0,"victory":false,"max_hp_per_floor":[71,71,71,71,71,71,71,71,71,71,71,71,71,71,71,71,71,71,71,71],"card_choices":[{"not_picked":[],"picked":"Stack","floor":1},{"not_picked":[],"picked":"Double Energy","floor":4},{"not_picked":[],"picked":"Rip and Tear","floor":7},{"not_picked":[],"picked":"Ball Lightning","floor":10},{"not_picked":[],"picked":"Hello World+1","floor":11},{"not_picked":["Fusion"],"picked":"SKIP","floor":14},{"not_picked":[],"picked":"All For One","floor":16},{"not_picked":[],"picked":"Beam Cell","floor":17},{"not_picked":[],"picked":"Gash","floor":17},{"not_picked":[],"picked":"Ball Lightning","floor":17},{"not_picked":[],"picked":"Leap","floor":17},{"not_picked":[],"picked":"Ball Lightning","floor":18}],"player_experience":249680,"relics_obtained":[{"floor":9,"key":"Matryoshka"},{"floor":10,"key":"Frozen Egg 2"}],"event_choices":[{"event_name":"Golden Wing","player_choice":"Card Removal","floor":3,"damage_taken":0},{"event_name":"The Cleric","player_choice":"Healed","floor":5,"damage_taken":0},{"event_name":"Colosseum","player_choice":"Fight","floor":19,"damage_taken":0},{"event_name":"Colosseum","player_choice":"Fled From Nobs","floor":19,"damage_taken":0}],"is_beta":false,"boss_relics":[{"not_picked":["Lizard Tail","Philosopher\u0027s Stone"],"picked":"Orrery"}],"items_purged_floors":[],"is_endless":false,"potions_floor_spawned":[7,10,18],"killed_by":"Shell Parasite","ascension_level":14}