{"gold_per_floor":[110,110,34,48,68,68,96,96,123,123,135,163,175,204,204,278,278,290,49,59,59,85,116,116,144,171,201,9,21,21,39,39,113,113,124,27,27,78,88,88,119,119,119,119,137,137,68,97,97,97],"floor_reached":51,"playtime":4066,"items_purged":["Decay"],"score":1320,"play_id":"7ab37712-9d19-4e22-b284-64e8bc5be9c5","local_time":"20180825181832","is_ascension_mode":true,"campfire_choices":[{"data":"Neutralize","floor":6,"key":"SMITH"},{"data":"Envenom","floor":8,"key":"SMITH"},{"floor":10,"key":"REST"},{"data":"Catalyst","floor":15,"key":"SMITH"},{"floor":24,"key":"REST"},{"floor":30,"key":"REST"},{"floor":32,"key":"REST"},{"data":"Malaise","floor":40,"key":"SMITH"},{"data":"Infinite Blades","floor":46,"key":"SMITH"},{"floor":49,"key":"REST"}],"neow_cost":"NONE","seed_source_timestamp":553529984507621,"circlet_count":0,"master_deck":["Survivor","Neutralize+1","AscendersBane","Backflip","Quick Slash","Tactician","Quick Slash","Cloak And Dagger","Dodge and Roll","Escape Plan","Dodge and Roll","Riddle With Holes","Quick Slash","Backstab","Predator","Well Laid Plans","Envenom+1","Catalyst+1","Noxious Fumes","Corpse Explosion","Dagger Throw","Injury","Sadistic Nature","Infinite Blades+1","Footwork","Malaise+1","Acrobatics","Writhe","PiercingWail+1","Acrobatics","Clumsy","Cloak And Dagger+1","Accuracy+1","Dash"],"relics":["Pandora\u0027s Box","Bronze Scales","Orichalcum","Bottled Flame","Oddly Smooth Stone","Cursed Key","ClockworkSouvenir","Bag of Preparation","Mercury Hourglass","Centennial Puzzle","Pen Nib","Torii","HoveringKite","Dead Branch","Frozen Egg 2","Toxic Egg 2","Nunchaku","Vajra"],"potions_floor_usage":[7,12,14,20,23,25,33,45,48],"damage_taken":[{"damage":0,"enemies":"Cultist","floor":1,"turns":3},{"damage":4,"enemies":"2 Louse","floor":4,"turns":2},{"damage":4,"enemies":"Jaw Worm","floor":5,"turns":3},{"damage":5,"enemies":"3 Sentries","floor":7,"turns":7},{"damage":0,"enemies":"Exordium Thugs","floor":11,"turns":5},{"damage":18,"enemies":"Gremlin Nob","floor":12,"turns":3},{"damage":6,"enemies":"Lots of Slimes","floor":13,"turns":3},{"damage":4,"enemies":"Lagavulin","floor":14,"turns":6},{"damage":8,"enemies":"Hexaghost","floor":16,"turns":7},{"damage":6,"enemies":"Chosen","floor":18,"turns":3},{"damage":8,"enemies":"2 Thieves","floor":20,"turns":3},{"damage":17,"enemies":"Colosseum Slavers","floor":21,"turns":4},{"damage":14,"enemies":"Gremlin Leader","floor":23,"turns":6},{"damage":12,"enemies":"Book of Stabbing","floor":25,"turns":4},{"damage":17,"enemies":"Gremlin Leader","floor":27,"turns":6},{"damage":1,"enemies":"Shelled Parasite and Fungi","floor":29,"turns":3},{"damage":1,"enemies":"Sentry and Sphere","floor":31,"turns":4},{"damage":28,"enemies":"Automaton","floor":33,"turns":8},{"damage":8,"enemies":"Flame Bruiser 1 Orb","floor":35,"turns":5},{"damage":2,"enemies":"Mysterious Sphere","floor":38,"turns":4},{"damage":0,"enemies":"3 Shapes","floor":39,"turns":2},{"damage":8,"enemies":"Giant Head","floor":41,"turns":7},{"damage":0,"enemies":"Mind Bloom Boss Battle","floor":44,"turns":5},{"damage":1,"enemies":"Transient","floor":45,"turns":5},{"damage":10,"enemies":"2 Orb Walkers","floor":48,"turns":4},{"damage":21,"enemies":"Time Eater","floor":50,"turns":13}],"seed_played":"1519632791378893006","potions_obtained":[{"floor":4,"key":"SkillPotion"},{"floor":7,"key":"Poison Potion"},{"floor":13,"key":"AttackPotion"},{"floor":16,"key":"Explosive Potion"},{"floor":20,"key":"Dexterity Potion"},{"floor":27,"key":"FairyPotion"},{"floor":31,"key":"LiquidBronze"},{"floor":38,"key":"Energy Potion"},{"floor":39,"key":"Regen Potion"},{"floor":41,"key":"AttackPotion"},{"floor":45,"key":"SpeedPotion"}],"is_trial":false,"path_per_floor":["M","?","$","M","M","R","E","R","T","R","M","E","M","E","R","B",null,"M","$","M","?","T","E","R","E","T","E","$","M","R","M","R","B",null,"M","$","?","?","M","R","E","?","T","?","M","R","$","E","R","B"],"character_chosen":"THE_SILENT","items_purchased":["Predator","ClockworkSouvenir","Strength Potion","Sadistic Nature","Acrobatics","Accuracy+1"],"campfire_rested":5,"item_purchase_floors":[3,19,19,28,36,47],"current_hp_per_floor":[59,59,59,55,51,51,46,46,46,65,65,47,41,37,37,29,57,51,51,43,26,26,12,31,19,19,2,2,1,20,19,38,10,52,44,44,57,55,55,55,47,47,47,47,61,61,61,51,66,45],"gold":97,"neow_bonus":"BOSS_RELIC","is_prod":false,"is_daily":false,"chose_seed":false,"campfire_upgraded":5,"win_rate":0,"timestamp":1535213912,"path_taken":["M","?","?","M","M","R","E","R","T","R","?","E","?","E","R","BOSS","M","$","M","?","?","E","R","E","T","E","$","M","R","M","R","BOSS","M","$","?","?","M","R","E","?","T","?","M","R","$","E","R","BOSS"],"build_version":"2018-08-23v2","purchased_purges":1,"victory":true,"max_hp_per_floor":[66,66,66,66,66,66,66,66,66,66,66,66,66,66,66,66,66,66,66,66,66,66,66,66,66,66,66,66,66,66,66,66,66,66,66,66,66,66,66,66,66,66,66,66,66,66,66,66,66,66],"card_choices":[{"not_picked":["Slice","Caltrops"],"picked":"Backstab","floor":1},{"not_picked":["Outmaneuver","Dodge and Roll","Underhanded Strike"],"picked":"SKIP","floor":4},{"not_picked":["Poisoned Stab","Outmaneuver"],"picked":"Well Laid Plans","floor":5},{"not_picked":["Outmaneuver","Acrobatics"],"picked":"Envenom","floor":7},{"not_picked":["Outmaneuver","Slice","Quick Slash"],"picked":"SKIP","floor":11},{"not_picked":["Acrobatics","Slice"],"picked":"Catalyst","floor":12},{"not_picked":["Poisoned Stab","Quick Slash"],"picked":"Noxious Fumes","floor":13},{"not_picked":["Blade Dance","Storm of Steel","Noxious Fumes"],"picked":"SKIP","floor":14},{"not_picked":["Wraith Form v2","Venomology"],"picked":"Corpse Explosion","floor":16},{"not_picked":["Bane","Bouncing Flask","Outmaneuver"],"picked":"SKIP","floor":18},{"not_picked":["Deflect","Finisher"],"picked":"Dagger Throw","floor":20},{"not_picked":["Noxious Fumes","Well Laid Plans","Underhanded Strike"],"picked":"SKIP","floor":23},{"not_picked":["Dagger Spray","Dagger Throw","Riddle With Holes"],"picked":"SKIP","floor":25},{"not_picked":["Poisoned Stab","Dagger Spray","Dagger Throw"],"picked":"SKIP","floor":27},{"not_picked":["PiercingWail","A Thousand Cuts"],"picked":"Infinite Blades","floor":29},{"not_picked":["Finisher","Quick Slash"],"picked":"Footwork","floor":31},{"not_picked":["Grand Finale","Corpse Explosion"],"picked":"Malaise","floor":33},{"not_picked":["Slice+1","Heel Hook","Dagger Throw"],"picked":"SKIP","floor":35},{"not_picked":["All Out Attack","Eviscerate"],"picked":"PiercingWail+1","floor":38},{"not_picked":["Outmaneuver","Slice"],"picked":"Acrobatics","floor":39},{"not_picked":["Eviscerate","Prepared","Acrobatics"],"picked":"SKIP","floor":41},{"not_picked":["Dash","Bouncing Flask+1"],"picked":"Cloak And Dagger+1","floor":44},{"not_picked":["Outmaneuver+1","Quick Slash","Corpse Explosion+1"],"picked":"SKIP","floor":45},{"not_picked":["Poisoned Stab","Blade Dance+1"],"picked":"Dash","floor":48}],"player_experience":967904,"relics_obtained":[{"floor":7,"key":"Bronze Scales"},{"floor":9,"key":"Orichalcum"},{"floor":12,"key":"Bottled Flame"},{"floor":14,"key":"Oddly Smooth Stone"},{"floor":22,"key":"Bag of Preparation"},{"floor":23,"key":"Mercury Hourglass"},{"floor":25,"key":"Centennial Puzzle"},{"floor":26,"key":"Pen Nib"},{"floor":27,"key":"Torii"},{"floor":38,"key":"Dead Branch"},{"floor":41,"key":"Frozen Egg 2"},{"floor":43,"key":"Toxic Egg 2"},{"floor":44,"key":"Nunchaku"},{"floor":48,"key":"Vajra"}],"event_choices":[{"event_name":"The Cleric","player_choice":"Leave","floor":2,"damage_taken":0},{"event_name":"Colosseum","player_choice":"Fight","floor":21,"damage_taken":0},{"event_name":"Colosseum","player_choice":"Fled From Nobs","floor":21,"damage_taken":0},{"event_name":"Winding Halls","player_choice":"Writhe","floor":37,"damage_taken":0},{"event_name":"Mysterious Sphere","player_choice":"Fight","floor":38,"damage_taken":0},{"event_name":"Tomb of Lord Red Mask","player_choice":"Ignored","floor":42,"damage_taken":0},{"event_name":"MindBloom","player_choice":"Fight","floor":44,"damage_taken":0}],"is_beta":false,"boss_relics":[{"not_picked":["Runic Pyramid","Busted Crown"],"picked":"Cursed Key"},{"not_picked":["Calling Bell","Lizard Tail"],"picked":"HoveringKite"}],"items_purged_floors":[36],"is_endless":false,"potions_floor_spawned":[4,7,13,16,20,21,27,31,38,39,41,45],"ascension_level":15}