{"gold_per_floor":[113,113,38,57,69,69,47,60,60,60,80,80,80,80,80,185,185,205,8,19,19,19,19,35,35,35,35,53,53],"floor_reached":29,"playtime":621,"items_purged":["Strike_G"],"score":213,"play_id":"77caf62d-8fc1-4615-9843-3f4c503800ab","local_time":"20180822172902","is_ascension_mode":false,"campfire_choices":[{"data":"Poisoned Stab","floor":6,"key":"SMITH"},{"data":"Poisoned Stab","floor":10,"key":"SMITH"},{"data":"Survivor","floor":12,"key":"SMITH"},{"data":"Neutralize","floor":15,"key":"SMITH"},{"data":"Deadly Poison","floor":23,"key":"SMITH"},{"floor":25,"key":"REST"},{"floor":27,"key":"REST"}],"neow_cost":"","seed_source_timestamp":69530179467750,"circlet_count":0,"master_deck":["Defend_G","Defend_G","Defend_G","Defend_G+1","Defend_G","Strike_G","Strike_G+1","Strike_G","Strike_G","Survivor+1","Neutralize+1","Deadly Poison+1","Poisoned Stab+1","Outmaneuver","Poisoned Stab+1","Deadly Poison","Prepared","Calculated Gamble","Prepared","Deadly Poison+1","Poisoned Stab","Setup+1"],"relics":["Ring of the Snake","Dodecahedron","Orrery","Orichalcum","Darkstone Periapt"],"potions_floor_usage":[8],"damage_taken":[{"damage":2,"enemies":"2 Louse","floor":1,"turns":4},{"damage":1,"enemies":"Cultist","floor":4,"turns":3},{"damage":0,"enemies":"Small Slimes","floor":5,"turns":4},{"damage":8,"enemies":"Gremlin Gang","floor":8,"turns":4},{"damage":0,"enemies":"Exordium Wildlife","floor":11,"turns":3},{"damage":48,"enemies":"The Guardian","floor":16,"turns":9},{"damage":5,"enemies":"Shell Parasite","floor":18,"turns":5},{"damage":19,"enemies":"2 Thieves","floor":20,"turns":5},{"damage":25,"enemies":"Cultist and Chosen","floor":24,"turns":5},{"damage":28,"enemies":"Snecko","floor":28,"turns":5},{"damage":44,"enemies":"Slavers","floor":29,"turns":3}],"seed_played":"1263971800191085739","potions_obtained":[{"floor":4,"key":"Fruit Juice"},{"floor":5,"key":"Strength Potion"},{"floor":11,"key":"Ancient Potion"},{"floor":20,"key":"GamblersBrew"}],"is_trial":false,"path_per_floor":["M","?","$","M","M","R","$","M","T","R","M","R","?","?","R","B",null,"M","$","M","$","?","R","M","R","T","R","M"],"character_chosen":"THE_SILENT","items_purchased":["Outmaneuver","Deadly Poison","Orichalcum"],"campfire_rested":2,"item_purchase_floors":[7,19,19],"current_hp_per_floor":[68,68,68,67,67,67,67,64,64,64,64,64,49,74,74,26,75,70,70,51,51,51,51,26,48,48,70,42,0],"gold":53,"neow_bonus":"","is_prod":false,"is_daily":false,"chose_seed":false,"campfire_upgraded":5,"win_rate":0,"timestamp":1534973342,"path_taken":["M","?","$","?","M","R","$","M","T","R","?","R","?","?","R","BOSS","M","$","M","$","?","R","M","R","T","R","?","E"],"build_version":"2018-08-16","purchased_purges":1,"victory":false,"max_hp_per_floor":[70,70,70,70,70,70,70,75,75,75,75,75,75,75,75,75,75,75,75,75,75,75,75,75,75,75,75,75,75],"card_choices":[{"not_picked":["Dodge and Roll","Concentrate"],"picked":"Deadly Poison","floor":1},{"not_picked":["Dash","Deflect","Caltrops"],"picked":"SKIP","floor":4},{"not_picked":["Expertise","Dagger Throw"],"picked":"Poisoned Stab","floor":5},{"not_picked":["Bane","Choke"],"picked":"Poisoned Stab","floor":8},{"not_picked":["Sucker Punch","Underhanded Strike","Cloak And Dagger"],"picked":"SKIP","floor":11},{"not_picked":["Cloak And Dagger","Bouncing Flask"],"picked":"Deadly Poison","floor":17},{"not_picked":["Outmaneuver","Dagger Throw"],"picked":"Prepared","floor":17},{"not_picked":["Reflex","Predator"],"picked":"Calculated Gamble","floor":17},{"not_picked":["Dagger Spray","Setup"],"picked":"Prepared","floor":18},{"not_picked":["All Out Attack+1","Acrobatics"],"picked":"Poisoned Stab","floor":20},{"not_picked":["Malaise","Well Laid Plans","Finisher"],"picked":"SKIP","floor":24},{"not_picked":["Backflip","Underhanded Strike"],"picked":"Setup+1","floor":28}],"player_experience":134737,"relics_obtained":[{"floor":9,"key":"Dodecahedron"},{"floor":26,"key":"Darkstone Periapt"}],"event_choices":[{"event_name":"Upgrade Shrine","player_choice":"Upgraded","floor":2,"damage_taken":0},{"event_name":"Shining Light","player_choice":"Entered Light","floor":13,"damage_taken":0},{"event_name":"Big Fish","player_choice":"Banana","floor":14,"damage_taken":0},{"event_name":"Cursed Tome","player_choice":"Ignored","floor":22,"damage_taken":0}],"is_beta":false,"boss_relics":[{"not_picked":["Runic Pyramid","Cursed Key"],"picked":"Orrery"}],"items_purged_floors":[3],"is_endless":false,"potions_floor_spawned":[4,5,11,20,28],"killed_by":"Slavers","ascension_level":0}