{"gold_per_floor":[112,128,2,2,2,32,32,43,70,70,97,97,107,107],"floor_reached":14,"playtime":340,"items_purged":["Strike_R"],"score":123,"play_id":"2d1792f3-01fc-4cab-b300-175743e006db","local_time":"20190308000609","is_ascension_mode":false,"campfire_choices":[{"data":"Flex","floor":7,"key":"SMITH"}],"neow_cost":"NONE","seed_source_timestamp":15666632130055,"circlet_count":0,"master_deck":["Strike_R","Strike_R","Strike_R","Strike_R","Defend_R","Defend_R","Defend_R","Defend_R","Bash","Flex+1","Flex","Spot Weakness"],"relics":["Burning Blood","NeowsBlessing","Pen Nib","Happy Flower"],"potions_floor_usage":[11,11,11,14],"damage_taken":[{"damage":0,"enemies":"Cultist","floor":1,"turns":1},{"damage":0,"enemies":"Small Slimes","floor":2,"turns":1},{"damage":0,"enemies":"3 Sentries","floor":6,"turns":2},{"damage":3,"enemies":"2 Louse","floor":8,"turns":3},{"damage":18,"enemies":"Lagavulin","floor":11,"turns":3},{"damage":21,"enemies":"Exordium Thugs","floor":13,"turns":6},{"damage":59,"enemies":"Gremlin Nob","floor":14,"turns":5}],"seed_played":"3914674545978338196","potions_obtained":[{"floor":1,"key":"SkillPotion"},{"floor":2,"key":"SteroidPotion"},{"floor":5,"key":"SteroidPotion"},{"floor":13,"key":"EssenceOfSteel"}],"is_trial":false,"path_per_floor":["M","M","$","?","?","E","R","M","T","$","E","$","M","E"],"character_chosen":"IRONCLAD","items_purchased":["Flex"],"campfire_rested":0,"item_purchase_floors":[3],"current_hp_per_floor":[80,80,80,80,80,80,80,80,80,80,68,68,53,0],"gold":107,"neow_bonus":"THREE_ENEMY_KILL","is_prod":false,"is_daily":false,"chose_seed":false,"campfire_upgraded":1,"win_rate":0,"timestamp":1551971169,"path_taken":["M","M","?","?","?","E","R","?","T","$","E","?","M","E"],"build_version":"2019-01-23","purchased_purges":1,"victory":false,"max_hp_per_floor":[80,80,80,80,80,80,80,80,80,80,80,80,80,80],"card_choices":[{"not_picked":["Second Wind","Carnage"],"picked":"Flex","floor":1},{"not_picked":["Combust","Cleave","Havoc"],"picked":"SKIP","floor":2},{"not_picked":["Headbutt","Pommel Strike","Clothesline"],"picked":"SKIP","floor":6},{"not_picked":["True Grit","Anger"],"picked":"Spot Weakness","floor":8},{"not_picked":["Ghostly Armor","Pommel Strike","Wild Strike"],"picked":"SKIP","floor":11},{"not_picked":["Sentinel","Hemokinesis","Rampage"],"picked":"SKIP","floor":13}],"player_experience":202138,"relics_obtained":[{"floor":6,"key":"Pen Nib"},{"floor":11,"key":"Happy Flower"}],"event_choices":[{"damage_healed":0,"gold_gain":0,"player_choice":"Leave","damage_taken":0,"max_hp_gain":0,"max_hp_loss":0,"event_name":"The Cleric","floor":4,"gold_loss":0},{"damage_healed":0,"gold_gain":0,"player_choice":"Got Potions","damage_taken":0,"max_hp_gain":0,"max_hp_loss":0,"event_name":"Lab","floor":5,"gold_loss":0}],"is_beta":false,"boss_relics":[],"items_purged_floors":[3],"is_endless":false,"potions_floor_spawned":[1,2,8,13],"killed_by":"Gremlin Nob","ascension_level":0}