{"path_per_floor":["M","M","?","M","?","R","E","M","T","?","M","M","M","E","R","B",null,"M","M","M","?","M"],"character_chosen":"IRONCLAD","items_purchased":[],"gold_per_floor":[118,137,87,105,105,105,131,143,188,188,201,221,240,265,265,370,370,381,398,408,323,334,334],"floor_reached":23,"campfire_rested":0,"playtime":1983,"item_purchase_floors":[],"current_hp_per_floor":[80,78,78,77,80,80,64,46,46,46,52,55,59,37,37,10,80,80,80,64,64,36,0],"items_purged":[],"gold":334,"score":232,"play_id":"b77f9c1c-b683-436d-95d5-b0751f694374","local_time":"20180607001236","is_prod":false,"is_daily":false,"chose_seed":false,"is_ascension_mode":false,"campfire_upgraded":2,"win_rate":0,"timestamp":1528355556,"campfire_choices":[{"data":"Anger","floor":6,"key":"SMITH"},{"data":"Anger","floor":15,"key":"SMITH"}],"path_taken":["M","M","?","?","?","R","E","M","T","?","?","M","M","E","R","BOSS","M","M","M","?","M","E"],"build_version":"2018-05-31","seed_source_timestamp":339428623608100,"purchased_purges":0,"victory":false,"master_deck":["Strike_R","Strike_R","Strike_R","Strike_R","Strike_R","Defend_R","Defend_R","Defend_R","Bash","Bludgeon","Rupture","Anger+1","Metallicize+1","Anger","Twin Strike","Feel No Pain+1","Anger+1","Metallicize+1","Bludgeon","Rage","Battle Trance+1","Pummel","Anger+1"],"max_hp_per_floor":[80,80,80,80,80,80,80,80,80,80,80,80,80,80,80,80,80,80,80,80,80,80,80],"relics":["Burning Blood","Frozen Egg 2","Anchor","Bag of Preparation","White Beast Statue","Orichalcum"],"card_choices":[{"not_picked":["Sword Boomerang","Combust","True Grit"],"picked":"SKIP","floor":1},{"not_picked":["Sword Boomerang","Thunderclap"],"picked":"Rupture","floor":2},{"not_picked":["Twin Strike","True Grit"],"picked":"Anger","floor":4},{"not_picked":["Immolate","Wild Strike"],"picked":"Metallicize","floor":7},{"not_picked":["Ghostly Armor","Blood for Blood"],"picked":"Anger","floor":8},{"not_picked":["Shrug It Off","Corruption+1"],"picked":"Twin Strike","floor":11},{"not_picked":["Pommel Strike","Headbutt"],"picked":"Feel No Pain+1","floor":12},{"not_picked":["Uppercut","Feel No Pain+1"],"picked":"Anger","floor":13},{"not_picked":["Thunderclap","Pommel Strike"],"picked":"Metallicize+1","floor":14},{"not_picked":["Fiend Fire","Reaper"],"picked":"Bludgeon","floor":16},{"not_picked":["Wild Strike","Evolve+1"],"picked":"Rage","floor":18},{"not_picked":["True Grit","Combust+1"],"picked":"Battle Trance+1","floor":19},{"not_picked":["Iron Wave","True Grit"],"picked":"Pummel","floor":20},{"not_picked":["Clothesline+1","Shrug It Off"],"picked":"Anger+1","floor":22}],"player_experience":39655,"potions_floor_usage":[16,16,23,23],"damage_taken":[{"damage":3,"enemies":"Small Slimes","floor":1,"turns":2},{"damage":8,"enemies":"Jaw Worm","floor":2,"turns":3},{"damage":7,"enemies":"2 Louse","floor":4,"turns":3},{"damage":22,"enemies":"3 Sentries","floor":7,"turns":6},{"damage":24,"enemies":"Gremlin Gang","floor":8,"turns":5},{"damage":0,"enemies":"Exordium Wildlife","floor":11,"turns":2},{"damage":3,"enemies":"Red Slaver","floor":12,"turns":2},{"damage":2,"enemies":"Blue Slaver","floor":13,"turns":2},{"damage":28,"enemies":"Lagavulin","floor":14,"turns":5},{"damage":33,"enemies":"Hexaghost","floor":16,"turns":10},{"damage":6,"enemies":"3 Byrds","floor":18,"turns":7},{"damage":4,"enemies":"Spheric Guardian","floor":19,"turns":5},{"damage":22,"enemies":"Centurion and Healer","floor":20,"turns":7},{"damage":34,"enemies":"Cultist and Chosen","floor":22,"turns":8},{"damage":52,"enemies":"Gremlin Leader","floor":23,"turns":6}],"relics_obtained":[{"floor":7,"key":"Frozen Egg 2"},{"floor":9,"key":"Anchor"},{"floor":14,"key":"Bag of Preparation"}],"event_choices":[{"event_name":"The Cleric","player_choice":"Card Removal","floor":3,"damage_taken":0},{"event_name":"Wheel of Change","player_choice":"Full Heal","floor":5,"damage_taken":0},{"event_name":"The Lab","player_choice":"Got Potions","floor":10,"damage_taken":0},{"event_name":"Addict","player_choice":"Obtained Relic","floor":21,"damage_taken":0}],"boss_relics":[{"not_picked":["Lizard Tail","Runic Dome"],"picked":"White Beast Statue"}],"items_purged_floors":[],"potions_floor_spawned":[4,8,12,13,18,19,20,22],"seed_played":"-4264386283565031218","killed_by":"Gremlin Leader","ascension_level":0,"potions_obtained":[{"floor":4,"key":"Strength Potion"},{"floor":8,"key":"Weak Potion"},{"floor":10,"key":"PowerPotion"},{"floor":12,"key":"FairyPotion"},{"floor":18,"key":"FearPotion"},{"floor":19,"key":"LiquidBronze"}],"is_trial":false}