{"gold_per_floor":[124,311,323,353,378,418,448,460,526,538,583,595,557,583,595,738,750,781,761,389,413,413,89,89,289,289,313,337,51,51,74,74,197,197,213,213,234,159,174,174,210,210,210,55,80,80,114,64,64,64],"floor_reached":50,"playtime":2610,"items_purged":["Writhe"],"score":610,"play_id":"fbc91c17-b345-4792-afde-f45257382028","local_time":"20190120165608","is_ascension_mode":false,"campfire_choices":[{"floor":8,"key":"RECALL"},{"floor":15,"key":"REST"},{"floor":24,"key":"REST"},{"floor":32,"key":"REST"},{"floor":40,"key":"REST"},{"floor":42,"key":"REST"},{"floor":49,"key":"REST"}],"neow_cost":"NONE","seed_source_timestamp":1011635931192834,"circlet_count":0,"master_deck":["Strike_R","Strike_R","Strike_R","Strike_R","Strike_R","Defend_R","Defend_R","Defend_R","Defend_R","Bash","Disarm","Dual Wield","Dropkick","Ghostly Armor","Anger","Cleave","Armaments","Exhume","Evolve+1","Iron Wave","Inflame+1","Feed","Limit Break+1","Sword Boomerang","Inflame+1","Flex","Bandage Up","Heavy Blade","Immolate","Shrug It Off","Ghostly Armor+1","Headbutt+1","Limit Break"],"relics":["Burning Blood","MawBank","Frozen Egg 2","Golden Idol","Pen Nib","Velvet Choker","Self Forming Clay","Singing Bowl","Kunai","Vajra","Black Star","Ancient Tea Set","PreservedInsect","Shuriken","Red Skull","Meat on the Bone","Dodecahedron","Orichalcum"],"potions_floor_usage":[6,11,11,27,27,41,41,50],"damage_taken":[{"damage":9,"enemies":"Small Slimes","floor":1,"turns":4},{"damage":6,"enemies":"Jaw Worm","floor":4,"turns":4},{"damage":9,"enemies":"2 Louse","floor":5,"turns":4},{"damage":27,"enemies":"Gremlin Nob","floor":6,"turns":4},{"damage":7,"enemies":"Blue Slaver","floor":7,"turns":6},{"damage":39,"enemies":"3 Sentries","floor":11,"turns":12},{"damage":9,"enemies":"2 Fungi Beasts","floor":14,"turns":4},{"damage":64,"enemies":"Slime Boss","floor":16,"turns":13},{"damage":2,"enemies":"3 Byrds","floor":18,"turns":8},{"damage":26,"enemies":"2 Thieves","floor":19,"turns":5},{"damage":25,"enemies":"Snake Plant","floor":21,"turns":6},{"damage":29,"enemies":"Snecko","floor":27,"turns":6},{"damage":4,"enemies":"Cultist and Chosen","floor":28,"turns":5},{"damage":22,"enemies":"Colosseum Slavers","floor":30,"turns":4},{"damage":8,"enemies":"3 Cultists","floor":31,"turns":4},{"damage":35,"enemies":"Champ","floor":33,"turns":4},{"damage":34,"enemies":"3 Shapes","floor":35,"turns":6},{"damage":27,"enemies":"Orb Walker","floor":37,"turns":5},{"damage":27,"enemies":"3 Darklings","floor":39,"turns":5},{"damage":57,"enemies":"Giant Head","floor":41,"turns":8},{"damage":17,"enemies":"Maw","floor":45,"turns":7},{"damage":40,"enemies":"Nemesis","floor":47,"turns":5},{"damage":85,"enemies":"Awakened One","floor":50,"turns":7}],"seed_played":"6052768960158249801","potions_obtained":[{"floor":1,"key":"Regen Potion"},{"floor":5,"key":"Poison Potion"},{"floor":7,"key":"SkillPotion"},{"floor":14,"key":"BloodPotion"},{"floor":18,"key":"Block Potion"},{"floor":21,"key":"GamblersBrew"},{"floor":31,"key":"Ancient Potion"},{"floor":47,"key":"LiquidBronze"}],"is_trial":false,"path_per_floor":["M","?","?","M","M","E","M","R","T","?","E","?","?","M","R","B",null,"M","M","$","M","?","$","R","?","T","M","M","$","?","M","R","B",null,"M","?","M","$","M","R","E","R","T","$","M","T","E","$","R","B"],"character_chosen":"IRONCLAD","items_purchased":["Inflame+1","Feed","Limit Break","Inflame+1","Singing Bowl","Flex","Vajra","Bandage Up","Red Skull","Weak Potion"],"campfire_rested":6,"item_purchase_floors":[20,20,20,23,23,29,29,29,44,48],"current_hp_per_floor":[77,77,70,70,67,46,45,45,45,45,27,53,53,50,74,16,80,80,60,60,41,41,41,65,65,65,52,59,59,50,55,82,53,93,72,72,57,57,40,69,26,56,56,56,49,49,34,34,64,0],"gold":64,"neow_bonus":"RANDOM_COMMON_RELIC","is_prod":false,"is_daily":false,"chose_seed":false,"campfire_upgraded":0,"win_rate":0,"timestamp":1548021368,"path_taken":["M","?","?","M","M","E","?","R","T","?","E","?","?","?","R","BOSS","M","M","$","M","?","$","R","?","T","M","?","$","?","M","R","BOSS","M","?","M","$","M","R","E","R","T","?","?","?","E","$","R","BOSS"],"build_version":"2019-01-17v2","purchased_purges":1,"victory":false,"max_hp_per_floor":[80,80,80,80,80,80,80,80,80,80,80,80,80,80,80,80,80,80,80,80,80,80,80,80,80,80,82,87,87,90,93,93,93,93,96,96,98,98,98,98,100,100,100,100,100,100,103,103,103,106],"card_choices":[{"not_picked":["Burning Pact","Corruption"],"picked":"Disarm","floor":1},{"not_picked":["Bloodletting","Sentinel"],"picked":"Dual Wield","floor":4},{"not_picked":["Headbutt","Wild Strike"],"picked":"Dropkick","floor":5},{"not_picked":["Burning Pact","Heavy Blade"],"picked":"Ghostly Armor","floor":6},{"not_picked":["Wild Strike","Body Slam"],"picked":"Anger","floor":7},{"not_picked":["Pommel Strike","Bludgeon"],"picked":"Cleave","floor":11},{"not_picked":["Thunderclap","Clash"],"picked":"Armaments","floor":14},{"not_picked":["Dark Embrace+1","Double Tap"],"picked":"Exhume","floor":16},{"not_picked":["Corruption+1","Headbutt"],"picked":"Evolve+1","floor":18},{"not_picked":["Wild Strike","Clash"],"picked":"Iron Wave","floor":19},{"not_picked":["Clash+1","Headbutt"],"picked":"Sword Boomerang","floor":21},{"not_picked":["Evolve+1","Dropkick","Pommel Strike"],"picked":"Singing Bowl","floor":27},{"not_picked":["Anger","Wild Strike","Bloodletting"],"picked":"Singing Bowl","floor":28},{"not_picked":["Reckless Charge","Iron Wave"],"picked":"Heavy Blade","floor":31},{"not_picked":["Juggernaut+1","Offering"],"picked":"Immolate","floor":33},{"not_picked":["Blood for Blood+1","Corruption+1"],"picked":"Shrug It Off","floor":35},{"not_picked":["Sever Soul","Wild Strike+1","Body Slam"],"picked":"Singing Bowl","floor":37},{"not_picked":["Uppercut+1","Shrug It Off+1"],"picked":"Ghostly Armor+1","floor":39},{"not_picked":["Iron Wave+1","Anger+1","Shrug It Off+1"],"picked":"Singing Bowl","floor":41},{"not_picked":["Disarm+1","Clash"],"picked":"Headbutt+1","floor":45},{"not_picked":["Rage","Warcry+1"],"picked":"Limit Break","floor":47}],"player_experience":80623,"relics_obtained":[{"floor":6,"key":"Frozen Egg 2"},{"floor":11,"key":"Pen Nib"},{"floor":26,"key":"Kunai"},{"floor":41,"key":"Ancient Tea Set"},{"floor":41,"key":"PreservedInsect"},{"floor":43,"key":"Shuriken"},{"floor":46,"key":"Meat on the Bone"},{"floor":47,"key":"Dodecahedron"},{"floor":47,"key":"Orichalcum"}],"event_choices":[{"damage_healed":0,"gold_gain":175,"player_choice":"AGREE","damage_taken":0,"max_hp_gain":0,"max_hp_loss":0,"event_name":"Liars Game","floor":2,"gold_loss":0,"cards_obtained":["Doubt"]},{"cards_removed":["Doubt"],"damage_healed":0,"gold_gain":0,"player_choice":"Card Removal","damage_taken":7,"max_hp_gain":0,"max_hp_loss":0,"event_name":"Golden Wing","floor":3,"gold_loss":0},{"damage_healed":0,"gold_gain":0,"player_choice":"Take Wound","damage_taken":0,"relics_obtained":["Golden Idol"],"max_hp_gain":0,"max_hp_loss":0,"event_name":"Golden Idol","floor":10,"gold_loss":0,"cards_obtained":["Injury"]},{"damage_healed":26,"gold_gain":0,"player_choice":"Banana","damage_taken":0,"max_hp_gain":0,"max_hp_loss":0,"event_name":"Big Fish","floor":12,"gold_loss":0},{"cards_removed":["Injury"],"damage_healed":0,"gold_gain":0,"player_choice":"Card Removal","damage_taken":0,"max_hp_gain":0,"max_hp_loss":0,"event_name":"The Cleric","floor":13,"gold_loss":50},{"damage_healed":0,"gold_gain":0,"player_choice":"Opened","damage_taken":0,"relics_obtained":["Self Forming Clay"],"max_hp_gain":0,"max_hp_loss":0,"event_name":"The Mausoleum","floor":22,"gold_loss":0,"cards_obtained":["Writhe"]},{"damage_healed":0,"gold_gain":200,"player_choice":"Gold","damage_taken":0,"max_hp_gain":0,"max_hp_loss":0,"event_name":"Wheel of Change","floor":25,"gold_loss":0},{"damage_healed":0,"gold_gain":0,"player_choice":"Fight","damage_taken":0,"max_hp_gain":0,"max_hp_loss":0,"event_name":"Colosseum","floor":30,"gold_loss":0},{"damage_healed":0,"gold_gain":0,"player_choice":"Fled From Nobs","damage_taken":0,"max_hp_gain":0,"max_hp_loss":0,"event_name":"Colosseum","floor":30,"gold_loss":0},{"damage_healed":0,"gold_gain":0,"player_choice":"Upgraded","damage_taken":0,"max_hp_gain":0,"max_hp_loss":0,"event_name":"Upgrade Shrine","floor":36,"gold_loss":0,"cards_upgraded":["Limit Break"]}],"is_beta":false,"boss_relics":[{"not_picked":["Lizard Tail","Mark of Pain"],"picked":"Velvet Choker"},{"not_picked":["Busted Crown","Tiny House"],"picked":"Black Star"}],"items_purged_floors":[38],"is_endless":false,"potions_floor_spawned":[1,5,7,14,18,21,30,31,47],"killed_by":"Awakened One","ascension_level":0}