{"gold_per_floor":[11,11,24,39,56,56,69,101,101,101,115,115],"floor_reached":12,"playtime":349,"items_purged":[],"score":156,"play_id":"d79ce03b-712e-4893-a70f-5329b36169cf","local_time":"20190131214315","is_ascension_mode":true,"campfire_choices":[{"data":"White Noise","floor":6,"key":"SMITH"}],"neow_cost":"NO_GOLD","seed_source_timestamp":1833971906761200,"circlet_count":0,"master_deck":["AscendersBane","Strike_B","Strike_B","Strike_B","Strike_B","Defend_B","Defend_B","Defend_B","Defend_B","Zap","Dualcast","Electrodynamics","White Noise+1","Decay","Static Discharge","Doom and Gloom","BootSequence","Hologram","Ball Lightning","Amplify+1"],"relics":["Cracked Core","Blood Vial","Toxic Egg 2","Orichalcum"],"potions_floor_usage":[8],"damage_taken":[{"damage":8,"enemies":"Small Slimes","floor":1,"turns":2},{"damage":8,"enemies":"Cultist","floor":3,"turns":3},{"damage":9,"enemies":"Jaw Worm","floor":4,"turns":3},{"damage":12,"enemies":"3 Louse","floor":5,"turns":2},{"damage":8,"enemies":"Looter","floor":7,"turns":3},{"damage":14,"enemies":"Lagavulin","floor":8,"turns":5},{"damage":2,"enemies":"Lots of Slimes","floor":11,"turns":2},{"damage":7,"enemies":"Blue Slaver","floor":12,"turns":2}],"seed_played":"-8268139916790922811","potions_obtained":[{"floor":1,"key":"PowerPotion"},{"floor":4,"key":"Strength Potion"},{"floor":8,"key":"SpeedPotion"}],"is_trial":false,"path_per_floor":["M","?","M","M","M","R","M","E","T","?","M","M"],"character_chosen":"DEFECT","items_purchased":[],"campfire_rested":0,"item_purchase_floors":[],"current_hp_per_floor":[56,56,48,39,27,27,19,5,5,5,5,0],"gold":115,"neow_bonus":"THREE_RARE_CARDS","is_prod":false,"is_daily":false,"chose_seed":false,"campfire_upgraded":1,"win_rate":0,"timestamp":1548999795,"path_taken":["M","?","M","M","M","R","?","E","T","?","?","M"],"build_version":"2019-01-23","purchased_purges":0,"victory":false,"max_hp_per_floor":[71,71,71,71,71,71,71,71,71,71,71,71],"card_choices":[{"not_picked":["Core Surge","Rainbow"],"picked":"Electrodynamics","floor":0},{"not_picked":["Storm","Gash"],"picked":"White Noise","floor":1},{"not_picked":["Undo","Turbo"],"picked":"Static Discharge","floor":3},{"not_picked":["Cold Snap","Auto Shields"],"picked":"Doom and Gloom","floor":4},{"not_picked":["Force Field","Aggregate"],"picked":"BootSequence","floor":5},{"not_picked":["Skim","Steam"],"picked":"Hologram","floor":7},{"not_picked":["Beam Cell","Stack"],"picked":"Ball Lightning","floor":8},{"not_picked":["Static Discharge","Turbo+1"],"picked":"Amplify+1","floor":11}],"player_experience":609475,"relics_obtained":[{"floor":8,"key":"Blood Vial"},{"floor":9,"key":"Toxic Egg 2"}],"event_choices":[{"damage_healed":0,"gold_gain":0,"player_choice":"Cursed","damage_taken":0,"max_hp_gain":0,"max_hp_loss":0,"event_name":"Wheel of Change","floor":2,"gold_loss":0,"cards_obtained":["Decay"]},{"damage_healed":0,"gold_gain":0,"player_choice":"Gave Potion","damage_taken":0,"relics_obtained":["Orichalcum"],"max_hp_gain":0,"max_hp_loss":0,"event_name":"WeMeetAgain","floor":10,"gold_loss":0}],"is_beta":false,"boss_relics":[],"items_purged_floors":[],"is_endless":false,"potions_floor_spawned":[1,4,8],"killed_by":"Blue Slaver","ascension_level":18}