{"gold_per_floor":[118,132,143,153,170,170,170,170,170,170,183,183,200,218,218,314,314,328,328,363,145,163,163,182,195,195,205,205,216,232,249,249,249],"floor_reached":33,"playtime":1800,"items_purged":["Strike_R"],"score":247,"play_id":"995d2d82-05bb-4d02-a9f9-ec4c7ae36357","local_time":"20181215092919","is_ascension_mode":false,"campfire_choices":[{"data":"Spot Weakness","floor":6,"key":"SMITH"},{"data":"Seeing Red","floor":8,"key":"SMITH"},{"data":"Thunderclap","floor":10,"key":"SMITH"},{"data":"Clash","floor":12,"key":"SMITH"},{"data":"Strike_R","floor":15,"key":"SMITH"},{"floor":23,"key":"REST"},{"floor":28,"key":"REST"},{"floor":32,"key":"REST"}],"neow_cost":"TEN_PERCENT_HP_LOSS","seed_source_timestamp":189919584961668,"circlet_count":0,"master_deck":["Strike_R","Strike_R","Strike_R+1","Defend_R","Defend_R","Defend_R","Defend_R","Seeing Red+1","Spot Weakness+1","Thunderclap+1","Clash+1","Bludgeon+1","Heavy Blade+1","Heavy Blade","Cleave","Flex","Battle Trance+1","Shrug It Off","Flame Barrier","Whirlwind"],"relics":["Burning Blood","The Courier","Orrery","Red Mask","Whetstone","Nunchaku"],"potions_floor_usage":[11,16,25,30,31,33],"damage_taken":[{"damage":7,"enemies":"Cultist","floor":1,"turns":5},{"damage":8,"enemies":"Jaw Worm","floor":2,"turns":10},{"damage":0,"enemies":"2 Louse","floor":3,"turns":3},{"damage":4,"enemies":"Blue Slaver","floor":4,"turns":4},{"damage":0,"enemies":"Exordium Wildlife","floor":5,"turns":3},{"damage":23,"enemies":"Exordium Thugs","floor":11,"turns":5},{"damage":8,"enemies":"Lots of Slimes","floor":13,"turns":3},{"damage":0,"enemies":"Looter","floor":14,"turns":1},{"damage":54,"enemies":"Hexaghost","floor":16,"turns":10},{"damage":37,"enemies":"3 Byrds","floor":18,"turns":6},{"damage":30,"enemies":"Masked Bandits","floor":20,"turns":4},{"damage":14,"enemies":"2 Thieves","floor":22,"turns":3},{"damage":13,"enemies":"Centurion and Healer","floor":24,"turns":4},{"damage":25,"enemies":"Snecko","floor":25,"turns":4},{"damage":1,"enemies":"Cultist and Chosen","floor":27,"turns":4},{"damage":0,"enemies":"Centurion and Healer","floor":29,"turns":3},{"damage":13,"enemies":"Snake Plant","floor":30,"turns":3},{"damage":22,"enemies":"3 Cultists","floor":31,"turns":5},{"damage":52,"enemies":"Collector","floor":33,"turns":7}],"seed_played":"-6382920958328338636","potions_obtained":[{"floor":1,"key":"LiquidBronze"},{"floor":11,"key":"Energy Potion"},{"floor":22,"key":"Ancient Potion"},{"floor":27,"key":"Explosive Potion"},{"floor":29,"key":"BloodPotion"},{"floor":31,"key":"GamblersBrew"}],"is_trial":false,"path_per_floor":["M","M","M","M","M","R","?","R","T","R","M","R","M","M","R","B",null,"M","?","?","$","M","R","M","M","T","M","R","M","M","M","R","B"],"character_chosen":"IRONCLAD","items_purchased":["Whetstone","Flex"],"campfire_rested":3,"item_purchase_floors":[21,21],"current_hp_per_floor":[71,69,72,72,72,72,77,77,77,77,60,60,58,64,64,16,77,46,46,22,22,14,37,30,11,11,16,39,45,45,29,52,0],"gold":249,"neow_bonus":"REMOVE_TWO","is_prod":false,"is_daily":false,"chose_seed":false,"campfire_upgraded":5,"win_rate":0,"timestamp":1544884159,"path_taken":["M","M","M","M","?","R","?","R","T","R","M","R","M","M","R","BOSS","M","?","?","?","M","R","M","M","T","M","R","M","M","?","R","BOSS"],"build_version":"2018-12-13","purchased_purges":1,"victory":false,"max_hp_per_floor":[72,72,72,72,72,72,77,77,77,77,77,77,77,77,77,77,77,77,77,77,77,77,77,77,77,77,77,77,77,77,77,77,77],"card_choices":[{"not_picked":["Anger","Headbutt"],"picked":"Seeing Red","floor":1},{"not_picked":["Cleave","Body Slam"],"picked":"Spot Weakness","floor":2},{"not_picked":["Perfected Strike","Clash"],"picked":"Thunderclap","floor":3},{"not_picked":["Body Slam","Armaments","Sword Boomerang"],"picked":"SKIP","floor":4},{"not_picked":["Thunderclap","Havoc","Disarm"],"picked":"SKIP","floor":5},{"not_picked":["Infernal Blade","Disarm"],"picked":"Clash","floor":11},{"not_picked":["Thunderclap","Twin Strike","True Grit"],"picked":"SKIP","floor":13},{"not_picked":["Hemokinesis","Headbutt","Pummel"],"picked":"SKIP","floor":14},{"not_picked":["Brutality","Demon Form"],"picked":"Bludgeon","floor":16},{"not_picked":["Bloodletting","Carnage"],"picked":"Heavy Blade","floor":17},{"not_picked":["Wild Strike","Shrug It Off"],"picked":"Heavy Blade","floor":17},{"not_picked":["Heavy Blade","Wild Strike"],"picked":"Cleave","floor":18},{"not_picked":["Twin Strike","Iron Wave"],"picked":"Battle Trance+1","floor":22},{"not_picked":["Headbutt","Shockwave+1","Dual Wield"],"picked":"SKIP","floor":24},{"not_picked":["Sword Boomerang","Iron Wave+1"],"picked":"Shrug It Off","floor":25},{"not_picked":["Feel No Pain","Dark Embrace","Armaments"],"picked":"SKIP","floor":27},{"not_picked":["Perfected Strike","Infernal Blade+1","Anger"],"picked":"SKIP","floor":29},{"not_picked":["Armaments","Anger+1"],"picked":"Flame Barrier","floor":30},{"not_picked":["Uppercut","Feed"],"picked":"Whirlwind","floor":31}],"player_experience":305494,"relics_obtained":[{"floor":9,"key":"The Courier"},{"floor":20,"key":"Red Mask"},{"floor":26,"key":"Nunchaku"}],"event_choices":[{"damage_healed":0,"gold_gain":0,"player_choice":"Donut","damage_taken":0,"max_hp_gain":5,"max_hp_loss":0,"event_name":"Big Fish","floor":7,"gold_loss":0},{"damage_healed":0,"gold_gain":0,"player_choice":"Ignored","damage_taken":0,"max_hp_gain":0,"max_hp_loss":0,"event_name":"Ghosts","floor":19,"gold_loss":0},{"damage_healed":0,"gold_gain":0,"player_choice":"Fought Bandits","damage_taken":0,"max_hp_gain":0,"max_hp_loss":0,"event_name":"Masked Bandits","floor":20,"gold_loss":0}],"is_beta":false,"boss_relics":[{"not_picked":["Runic Pyramid","Fusion Hammer"],"picked":"Orrery"}],"items_purged_floors":[21],"is_endless":false,"potions_floor_spawned":[1,11,16,22,27,29,31],"killed_by":"Collector","ascension_level":0}