{"gold_per_floor":[112,123,143,155,169,169,184,195,195,209,234,234,254,268,268,368,368,388,408,29,41,41,41,41,55,80,80,100,120,120,71,71,175,175,186,203,5,5,5,5,5,5,5,5,15,32,44,44,44,44],"floor_reached":50,"playtime":3226,"items_purged":["Pain"],"score":477,"play_id":"8a6c95d4-df26-44b9-8221-75cedefb767f","local_time":"20180910151833","is_ascension_mode":false,"campfire_choices":[{"data":"Twin Strike","floor":6,"key":"SMITH"},{"data":"Spot Weakness","floor":12,"key":"SMITH"},{"floor":15,"key":"REST"},{"data":"Inflame","floor":23,"key":"SMITH"},{"data":"Headbutt","floor":24,"key":"SMITH"},{"data":"Warcry","floor":27,"key":"SMITH"},{"floor":30,"key":"REST"},{"floor":32,"key":"REST"},{"floor":40,"key":"REST"},{"data":"Warcry","floor":42,"key":"SMITH"},{"floor":44,"key":"REST"},{"floor":49,"key":"REST"}],"neow_cost":"NONE","seed_source_timestamp":320559643070021,"circlet_count":0,"master_deck":["Strike_R","Strike_R","Strike_R","Strike_R","Strike_R","Defend_R","Defend_R","Defend_R","Defend_R","Bash","Twin Strike+1","Rage","Impervious","Spot Weakness+1","Anger","Headbutt+1","Reaper","Inflame+1","Flex","Warcry+1","Headbutt+1","Warcry+1","Cleave","Twin Strike+1","Reaper","Flex+1","Inflame+1","Writhe"],"relics":["Burning Blood","Bird Faced Urn","Nunchaku","Cursed Key","WingedGreaves","Bag of Preparation","Black Star","Pear"],"potions_floor_usage":[4,10,11,11,14,16,21,28,29,33,33,45,45,45,47,50],"damage_taken":[{"damage":5,"enemies":"Cultist","floor":1,"turns":4},{"damage":8,"enemies":"2 Louse","floor":2,"turns":2},{"damage":1,"enemies":"Jaw Worm","floor":3,"turns":3},{"damage":11,"enemies":"Large Slime","floor":4,"turns":5},{"damage":9,"enemies":"Blue Slaver","floor":5,"turns":5},{"damage":5,"enemies":"Lots of Slimes","floor":7,"turns":5},{"damage":23,"enemies":"Gremlin Gang","floor":8,"turns":6},{"damage":9,"enemies":"Exordium Thugs","floor":10,"turns":6},{"damage":28,"enemies":"3 Sentries","floor":11,"turns":9},{"damage":4,"enemies":"Looter","floor":13,"turns":3},{"damage":6,"enemies":"Gremlin Gang","floor":14,"turns":3},{"damage":48,"enemies":"Slime Boss","floor":16,"turns":9},{"damage":27,"enemies":"Chosen","floor":18,"turns":5},{"damage":8,"enemies":"Spheric Guardian","floor":19,"turns":4},{"damage":21,"enemies":"Shelled Parasite and Fungi","floor":21,"turns":3},{"damage":32,"enemies":"Cultist and Chosen","floor":25,"turns":6},{"damage":28,"enemies":"Snecko","floor":28,"turns":4},{"damage":16,"enemies":"3 Cultists","floor":29,"turns":4},{"damage":57,"enemies":"Collector","floor":33,"turns":7},{"damage":19,"enemies":"Orb Walker","floor":35,"turns":3},{"damage":58,"enemies":"3 Shapes","floor":36,"turns":6},{"damage":48,"enemies":"Spire Growth","floor":45,"turns":5},{"damage":23,"enemies":"4 Shapes","floor":46,"turns":4},{"damage":12,"enemies":"Reptomancer","floor":47,"turns":5},{"damage":113,"enemies":"Donu and Deca","floor":50,"turns":6}],"seed_played":"-2399702973200128891","potions_obtained":[{"floor":2,"key":"Weak Potion"},{"floor":3,"key":"GamblersBrew"},{"floor":7,"key":"SkillPotion"},{"floor":10,"key":"SkillPotion"},{"floor":13,"key":"AttackPotion"},{"floor":14,"key":"Energy Potion"},{"floor":18,"key":"EssenceOfSteel"},{"floor":25,"key":"Explosive Potion"},{"floor":28,"key":"Ancient Potion"},{"floor":29,"key":"Ancient Potion"},{"floor":36,"key":"Explosive Potion"},{"floor":38,"key":"Fire Potion"},{"floor":46,"key":"SpeedPotion"},{"floor":47,"key":"EssenceOfSteel"}],"is_trial":false,"path_per_floor":["M","M","M","M","M","R","M","M","T","M","E","R","M","M","R","B",null,"M","M","$","M","?","R","R","M","T","R","M","M","R","$","R","B",null,"M","M","$","?","$","R","?","R","T","R","M","M","M","$","R"],"character_chosen":"IRONCLAD","items_purchased":["WingedGreaves","Flex","Warcry","SteroidPotion","Regen Potion","Explosive Potion"],"campfire_rested":6,"item_purchase_floors":[20,20,20,31,37,37],"current_hp_per_floor":[88,86,88,83,80,80,81,64,64,61,39,39,41,41,67,25,88,67,67,67,54,59,59,59,53,53,53,39,34,60,60,86,37,88,75,43,43,43,43,69,69,69,79,98,69,54,80,80,98,0],"gold":44,"neow_bonus":"TEN_PERCENT_HP_BONUS","is_prod":false,"is_daily":false,"chose_seed":false,"campfire_upgraded":6,"win_rate":0.0,"timestamp":1536607113,"path_taken":["M","M","M","M","M","R","M","M","T","M","E","R","M","M","R","BOSS","M","M","$","M","?","R","R","M","T","R","M","?","R","$","R","BOSS","M","M","$","?","?","R","?","R","T","R","M","?","?","?","R","BOSS"],"build_version":"2018-09-06","purchased_purges":1,"victory":false,"max_hp_per_floor":[88,88,88,88,88,88,88,88,88,88,88,88,88,88,88,88,88,88,88,88,88,88,88,88,88,88,88,88,88,88,88,88,88,88,88,88,88,88,88,88,88,88,98,98,98,98,98,98,98,98],"card_choices":[{"not_picked":["Warcry","Hemokinesis"],"picked":"Twin Strike","floor":1},{"not_picked":["Second Wind","Pommel Strike"],"picked":"Anger","floor":2},{"not_picked":["Perfected Strike","Armaments"],"picked":"Rage","floor":3},{"not_picked":["Second Wind","Body Slam","Rampage"],"picked":"SKIP","floor":4},{"not_picked":["Iron Wave","Feel No Pain","Body Slam"],"picked":"SKIP","floor":5},{"not_picked":["Ghostly Armor","Anger"],"picked":"Impervious","floor":7},{"not_picked":["Disarm","True Grit","Feel No Pain"],"picked":"SKIP","floor":8},{"not_picked":["Carnage","Perfected Strike"],"picked":"Spot Weakness","floor":10},{"not_picked":["Pommel Strike","Perfected Strike"],"picked":"Anger","floor":11},{"not_picked":["Sword Boomerang","Searing Blow","True Grit"],"picked":"SKIP","floor":13},{"not_picked":["Infernal Blade","Clash"],"picked":"Headbutt","floor":14},{"not_picked":["Feed","Brutality"],"picked":"Reaper","floor":16},{"not_picked":["Second Wind","Metallicize+1","Thunderclap+1"],"picked":"SKIP","floor":18},{"not_picked":["Flex","Cleave"],"picked":"Inflame","floor":19},{"not_picked":["Carnage+1","Clash"],"picked":"Headbutt+1","floor":21},{"not_picked":["Wild Strike+1","Thunderclap"],"picked":"Warcry","floor":25},{"not_picked":["Armaments","True Grit"],"picked":"Cleave","floor":28},{"not_picked":["Brutality","Shrug It Off"],"picked":"Twin Strike+1","floor":29},{"not_picked":["Impervious","Barricade"],"picked":"Reaper","floor":33},{"not_picked":["Sword Boomerang+1","Anger+1"],"picked":"Flex+1","floor":35},{"not_picked":["Pommel Strike","Sever Soul+1"],"picked":"Inflame+1","floor":36},{"not_picked":["Sentinel+1","Headbutt","Flex+1"],"picked":"SKIP","floor":45},{"not_picked":["True Grit","Second Wind","Armaments+1"],"picked":"SKIP","floor":46},{"not_picked":["Perfected Strike","Flex","Headbutt"],"picked":"SKIP","floor":47}],"player_experience":66412,"relics_obtained":[{"floor":9,"key":"Bird Faced Urn"},{"floor":11,"key":"Nunchaku"},{"floor":26,"key":"Bag of Preparation"},{"floor":43,"key":"Pear"}],"event_choices":[{"event_name":"Bonfire Elementals","player_choice":"COMMON","floor":22,"damage_taken":0},{"event_name":"The Lab","player_choice":"Got Potions","floor":38,"damage_taken":0},{"event_name":"SensoryStone","player_choice":"Memory 1","floor":41,"damage_taken":0}],"is_beta":false,"boss_relics":[{"not_picked":["Runic Dome","Calling Bell"],"picked":"Cursed Key"},{"not_picked":["Snecko Eye","Coffee Dripper"],"picked":"Black Star"}],"items_purged_floors":[37],"is_endless":false,"potions_floor_spawned":[2,3,7,10,13,14,18,25,28,29,36,46,47],"killed_by":"Donu and Deca","ascension_level":0}