{"path_per_floor":["M","M","M","?","?","R","?","M","T","M","M","R","$","M","R","B",null,"M","?","M"],"character_chosen":"THE_SILENT","items_purchased":["Catalyst","Backflip"],"gold_per_floor":[113,133,149,149,149,149,149,169,169,190,205,205,59,75,75,194,194,217,217,212],"floor_reached":21,"campfire_rested":1,"playtime":4396,"current_hp_per_floor":[68,66,64,47,52,52,52,48,58,58,52,52,52,43,68,48,85,45,45,16],"items_purged":["Strike_G"],"gold":161,"play_id":"e2998847-1e8d-4d30-93c4-ed1049ad5d2b","is_prod":false,"is_daily":false,"is_ascension_mode":false,"campfire_upgraded":2,"path_taken":["M","M","M","?","?","R","?","M","T","M","M","R","$","M","R","BOSS","M","?","M","$"],"build_version":"2018-02-01-PROD3","purchased_purges":1,"victory":false,"master_deck":["Defend_G+1","Defend_G+1","Defend_G+1","Defend_G+1","Defend_G+1","Strike_G+1","Strike_G+1","Strike_G+1","Strike_G+1","Survivor","Neutralize+1","PiercingWail","Acrobatics","Backflip","Terror+1","Leg Sweep","Catalyst","Caltrops","Bullet Time","Dagger Spray","Backflip"],"max_hp_per_floor":[70,70,70,70,75,75,75,75,85,85,85,85,85,85,85,85,85,85,85,85],"relics":["Ring of the Snake","Golden Idol","Pear","The Specimen"],"card_choices":[{"not_picked":["Dodge and Roll","Prepared"],"picked":"PiercingWail"},{"not_picked":["Masterful Stab","Riddle With Holes"],"picked":"Acrobatics"},{"not_picked":["Bane","PiercingWail"],"picked":"Backflip"},{"not_picked":["Acrobatics","Setup"],"picked":"Terror"},{"not_picked":["Deflect","PiercingWail"],"picked":"Leg Sweep"},{"not_picked":["Outmaneuver","Skewer"],"picked":"Caltrops"},{"not_picked":["Doppelganger","Tactician"],"picked":"Bullet Time"},{"not_picked":["Cloak And Dagger","Dodge and Roll"],"picked":"Dagger Spray"}],"player_experience":149805,"potions_floor_usage":[8,16],"damage_taken":[{"damage":2,"enemies":"Jaw Worm","floor":1,"turns":5},{"damage":2,"enemies":"2 Louse","floor":2,"turns":4},{"damage":2,"enemies":"Cultist","floor":3,"turns":4},{"damage":4,"enemies":"Exordium Thugs","floor":8,"turns":4},{"damage":0,"enemies":"3 Louse","floor":10,"turns":3},{"damage":6,"enemies":"Large Slime","floor":11,"turns":10},{"damage":9,"enemies":"Gremlin Gang","floor":14,"turns":9},{"damage":20,"enemies":"The Guardian","floor":16,"turns":12},{"damage":40,"enemies":"Spheric Guardian","floor":18,"turns":12},{"damage":29,"enemies":"2 Thieves","floor":20,"turns":4}],"event_choices":[{"event_name":"Golden Idol","player_choice":"Take Damage","floor":4,"damage_taken":0},{"event_name":"Big Fish","player_choice":"Donut","floor":5,"damage_taken":0},{"event_name":"Match and Keep!","player_choice":"0 cards matched","floor":7,"damage_taken":0},{"event_name":"Back to Basics","player_choice":"Simplicity","floor":19,"damage_taken":0}],"boss_relics":[{"not_picked":["Philosopher\u0027s Stone","Velvet Choker"],"picked":"The Specimen"}],"potions_floor_spawned":[3,11,18,20],"seed_played":"-8279778606895876439","ascension_level":0,"is_trial":false}