{"gold_per_floor":[12,25,25,38,38,67,67,87,155,230,1,12,12,36,36,36],"floor_reached":16,"playtime":788,"items_purged":["Defend_R"],"score":105,"play_id":"b6adc075-2e3c-446f-aa35-c2f494751c6a","local_time":"20190308101741","is_ascension_mode":true,"campfire_choices":[{"data":"Pommel Strike","floor":7,"key":"SMITH"},{"floor":15,"key":"REST"}],"neow_cost":"NO_GOLD","seed_source_timestamp":1758754622901,"circlet_count":0,"master_deck":["Strike_R","Strike_R","Strike_R","Strike_R","Defend_R","Defend_R","Rage","Seeing Red","Armaments+1","Pommel Strike+1","Shrug It Off"],"relics":["Burning Blood","Girya","Paper Frog","PreservedInsect","Oddly Smooth Stone"],"potions_floor_usage":[16],"damage_taken":[{"damage":16,"enemies":"Jaw Worm","floor":1,"turns":5},{"damage":2,"enemies":"2 Louse","floor":2,"turns":3},{"damage":3,"enemies":"Cultist","floor":4,"turns":5},{"damage":24,"enemies":"3 Sentries","floor":6,"turns":12},{"damage":1,"enemies":"Blue Slaver","floor":8,"turns":3},{"damage":4,"enemies":"Exordium Thugs","floor":12,"turns":5},{"damage":85,"enemies":"Hexaghost","floor":16,"turns":16}],"seed_played":"-99445969099696439","potions_obtained":[{"floor":6,"key":"AttackPotion"},{"floor":8,"key":"AttackPotion"}],"is_trial":false,"path_per_floor":["M","M","?","M","?","E","R","M","T","?","$","M","$","T","R","B"],"character_chosen":"IRONCLAD","items_purchased":["PreservedInsect"],"campfire_rested":1,"item_purchase_floors":[11],"current_hp_per_floor":[70,74,74,77,77,59,59,64,64,56,56,58,58,58,80,0],"gold":36,"neow_bonus":"REMOVE_TWO","is_prod":false,"is_daily":false,"chose_seed":false,"campfire_upgraded":1,"win_rate":0,"timestamp":1552000661,"path_taken":["M","M","?","M","?","E","R","?","T","?","$","M","?","?","R","BOSS"],"build_version":"2019-02-06","purchased_purges":1,"victory":false,"max_hp_per_floor":[80,80,80,80,80,80,80,80,80,80,80,80,80,80,80,80],"card_choices":[{"not_picked":["Thunderclap","Havoc"],"picked":"Rage","floor":1},{"not_picked":["Hemokinesis","Combust","Blood for Blood"],"picked":"SKIP","floor":2},{"not_picked":["True Grit","Warcry"],"picked":"Armaments","floor":4},{"not_picked":["Carnage","Wild Strike"],"picked":"Pommel Strike","floor":6},{"not_picked":["Armaments","Seeing Red","Thunderclap"],"picked":"SKIP","floor":8},{"not_picked":["True Grit","Reaper"],"picked":"Shrug It Off","floor":12}],"player_experience":498009,"relics_obtained":[{"floor":6,"key":"Girya"},{"floor":9,"key":"Paper Frog"},{"floor":14,"key":"Oddly Smooth Stone"}],"event_choices":[{"damage_healed":0,"gold_gain":0,"cards_transformed":["Bash"],"player_choice":"Change","damage_taken":0,"max_hp_gain":0,"max_hp_loss":0,"event_name":"Living Wall","floor":3,"gold_loss":0,"cards_obtained":["Seeing Red"]},{"damage_healed":0,"gold_gain":0,"player_choice":"Upgraded","damage_taken":0,"max_hp_gain":0,"max_hp_loss":0,"event_name":"Upgrade Shrine","floor":5,"gold_loss":0,"cards_upgraded":["Armaments"]},{"damage_healed":0,"gold_gain":75,"player_choice":"Touch","damage_taken":8,"max_hp_gain":0,"max_hp_loss":0,"event_name":"FaceTrader","floor":10,"gold_loss":0}],"is_beta":true,"boss_relics":[],"items_purged_floors":[11],"is_endless":false,"potions_floor_spawned":[6,8],"killed_by":"Hexaghost","ascension_level":1}