{"gold_per_floor":[16,16,16,30,55,55,5,25,25,25,43,43,81,96,96,215,215,229,1,17,17,17,17,17,42,42,42,61,84,100,125,125,254,254,267,67,83,108,133,133,171,192,215,215,240,46,46,67,67,67],"floor_reached":50,"playtime":3574,"items_purged":[],"score":802,"play_id":"247a5759-a3dc-441a-bca1-6bb0e5079eef","local_time":"20181110023847","is_ascension_mode":true,"campfire_choices":[{"data":"Turbo","floor":6,"key":"SMITH"},{"data":"Zap","floor":12,"key":"SMITH"},{"floor":15,"key":"REST"},{"data":"Defragment","floor":23,"key":"SMITH"},{"data":"Fission","floor":27,"key":"SMITH"},{"data":"Creative AI","floor":32,"key":"SMITH"},{"floor":40,"key":"REST"},{"data":"Rainbow","floor":44,"key":"SMITH"},{"data":"Creative AI","floor":47,"key":"SMITH"},{"floor":49,"key":"REST"}],"neow_cost":"NO_GOLD","seed_source_timestamp":119789548701158,"circlet_count":0,"master_deck":["AscendersBane","Defend_B","Defend_B","Defend_B","Defend_B","Zap+1","Dualcast","Meteor Strike","Go for the Eyes+1","Hello World+1","Turbo+1","Coolheaded","Leap","Rainbow+1","Redo","Fission+1","Defragment+1","Consume","Sunder","Shame","Bite","Bite","Bite","Bite","Bite","Hologram","Coolheaded","Conserve Battery","Gash","Creative AI+1","Creative AI+1","Heatsinks","Force Field","Turbo","Thunder Strike","Steam Power","Barrage+1","Heatsinks","Force Field"],"relics":["FrozenCore","Golden Idol","Letter Opener","Whetstone","Odd Mushroom","Meat on the Bone","Bag of Preparation","Sozu","Runic Capacitor","Molten Egg 2","Potion Belt","OrangePellets"],"potions_floor_usage":[16,16,18,29,30,41,50],"damage_taken":[{"damage":0,"enemies":"Cultist","floor":1,"turns":3},{"damage":0,"enemies":"Small Slimes","floor":4,"turns":3},{"damage":1,"enemies":"2 Louse","floor":5,"turns":2},{"damage":7,"enemies":"Blue Slaver","floor":8,"turns":4},{"damage":12,"enemies":"Exordium Wildlife","floor":11,"turns":5},{"damage":5,"enemies":"The Mushroom Lair","floor":13,"turns":3},{"damage":4,"enemies":"Large Slime","floor":14,"turns":5},{"damage":8,"enemies":"Hexaghost","floor":16,"turns":8},{"damage":9,"enemies":"2 Thieves","floor":18,"turns":4},{"damage":32,"enemies":"3 Byrds","floor":20,"turns":6},{"damage":18,"enemies":"Shelled Parasite and Fungi","floor":25,"turns":10},{"damage":8,"enemies":"Snecko","floor":28,"turns":6},{"damage":36,"enemies":"Centurion and Healer","floor":29,"turns":7},{"damage":39,"enemies":"Snake Plant","floor":30,"turns":4},{"damage":2,"enemies":"Chosen and Byrds","floor":31,"turns":5},{"damage":29,"enemies":"Champ","floor":33,"turns":16},{"damage":37,"enemies":"3 Darklings","floor":35,"turns":9},{"damage":13,"enemies":"3 Shapes","floor":37,"turns":7},{"damage":22,"enemies":"Writhing Mass","floor":38,"turns":7},{"damage":36,"enemies":"Transient","floor":39,"turns":5},{"damage":32,"enemies":"Nemesis","floor":41,"turns":9},{"damage":5,"enemies":"Maw","floor":42,"turns":8},{"damage":18,"enemies":"Jaw Worm Horde","floor":45,"turns":5},{"damage":34,"enemies":"Writhing Mass","floor":48,"turns":9},{"damage":76,"enemies":"Donu and Deca","floor":50,"turns":8}],"seed_played":"5796490393127681641","potions_obtained":[{"floor":8,"key":"SteroidPotion"},{"floor":11,"key":"FocusPotion"},{"floor":13,"key":"AttackPotion"},{"floor":16,"key":"AttackPotion"},{"floor":20,"key":"Poison Potion"},{"floor":29,"key":"Regen Potion"},{"floor":30,"key":"GamblersBrew"},{"floor":33,"key":"LiquidBronze"}],"is_trial":false,"path_per_floor":["M","?","?","M","M","R","?","M","T","?","M","R","?","M","R","B",null,"M","$","M","?","?","R","?","M","T","R","M","M","M","M","R","B",null,"M","$","M","M","M","R","E","M","T","R","M","$","R","M","R","B"],"character_chosen":"DEFECT","items_purchased":["Consume","Blood Vial","Runic Capacitor","OrangePellets"],"campfire_rested":3,"item_purchase_floors":[19,19,36,46],"current_hp_per_floor":[68,50,43,43,42,42,42,35,35,35,23,23,18,14,36,28,63,54,54,24,24,24,24,24,34,34,34,48,36,25,43,43,40,66,39,39,44,38,26,48,36,43,43,43,39,39,39,27,49,0],"gold":67,"neow_bonus":"THREE_RARE_CARDS","is_prod":false,"is_daily":false,"chose_seed":false,"campfire_upgraded":7,"win_rate":0,"timestamp":1541846327,"path_taken":["M","?","?","M","M","R","?","?","T","?","M","R","?","M","R","BOSS","M","$","M","?","?","R","?","M","T","R","M","M","M","M","R","BOSS","M","$","M","M","M","R","E","M","T","R","M","$","R","M","R","BOSS"],"build_version":"2018-11-08","purchased_purges":0,"victory":false,"max_hp_per_floor":[75,75,75,75,75,75,75,75,75,75,75,75,75,75,75,75,75,75,75,75,75,75,75,75,75,75,75,75,75,75,75,75,75,75,75,75,75,75,75,75,75,75,75,75,75,75,75,75,75,75],"card_choices":[{"not_picked":["Machine Learning","Core Surge"],"picked":"Meteor Strike","floor":0},{"not_picked":["Barrage","Streamline"],"picked":"Go for the Eyes","floor":1},{"not_picked":["Capacitor","Ball Lightning"],"picked":"Hello World","floor":4},{"not_picked":["Leap","Chill"],"picked":"Turbo","floor":5},{"not_picked":["Steam","Recycle"],"picked":"Coolheaded","floor":8},{"not_picked":["Go for the Eyes","Rebound"],"picked":"Leap","floor":11},{"not_picked":["Redo","Doom and Gloom"],"picked":"Rainbow","floor":13},{"not_picked":["Loop","Go for the Eyes"],"picked":"Redo","floor":14},{"not_picked":["Buffer","Core Surge"],"picked":"Fission","floor":16},{"not_picked":["Streamline","Leap"],"picked":"Defragment","floor":18},{"not_picked":["Fusion","Turbo"],"picked":"Sunder","floor":20},{"not_picked":["Consume","Melter"],"picked":"Hologram","floor":25},{"not_picked":["Cold Snap","Beam Cell"],"picked":"Coolheaded","floor":28},{"not_picked":["Ball Lightning","Sweeping Beam"],"picked":"Conserve Battery","floor":29},{"not_picked":["Scrape","Stack"],"picked":"Gash","floor":30},{"not_picked":["Redo","White Noise"],"picked":"Creative AI","floor":31},{"not_picked":["Multi-Cast","Biased Cognition"],"picked":"Creative AI","floor":33},{"not_picked":["Rebound+1","Reprogram"],"picked":"Heatsinks","floor":35},{"not_picked":["Beam Cell+1","Cold Snap"],"picked":"Force Field","floor":37},{"not_picked":["Cold Snap","Compile Driver"],"picked":"Turbo","floor":38},{"not_picked":["Beam Cell","Steam"],"picked":"Thunder Strike","floor":39},{"not_picked":["Melter+1","Gash"],"picked":"Steam Power","floor":41},{"not_picked":["Go for the Eyes+1","Lockon+1"],"picked":"Barrage+1","floor":42},{"not_picked":["Rip and Tear+1","Gash+1"],"picked":"Heatsinks","floor":45},{"not_picked":["Leap","Stack"],"picked":"Force Field","floor":48}],"player_experience":387092,"relics_obtained":[{"floor":9,"key":"Whetstone"},{"floor":13,"key":"Odd Mushroom"},{"floor":26,"key":"Bag of Preparation"},{"floor":41,"key":"Molten Egg 2"},{"floor":43,"key":"Potion Belt"}],"event_choices":[{"damage_healed":0,"gold_gain":0,"player_choice":"Take Damage","damage_taken":18,"relics_obtained":["Golden Idol"],"max_hp_gain":0,"max_hp_loss":0,"event_name":"Golden Idol","floor":2,"gold_loss":0},{"damage_healed":0,"gold_gain":0,"player_choice":"Success","damage_taken":7,"relics_obtained":["Letter Opener"],"max_hp_gain":0,"max_hp_loss":0,"event_name":"Scrap Ooze","floor":3,"gold_loss":0},{"cards_removed":["Strike_B"],"damage_healed":0,"gold_gain":0,"player_choice":"Card Removal","damage_taken":0,"max_hp_gain":0,"max_hp_loss":0,"event_name":"The Cleric","floor":7,"gold_loss":50},{"damage_healed":0,"gold_gain":0,"player_choice":"Grow","damage_taken":0,"max_hp_gain":0,"max_hp_loss":0,"event_name":"Living Wall","floor":10,"gold_loss":0,"cards_upgraded":["Hello World"]},{"damage_healed":0,"gold_gain":0,"player_choice":"Fought Mushrooms","damage_taken":0,"max_hp_gain":0,"max_hp_loss":0,"event_name":"Mushrooms","floor":13,"gold_loss":0},{"damage_healed":0,"gold_gain":0,"player_choice":"Stole Relic","damage_taken":0,"relics_obtained":["Meat on the Bone"],"max_hp_gain":0,"max_hp_loss":0,"event_name":"Addict","floor":21,"gold_loss":0,"cards_obtained":["Shame"]},{"damage_healed":0,"gold_gain":0,"player_choice":"Ignored","damage_taken":0,"max_hp_gain":0,"max_hp_loss":0,"event_name":"Beggar","floor":22,"gold_loss":0},{"damage_healed":0,"gold_gain":0,"player_choice":"Became a vampire (Vial)","damage_taken":0,"max_hp_gain":0,"max_hp_loss":0,"event_name":"Vampires","floor":24,"relics_lost":["Blood Vial"],"gold_loss":0,"cards_obtained":["Bite","Bite","Bite","Bite","Bite"]}],"is_beta":false,"boss_relics":[{"not_picked":["Black Star","Pandora\u0027s Box"],"picked":"FrozenCore"},{"not_picked":["Fusion Hammer","Coffee Dripper"],"picked":"Sozu"}],"items_purged_floors":[],"is_endless":false,"potions_floor_spawned":[8,11,13,14,16,20,29,30,33,37,41,45,48],"killed_by":"Donu and Deca","ascension_level":12}