{"gold_per_floor":[115,129,129,144,144,178,178,189,268,268,268,278,295,324,324,324],"floor_reached":16,"playtime":704,"items_purged":[],"score":144,"play_id":"28028e35-7192-49a7-87ad-7305d3a69c57","local_time":"20190303082502","is_ascension_mode":true,"campfire_choices":[{"data":"Perfected Strike","floor":7,"key":"SMITH"},{"data":"Battle Trance","floor":10,"key":"SMITH"},{"data":"Headbutt","floor":15,"key":"SMITH"}],"neow_cost":"NONE","seed_source_timestamp":49034739274967,"circlet_count":0,"master_deck":["Strike_R","Strike_R","Strike_R","Strike_R","Strike_R","Defend_R","Defend_R","Defend_R","Bash+1","Perfected Strike+1","Battle Trance+1","Headbutt+1","Twin Strike","Headbutt+1","Spot Weakness","Pommel Strike","Twin Strike"],"relics":["Burning Blood","NeowsBlessing","Peace Pipe","Blood Vial","Frozen Egg 2","Mummified Hand"],"potions_floor_usage":[14,14,14],"damage_taken":[{"damage":0,"enemies":"Small Slimes","floor":1,"turns":1},{"damage":0,"enemies":"2 Louse","floor":2,"turns":1},{"damage":0,"enemies":"Jaw Worm","floor":4,"turns":1},{"damage":44,"enemies":"Lagavulin","floor":6,"turns":6},{"damage":1,"enemies":"2 Fungi Beasts","floor":8,"turns":3},{"damage":0,"enemies":"Large Slime","floor":12,"turns":4},{"damage":5,"enemies":"Exordium Wildlife","floor":13,"turns":4},{"damage":0,"enemies":"Gremlin Nob","floor":14,"turns":2},{"damage":36,"enemies":"The Guardian","floor":16,"turns":5}],"seed_played":"6498728049122106633","potions_obtained":[{"floor":4,"key":"SteroidPotion"},{"floor":12,"key":"AttackPotion"},{"floor":13,"key":"Fire Potion"}],"is_trial":false,"path_per_floor":["M","M","?","M","?","E","R","M","T","R","?","M","M","E","R","B"],"character_chosen":"IRONCLAD","items_purchased":[],"campfire_rested":0,"item_purchase_floors":[],"current_hp_per_floor":[80,80,73,79,61,23,23,30,30,30,14,22,25,33,33,0],"gold":324,"neow_bonus":"THREE_ENEMY_KILL","is_prod":false,"is_daily":false,"chose_seed":false,"campfire_upgraded":3,"win_rate":0,"timestamp":1551569102,"path_taken":["M","M","?","M","?","E","R","M","T","R","?","M","M","E","R","BOSS"],"build_version":"2019-01-23","purchased_purges":0,"victory":false,"max_hp_per_floor":[80,80,80,80,80,80,80,80,80,80,80,80,80,80,80,80],"card_choices":[{"not_picked":["Warcry","Pummel"],"picked":"Perfected Strike","floor":1},{"not_picked":["Heavy Blade","Dual Wield"],"picked":"Battle Trance","floor":2},{"not_picked":["Hemokinesis","Clothesline"],"picked":"Headbutt","floor":4},{"not_picked":["Heavy Blade","Thunderclap"],"picked":"Twin Strike","floor":6},{"not_picked":["Anger","Iron Wave"],"picked":"Headbutt","floor":8},{"not_picked":["Flame Barrier","Searing Blow"],"picked":"Spot Weakness","floor":12},{"not_picked":["Intimidate","Bloodletting"],"picked":"Pommel Strike","floor":13},{"not_picked":["Spot Weakness","Reaper"],"picked":"Twin Strike","floor":14}],"player_experience":12720,"relics_obtained":[{"floor":6,"key":"Blood Vial"},{"floor":9,"key":"Frozen Egg 2"},{"floor":14,"key":"Mummified Hand"}],"event_choices":[{"cards_removed":["Defend_R"],"damage_healed":0,"gold_gain":0,"player_choice":"Card Removal","damage_taken":7,"max_hp_gain":0,"max_hp_loss":0,"event_name":"Golden Wing","floor":3,"gold_loss":0},{"damage_healed":0,"gold_gain":0,"player_choice":"Success","damage_taken":18,"relics_obtained":["Peace Pipe"],"max_hp_gain":0,"max_hp_loss":0,"event_name":"Scrap Ooze","floor":5,"gold_loss":0},{"damage_healed":0,"gold_gain":0,"player_choice":"Entered Light","damage_taken":16,"max_hp_gain":0,"max_hp_loss":0,"event_name":"Shining Light","floor":11,"gold_loss":0,"cards_upgraded":["Bash","Headbutt"]}],"is_beta":false,"boss_relics":[],"items_purged_floors":[],"is_endless":false,"potions_floor_spawned":[4,12,13],"killed_by":"The Guardian","ascension_level":1}