{"gold_per_floor":[111,126,140,157,176,176,205,205,205,239,351,381,35,48,48,148,148,158,168,23,37,37],"floor_reached":22,"playtime":2271,"items_purged":[],"score":200,"play_id":"197e128d-5dff-4785-9f0b-4e51a7d2d206","local_time":"20190305123132","is_ascension_mode":false,"campfire_choices":[{"floor":6,"key":"REST"},{"data":"Creative AI","floor":8,"key":"SMITH"},{"floor":15,"key":"REST"}],"neow_cost":"NONE","seed_source_timestamp":70545023406199,"circlet_count":0,"master_deck":["Strike_B","Strike_B","Strike_B","Strike_B","Defend_B","Defend_B","Defend_B","Defend_B","Zap","Dualcast","All For One","Cold Snap","Darkness","Turbo","Streamline","Creative AI+1","Conserve Battery","Auto Shields","Sunder","Electrodynamics","Redo","Defragment","Buffer","Leap","Doom and Gloom","Capacitor","Force Field","Beam Cell+1"],"relics":["Cracked Core","Boot","Dream Catcher","MawBank","Sling","Eternal Feather"],"potions_floor_usage":[7,7,10,14,14,16,18],"damage_taken":[{"damage":8,"enemies":"Small Slimes","floor":1,"turns":3},{"damage":0,"enemies":"Cultist","floor":2,"turns":3},{"damage":0,"enemies":"2 Louse","floor":3,"turns":2},{"damage":3,"enemies":"Looter","floor":4,"turns":3},{"damage":7,"enemies":"3 Louse","floor":5,"turns":3},{"damage":18,"enemies":"Gremlin Nob","floor":7,"turns":4},{"damage":17,"enemies":"Lagavulin","floor":10,"turns":8},{"damage":1,"enemies":"Exordium Wildlife","floor":12,"turns":5},{"damage":9,"enemies":"Large Slime","floor":14,"turns":4},{"damage":31,"enemies":"The Guardian","floor":16,"turns":10},{"damage":32,"enemies":"Spheric Guardian","floor":18,"turns":6},{"damage":28,"enemies":"2 Thieves","floor":19,"turns":3},{"damage":0,"enemies":"Snecko","floor":21,"turns":5},{"damage":16,"enemies":"Snake Plant","floor":22,"turns":2}],"seed_played":"-2071788392420726926","potions_obtained":[{"floor":1,"key":"Fire Potion"},{"floor":4,"key":"SkillPotion"},{"floor":5,"key":"EssenceOfSteel"},{"floor":12,"key":"EntropicBrew"},{"floor":14,"key":"Block Potion"},{"floor":19,"key":"Strength Potion"}],"is_trial":false,"path_per_floor":["?","$"],"character_chosen":"DEFECT","items_purchased":["Electrodynamics","Sling","Capacitor","Force Field"],"campfire_rested":2,"item_purchase_floors":[13,13,20,20],"current_hp_per_floor":[67,67,67,64,57,75,57,57,57,40,40,39,39,30,52,21,75,43,15,15,15,0],"gold":37,"neow_bonus":"ONE_RANDOM_RARE_CARD","is_prod":false,"is_daily":false,"chose_seed":false,"campfire_upgraded":1,"win_rate":0.0,"timestamp":1551785492,"path_taken":["M","M","M","M","M","R","E","R","T","E","?","M","$","M","R","BOSS","M","M","?","M","M"],"build_version":"2019-01-23","purchased_purges":0,"victory":false,"max_hp_per_floor":[75,75,75,75,75,75,75,75,75,75,75,75,75,75,75,75,75,75,75,75,75,75],"card_choices":[{"not_picked":["Chill","Gash"],"picked":"Cold Snap","floor":1},{"not_picked":["Ball Lightning","Sweeping Beam"],"picked":"Darkness","floor":2},{"not_picked":["Rebound","Hologram"],"picked":"Turbo","floor":3},{"not_picked":["Ball Lightning","Gash"],"picked":"Streamline","floor":4},{"not_picked":["Sweeping Beam","Streamline"],"picked":"Creative AI","floor":5},{"not_picked":["Double Energy","Sweeping Beam"],"picked":"Conserve Battery","floor":7},{"not_picked":["Consume","Melter"],"picked":"Auto Shields","floor":10},{"not_picked":["Gash","Hologram"],"picked":"Sunder","floor":12},{"not_picked":["Barrage","Beam Cell"],"picked":"Redo","floor":14},{"not_picked":["Darkness","Barrage"],"picked":"Defragment","floor":15},{"not_picked":["Fission","Biased Cognition"],"picked":"Buffer","floor":16},{"not_picked":["Heatsinks+1","Genetic Algorithm"],"picked":"Leap","floor":18},{"not_picked":["Conserve Battery","Aggregate"],"picked":"Doom and Gloom","floor":19},{"not_picked":["BootSequence","Stack"],"picked":"Beam Cell+1","floor":21}],"player_experience":22386,"relics_obtained":[{"floor":7,"key":"Boot"},{"floor":9,"key":"Dream Catcher"},{"floor":10,"key":"MawBank"}],"event_choices":[{"damage_healed":0,"gold_gain":100,"player_choice":"Gold","damage_taken":0,"max_hp_gain":0,"max_hp_loss":0,"event_name":"Wheel of Change","floor":11,"gold_loss":0}],"is_beta":false,"boss_relics":[{"not_picked":["Runic Dome","Sozu"],"picked":"Eternal Feather"}],"items_purged_floors":[],"is_endless":false,"potions_floor_spawned":[1,4,5,12,14,19],"killed_by":"Snake Plant","ascension_level":0}