{"gold_per_floor":[19,33,33,46,27,56,56,117,117,117,2,2,2,16,16,16],"floor_reached":16,"playtime":883,"items_purged":["Strike_R"],"score":193,"play_id":"b65f2e59-9100-4765-b06d-9156b5f9336c","local_time":"20190307204340","is_ascension_mode":true,"campfire_choices":[{"floor":7,"key":"REST"},{"floor":10,"key":"REST"},{"floor":12,"key":"REST"},{"data":"Flame Barrier","floor":15,"key":"SMITH"}],"neow_cost":"NO_GOLD","seed_source_timestamp":19399196240376,"circlet_count":0,"master_deck":["AscendersBane","Strike_R","Strike_R","Strike_R","Strike_R","Defend_R","Defend_R","Defend_R","Bash","Ghostly Armor","True Grit","Cleave","Offering","Shrug It Off","Battle Trance","Flame Barrier+1"],"relics":["Burning Blood","Ginger","Bag of Marbles","Tiny Chest","Anchor"],"potions_floor_usage":[5,8,14,16],"damage_taken":[{"damage":7,"enemies":"2 Louse","floor":1,"turns":4},{"damage":1,"enemies":"Cultist","floor":2,"turns":4},{"damage":0,"enemies":"Small Slimes","floor":4,"turns":4},{"damage":22,"enemies":"Exordium Thugs","floor":5,"turns":4},{"damage":55,"enemies":"Lagavulin","floor":6,"turns":6},{"damage":31,"enemies":"Gremlin Nob","floor":8,"turns":5},{"damage":0,"enemies":"3 Louse","floor":14,"turns":1},{"damage":56,"enemies":"Slime Boss","floor":16,"turns":14}],"seed_played":"3434547848778289196","potions_obtained":[{"floor":1,"key":"Weak Potion"},{"floor":2,"key":"Dexterity Potion"},{"floor":6,"key":"Explosive Potion"},{"floor":14,"key":"Block Potion"}],"is_trial":false,"path_per_floor":["M","M","?","M","M","E","R","E","T","R","$","R","?","M","R","B"],"character_chosen":"IRONCLAD","items_purchased":["Battle Trance"],"campfire_rested":3,"item_purchase_floors":[11],"current_hp_per_floor":[67,72,72,75,59,10,32,7,7,29,29,51,51,57,57,1],"gold":16,"neow_bonus":"ONE_RARE_RELIC","is_prod":false,"is_daily":false,"chose_seed":false,"campfire_upgraded":1,"win_rate":0,"timestamp":1552013020,"path_taken":["M","M","?","M","M","E","R","E","T","R","?","R","?","M","R","BOSS"],"build_version":"2019-01-23","purchased_purges":1,"victory":false,"max_hp_per_floor":[75,75,75,75,75,75,75,75,75,75,75,75,75,75,75,75],"card_choices":[{"not_picked":["Flex","Infernal Blade"],"picked":"Ghostly Armor","floor":1},{"not_picked":["Armaments","Sever Soul"],"picked":"True Grit","floor":2},{"not_picked":["Havoc","Twin Strike"],"picked":"Cleave","floor":4},{"not_picked":["Iron Wave","Flex"],"picked":"Offering","floor":5},{"not_picked":["Twin Strike","Exhume","Anger"],"picked":"SKIP","floor":6},{"not_picked":["Power Through","Intimidate"],"picked":"Shrug It Off","floor":8},{"not_picked":["Thunderclap","Headbutt"],"picked":"Flame Barrier","floor":14}],"player_experience":274397,"relics_obtained":[{"floor":6,"key":"Bag of Marbles"},{"floor":8,"key":"Tiny Chest"},{"floor":9,"key":"Anchor"}],"event_choices":[{"cards_removed":["Defend_R"],"damage_healed":0,"gold_gain":0,"player_choice":"Purged","damage_taken":0,"max_hp_gain":0,"max_hp_loss":0,"event_name":"Purifier","floor":3,"gold_loss":0},{"damage_healed":0,"gold_gain":0,"player_choice":"Ignored","damage_taken":0,"max_hp_gain":0,"max_hp_loss":0,"event_name":"Golden Wing","floor":13,"gold_loss":0}],"is_beta":false,"boss_relics":[],"items_purged_floors":[11],"is_endless":false,"potions_floor_spawned":[1,2,6,14],"killed_by":"Slime Boss","ascension_level":15}