{"gold_per_floor":[115,115,40,40,58,58,84,84,84,148,148,148,177,193,193,292,342,361,361,261,279,294,326,326,326,409,434,453,507,382,398,398,495,495,510,510,526,541,266,266,284,284,337,414,428,340,354,354],"floor_reached":48,"playtime":1221,"items_purged":["Strike_R","Strike_R","Thunderclap","Bash+1","Regret"],"score":578,"play_id":"e851449e-4192-4a24-8b5b-fcb2a5ce475d","local_time":"20190128191529","is_ascension_mode":true,"campfire_choices":[{"data":"Rampage","floor":6,"key":"SMITH"},{"data":"Bash","floor":11,"key":"SMITH"},{"data":"Defend_R","floor":15,"key":"SMITH"},{"data":"Anger","floor":25,"key":"SMITH"},{"data":"1","floor":32,"key":"LIFT"},{"data":"2","floor":40,"key":"LIFT"},{"data":"3","floor":42,"key":"LIFT"}],"neow_cost":"NONE","seed_source_timestamp":1698321969802629,"circlet_count":0,"master_deck":["Strike_R+1","Strike_R+1","Defend_R+1","Defend_R+1","Rampage+1","Double Tap+1","Anger+1","Parasite"],"relics":["Burning Blood","NeowsBlessing","Singing Bowl","Red Skull","Bronze Scales","Meat on the Bone","Unceasing Top","Tiny House","Bottled Lightning","Tiny Chest","Girya","War Paint","Cursed Key","Membership Card","Pen Nib","Dodecahedron"],"potions_floor_usage":[33,33],"damage_taken":[{"damage":0,"enemies":"2 Louse","floor":1,"turns":1},{"damage":0,"enemies":"Cultist","floor":5,"turns":1},{"damage":0,"enemies":"3 Sentries","floor":7,"turns":1},{"damage":22,"enemies":"Gremlin Nob","floor":10,"turns":3},{"damage":13,"enemies":"Lagavulin","floor":13,"turns":5},{"damage":0,"enemies":"Jaw Worm","floor":14,"turns":3},{"damage":17,"enemies":"Slime Boss","floor":16,"turns":7},{"damage":8,"enemies":"3 Byrds","floor":18,"turns":3},{"damage":2,"enemies":"Shell Parasite","floor":21,"turns":4},{"damage":21,"enemies":"Snake Plant","floor":22,"turns":3},{"damage":9,"enemies":"Gremlin Leader","floor":23,"turns":5},{"damage":43,"enemies":"Book of Stabbing","floor":27,"turns":4},{"damage":5,"enemies":"3 Cultists","floor":28,"turns":4},{"damage":0,"enemies":"Sentry and Sphere","floor":31,"turns":3},{"damage":45,"enemies":"Collector","floor":33,"turns":7},{"damage":3,"enemies":"3 Shapes","floor":35,"turns":4},{"damage":7,"enemies":"3 Darklings","floor":37,"turns":4},{"damage":0,"enemies":"Spire Growth","floor":38,"turns":2},{"damage":20,"enemies":"Writhing Mass","floor":41,"turns":5},{"damage":17,"enemies":"4 Shapes","floor":45,"turns":4},{"damage":21,"enemies":"Transient","floor":47,"turns":5},{"damage":0,"enemies":"Jaw Worm Horde","floor":48,"turns":1}],"seed_played":"-6427316240620714920","potions_obtained":[{"floor":1,"key":"PowerPotion"},{"floor":7,"key":"SteroidPotion"},{"floor":13,"key":"Strength Potion"},{"floor":22,"key":"SkillPotion"},{"floor":38,"key":"PowerPotion"},{"floor":47,"key":"EssenceOfSteel"}],"is_trial":false,"path_per_floor":["M","?","$","T","M","R","E","$","T","?","R","?","E","M","R","B",null,"M","?","$","M","M","E","?","R","T","E","M","T","$","M","R","B",null,"M","?","M","M","$","R","M","R","T","T","M","$","M","M"],"character_chosen":"IRONCLAD","items_purchased":["Membership Card"],"campfire_rested":0,"item_purchase_floors":[39],"current_hp_per_floor":[80,80,80,80,80,80,80,80,80,66,66,50,57,65,65,56,95,95,95,95,99,86,85,85,85,85,62,65,65,65,73,73,48,111,113,115,116,119,119,119,107,107,107,107,98,98,85,85],"gold":354,"neow_bonus":"THREE_ENEMY_KILL","is_prod":false,"is_daily":false,"chose_seed":false,"campfire_upgraded":4,"win_rate":0,"timestamp":1548720929,"path_taken":["M","?","$","?","?","R","E","?","T","?","R","?","E","M","R","BOSS","M","?","$","M","?","E","?","R","T","E","M","?","$","M","R","BOSS","M","?","M","M","$","R","M","R","T","?","M","$","M","M"],"build_version":"2019-01-23","purchased_purges":5,"victory":false,"max_hp_per_floor":[80,80,80,80,80,80,80,80,80,82,82,82,84,86,86,88,95,97,97,97,99,101,103,103,103,103,105,107,107,107,109,109,111,111,113,115,117,119,119,119,121,121,121,121,123,123,125,125],"card_choices":[{"not_picked":["Feel No Pain","Sword Boomerang","Warcry"],"picked":"SKIP","floor":1},{"not_picked":["Headbutt","Wild Strike"],"picked":"Rampage","floor":5},{"not_picked":["Wild Strike","Iron Wave"],"picked":"Double Tap","floor":7},{"not_picked":["Body Slam","Heavy Blade","Warcry"],"picked":"Singing Bowl","floor":10},{"not_picked":["Headbutt","Heavy Blade","Power Through"],"picked":"Singing Bowl","floor":13},{"not_picked":["Rampage","Cleave","Impervious"],"picked":"Singing Bowl","floor":14},{"not_picked":["Berserk","Dark Embrace","Reaper"],"picked":"Singing Bowl","floor":16},{"not_picked":["Clothesline","Armaments","Perfected Strike"],"picked":"Singing Bowl","floor":17},{"not_picked":["True Grit","Bloodletting","Uppercut"],"picked":"Singing Bowl","floor":18},{"not_picked":["Cleave","Rupture+1","Infernal Blade+1"],"picked":"Singing Bowl","floor":21},{"not_picked":["Warcry","Body Slam","Flex"],"picked":"Singing Bowl","floor":22},{"not_picked":["Cleave","Hemokinesis+1","Sentinel+1"],"picked":"Singing Bowl","floor":23},{"not_picked":["Fiend Fire","Shrug It Off","Juggernaut"],"picked":"Singing Bowl","floor":27},{"not_picked":["Infernal Blade","Battle Trance","Carnage"],"picked":"Singing Bowl","floor":28},{"not_picked":["Havoc","Headbutt","Entrench"],"picked":"Singing Bowl","floor":31},{"not_picked":["Fiend Fire","Bludgeon","Feed"],"picked":"Singing Bowl","floor":33},{"not_picked":["Spot Weakness+1","Heavy Blade","Body Slam"],"picked":"Singing Bowl","floor":35},{"not_picked":["Purity","Good Instincts","Jack Of All Trades"],"picked":"Singing Bowl","floor":36},{"not_picked":["Heavy Blade","Reckless Charge+1","Wild Strike"],"picked":"Singing Bowl","floor":37},{"not_picked":["Rupture","Dropkick","Bloodletting+1"],"picked":"Singing Bowl","floor":38},{"not_picked":["True Grit+1","Hemokinesis+1","Sever Soul"],"picked":"Singing Bowl","floor":41},{"not_picked":["Bloodletting+1","Intimidate","Combust+1"],"picked":"Singing Bowl","floor":45},{"not_picked":["Twin Strike+1","Pommel Strike+1","Cleave+1"],"picked":"Singing Bowl","floor":47}],"player_experience":527029,"relics_obtained":[{"floor":4,"key":"Singing Bowl"},{"floor":7,"key":"Red Skull"},{"floor":9,"key":"Bronze Scales"},{"floor":10,"key":"Meat on the Bone"},{"floor":13,"key":"Unceasing Top"},{"floor":23,"key":"Bottled Lightning"},{"floor":26,"key":"Tiny Chest"},{"floor":27,"key":"Girya"},{"floor":29,"key":"War Paint"},{"floor":43,"key":"Pen Nib"},{"floor":44,"key":"Dodecahedron"}],"event_choices":[{"damage_healed":0,"gold_gain":0,"player_choice":"0 cards matched","damage_taken":0,"max_hp_gain":0,"max_hp_loss":0,"event_name":"Match and Keep!","floor":2,"gold_loss":0,"cards_obtained":[]},{"damage_healed":0,"gold_gain":0,"player_choice":"Searched \u00271\u0027 times","damage_taken":0,"max_hp_gain":0,"max_hp_loss":0,"event_name":"Dead Adventurer","floor":10,"gold_loss":0},{"damage_healed":0,"gold_gain":0,"player_choice":"Entered Light","damage_taken":16,"max_hp_gain":0,"max_hp_loss":0,"event_name":"Shining Light","floor":12,"gold_loss":0,"cards_upgraded":["Defend_R","Strike_R"]},{"cards_removed":["Strike_R"],"damage_healed":0,"gold_gain":0,"player_choice":"Purged","damage_taken":0,"max_hp_gain":0,"max_hp_loss":0,"event_name":"Purifier","floor":19,"gold_loss":0},{"damage_healed":0,"gold_gain":0,"cards_transformed":["Defend_R","Defend_R"],"player_choice":"Became Test Subject","damage_taken":0,"max_hp_gain":0,"max_hp_loss":0,"event_name":"Drug Dealer","floor":24,"gold_loss":0,"cards_obtained":["Anger","Thunderclap"]},{"damage_healed":0,"gold_gain":0,"player_choice":"Memory 1","damage_taken":0,"max_hp_gain":0,"max_hp_loss":0,"event_name":"SensoryStone","floor":36,"gold_loss":0}],"is_beta":true,"boss_relics":[{"not_picked":["Mark of Pain","Runic Dome"],"picked":"Tiny House"},{"not_picked":["Black Star","Eternal Feather"],"picked":"Cursed Key"}],"items_purged_floors":[3,20,30,39,46],"is_endless":false,"potions_floor_spawned":[1,7,13,14,22,23,27,28,38,47],"killed_by":"Jaw Worm Horde","ascension_level":1}