{"gold_per_floor":[114,114,114,5,23,23,43,61,61,72,72,35,75,95,95,219,219,234,333,333,356,374,374,410,410],"floor_reached":25,"playtime":1142,"items_purged":[],"score":312,"play_id":"bf4a21cb-8c6b-4702-9ccd-63cd84ed8f1c","local_time":"20190202164947","is_ascension_mode":true,"campfire_choices":[{"data":"Zap","floor":6,"key":"SMITH"},{"data":"Defragment","floor":15,"key":"SMITH"},{"data":"Defragment","floor":23,"key":"SMITH"}],"neow_cost":"NONE","seed_source_timestamp":822320590306468,"circlet_count":0,"master_deck":["Strike_B","Strike_B","Defend_B","Defend_B","Defend_B","Defend_B","Zap+1","Dualcast","Creative AI","Self Repair","Thunder Strike","Auto Shields","Hello World","Ball Lightning","FTL","Defragment+1","White Noise","Hello World","Turbo","Force Field","Fission","Defragment+1","Conserve Battery","Cold Snap","Turbo+1"],"relics":["Cracked Core","Golden Idol","Thread and Needle","Coffee Dripper","Pen Nib","Bag of Preparation"],"potions_floor_usage":[13,14,16,16,24],"damage_taken":[{"damage":5,"enemies":"2 Louse","floor":1,"turns":2},{"damage":1,"enemies":"Jaw Worm","floor":5,"turns":6},{"damage":0,"enemies":"Cultist","floor":7,"turns":3},{"damage":15,"enemies":"Blue Slaver","floor":8,"turns":3},{"damage":5,"enemies":"Looter","floor":10,"turns":4},{"damage":25,"enemies":"3 Sentries","floor":13,"turns":5},{"damage":24,"enemies":"Gremlin Gang","floor":14,"turns":5},{"damage":17,"enemies":"Slime Boss","floor":16,"turns":8},{"damage":5,"enemies":"Shell Parasite","floor":18,"turns":4},{"damage":8,"enemies":"Chosen","floor":21,"turns":6},{"damage":38,"enemies":"Snake Plant","floor":22,"turns":6},{"damage":17,"enemies":"Book of Stabbing","floor":24,"turns":8},{"damage":27,"enemies":"Chosen and Byrds","floor":25,"turns":4}],"seed_played":"-4151427738303242431","potions_obtained":[{"floor":1,"key":"Energy Potion"},{"floor":10,"key":"Fire Potion"},{"floor":13,"key":"EssenceOfSteel"},{"floor":14,"key":"Fire Potion"},{"floor":22,"key":"SkillPotion"}],"is_trial":false,"path_per_floor":["M","?","?","$","M","R","M","M","T","M","?","$","E","M","R","B",null,"M","?","?","M","M","R","E","M"],"character_chosen":"DEFECT","items_purchased":["Auto Shields","Hello World","Hello World"],"campfire_rested":0,"item_purchase_floors":[4,4,12],"current_hp_per_floor":[63,63,56,56,62,62,69,61,61,63,63,63,45,28,28,18,56,51,51,51,50,19,19,9,0],"gold":410,"neow_bonus":"ONE_RANDOM_RARE_CARD","is_prod":false,"is_daily":false,"chose_seed":false,"campfire_upgraded":3,"win_rate":0,"timestamp":1549144187,"path_taken":["M","?","?","?","M","R","M","?","T","M","?","$","E","M","R","BOSS","M","?","?","M","M","R","E","M"],"build_version":"2019-01-23","purchased_purges":0,"victory":false,"max_hp_per_floor":[75,75,75,75,75,75,75,75,75,75,69,69,69,69,69,69,69,69,69,69,69,69,69,69,69],"card_choices":[{"not_picked":["Barrage","Skim"],"picked":"Self Repair","floor":1},{"not_picked":["Streamline","Beam Cell"],"picked":"Ball Lightning","floor":5},{"not_picked":["Static Discharge","Rebound"],"picked":"FTL","floor":7},{"not_picked":["Hello World","Redo"],"picked":"Defragment","floor":8},{"not_picked":["Beam Cell","Fusion"],"picked":"White Noise","floor":10},{"not_picked":["Streamline","Compile Driver"],"picked":"Turbo","floor":13},{"not_picked":["Rip and Tear","Conserve Battery"],"picked":"Force Field","floor":14},{"not_picked":["Thunder Strike","Hyperbeam"],"picked":"Fission","floor":16},{"not_picked":["Ball Lightning+1","Turbo"],"picked":"Defragment","floor":18},{"not_picked":["Gash+1","Loop"],"picked":"Conserve Battery","floor":21},{"not_picked":["Beam Cell","Static Discharge"],"picked":"Cold Snap","floor":22},{"not_picked":["Hyperbeam","Undo"],"picked":"Turbo+1","floor":24}],"player_experience":307317,"relics_obtained":[{"floor":13,"key":"Thread and Needle"},{"floor":24,"key":"Bag of Preparation"}],"event_choices":[{"damage_healed":0,"gold_gain":0,"cards_transformed":["Strike_B"],"player_choice":"Change","damage_taken":0,"max_hp_gain":0,"max_hp_loss":0,"event_name":"Living Wall","floor":2,"gold_loss":0,"cards_obtained":["Thunder Strike"]},{"cards_removed":["Strike_B"],"damage_healed":0,"gold_gain":0,"player_choice":"Card Removal","damage_taken":7,"max_hp_gain":0,"max_hp_loss":0,"event_name":"Golden Wing","floor":3,"gold_loss":0},{"damage_healed":0,"gold_gain":0,"player_choice":"Lose Max HP","damage_taken":0,"relics_obtained":["Golden Idol"],"max_hp_gain":0,"max_hp_loss":6,"event_name":"Golden Idol","floor":11,"gold_loss":0},{"damage_healed":0,"gold_gain":99,"player_choice":"Stole From Cult","damage_taken":0,"max_hp_gain":0,"max_hp_loss":0,"event_name":"Nest","floor":19,"gold_loss":0},{"damage_healed":0,"gold_gain":0,"player_choice":"Opened","damage_taken":0,"relics_obtained":["Pen Nib"],"max_hp_gain":0,"max_hp_loss":0,"event_name":"The Mausoleum","floor":20,"gold_loss":0}],"is_beta":false,"boss_relics":[{"not_picked":["Nuclear Battery","Astrolabe"],"picked":"Coffee Dripper"}],"items_purged_floors":[],"is_endless":false,"potions_floor_spawned":[1,10,13,14,22],"killed_by":"Chosen and Byrds","ascension_level":8}