{"path_per_floor":["M","M","M","$","M","R","?","M","T","$","M","E","?","M","R"],"character_chosen":"IRONCLAD","items_purchased":["Feel No Pain","Disarm"],"gold_per_floor":[119,137,151,76,93,93,93,106,152,2,12,47,47,61,61,61],"floor_reached":16,"campfire_rested":2,"playtime":828,"item_purchase_floors":[10,10],"current_hp_per_floor":[80,76,72,72,50,74,67,62,62,62,53,28,28,24,48,1],"items_purged":["Strike_R"],"gold":61,"score":104,"play_id":"6abf1d7a-2b7d-4efb-8f44-d7d637862c06","local_time":"20180527015106","is_prod":false,"is_daily":false,"chose_seed":false,"is_ascension_mode":false,"campfire_upgraded":0,"win_rate":0,"timestamp":1527407466,"campfire_choices":[{"floor":6,"key":"REST"},{"floor":15,"key":"REST"}],"path_taken":["M","M","M","$","M","R","?","M","T","$","M","E","?","M","R","BOSS"],"build_version":"2018-05-25","seed_source_timestamp":39540173406037,"purchased_purges":1,"victory":false,"master_deck":["Strike_R","Strike_R","Strike_R","Strike_R","Defend_R","Defend_R","Defend_R+1","Bash","Metallicize","Entrench+1","Sentinel","Evolve","Feel No Pain","Disarm","Evolve","Evolve","True Grit"],"max_hp_per_floor":[80,80,80,80,80,80,80,80,80,80,80,80,80,80,80,80],"relics":["Burning Blood","War Paint","Gremlin Horn"],"card_choices":[{"not_picked":["Shockwave","Power Through"],"picked":"Metallicize","floor":0},{"not_picked":["Thunderclap","Clothesline","Heavy Blade"],"picked":"SKIP","floor":1},{"not_picked":["Clash","Thunderclap"],"picked":"Entrench","floor":2},{"not_picked":["Seeing Red","Heavy Blade"],"picked":"Sentinel","floor":3},{"not_picked":["Immolate","Cleave","Sever Soul"],"picked":"SKIP","floor":5},{"not_picked":["Shockwave","Clash"],"picked":"Evolve","floor":8},{"not_picked":["Pommel Strike","Clothesline"],"picked":"Evolve","floor":11},{"not_picked":["Perfected Strike","Brutality"],"picked":"Evolve","floor":12},{"not_picked":["Pommel Strike","Warcry"],"picked":"True Grit","floor":14}],"player_experience":368889,"potions_floor_usage":[12,12],"damage_taken":[{"damage":2,"enemies":"2 Louse","floor":1,"turns":4},{"damage":10,"enemies":"Small Slimes","floor":2,"turns":6},{"damage":10,"enemies":"Jaw Worm","floor":3,"turns":8},{"damage":28,"enemies":"Lots of Slimes","floor":5,"turns":9},{"damage":11,"enemies":"2 Fungi Beasts","floor":8,"turns":5},{"damage":15,"enemies":"Exordium Thugs","floor":11,"turns":10},{"damage":31,"enemies":"Gremlin Nob","floor":12,"turns":6},{"damage":10,"enemies":"Blue Slaver","floor":14,"turns":6},{"damage":47,"enemies":"Hexaghost","floor":16,"turns":13}],"relics_obtained":[{"floor":9,"key":"War Paint"},{"floor":12,"key":"Gremlin Horn"}],"event_choices":[{"event_name":"Golden Wing","player_choice":"Card Removal","floor":7,"damage_taken":0},{"event_name":"Liars Game","player_choice":"disagreed","floor":13,"damage_taken":0}],"boss_relics":[],"items_purged_floors":[4],"potions_floor_spawned":[5,8],"seed_played":"-8932377736030425247","killed_by":"Hexaghost","ascension_level":0,"potions_obtained":[{"floor":5,"key":"Weak Potion"},{"floor":8,"key":"SteroidPotion"}],"is_trial":false}