{"gold_per_floor":[111,186,186,198,213,247,247,263,263,263,51,51,82,102,102,206,206,223,10,10,10,10,35,49,60,60,60,60,71,71,89,89,191,191,204,0,12,32,32],"floor_reached":39,"playtime":3835,"items_purged":[],"score":436,"play_id":"5f60dfc0-cdfa-4c91-b37c-bea5e224a28a","local_time":"20180909172147","is_ascension_mode":false,"campfire_choices":[{"floor":7,"key":"REST"},{"data":"Mayhem","floor":12,"key":"SMITH"},{"data":"Rampage","floor":15,"key":"SMITH"},{"floor":28,"key":"REST"},{"floor":30,"key":"REST"},{"floor":32,"key":"REST"}],"neow_cost":"NONE","seed_source_timestamp":240943956901316,"circlet_count":0,"master_deck":["Strike_R","Strike_R","Strike_R","Strike_R","Strike_R","Defend_R","Defend_R","Defend_R","Defend_R","Bash+1","Pummel","Iron Wave","Headbutt","Pommel Strike","Pommel Strike","Mayhem+1","Shrug It Off","Uppercut","Rampage+1","Berserk","Headbutt+1","Mayhem","Rage","Feed","Cleave+1","Intimidate","Bash","Rampage","Body Slam","Fire Breathing+1","Seeing Red","Double Tap","Cleave+1","Blood for Blood+1","Fire Breathing+1"],"relics":["Burning Blood","Potion Belt","PreservedInsect","Gremlin Horn","Cursed Key","Boot","Coffee Dripper","Red Mask"],"potions_floor_usage":[13,24,31,33,38],"damage_taken":[{"damage":5,"enemies":"Jaw Worm","floor":1,"turns":5},{"damage":0,"enemies":"Small Slimes","floor":4,"turns":3},{"damage":4,"enemies":"2 Louse","floor":5,"turns":5},{"damage":53,"enemies":"Gremlin Nob","floor":6,"turns":6},{"damage":4,"enemies":"Blue Slaver","floor":8,"turns":4},{"damage":13,"enemies":"3 Sentries","floor":13,"turns":7},{"damage":0,"enemies":"Large Slime","floor":14,"turns":4},{"damage":68,"enemies":"The Guardian","floor":16,"turns":10},{"damage":14,"enemies":"3 Byrds","floor":18,"turns":5},{"damage":39,"enemies":"Slavers","floor":23,"turns":5},{"damage":25,"enemies":"2 Thieves","floor":24,"turns":3},{"damage":28,"enemies":"Centurion and Healer","floor":25,"turns":6},{"damage":9,"enemies":"Snecko","floor":29,"turns":5},{"damage":10,"enemies":"Chosen and Byrds","floor":31,"turns":4},{"damage":70,"enemies":"Collector","floor":33,"turns":9},{"damage":34,"enemies":"3 Darklings","floor":35,"turns":4},{"damage":7,"enemies":"3 Shapes","floor":37,"turns":4},{"damage":40,"enemies":"Transient","floor":38,"turns":5},{"damage":43,"enemies":"Sphere and 2 Shapes","floor":39,"turns":4}],"seed_played":"-3936904991628225680","potions_obtained":[{"floor":5,"key":"GamblersBrew"},{"floor":6,"key":"FairyPotion"},{"floor":18,"key":"EssenceOfSteel"},{"floor":29,"key":"Block Potion"},{"floor":31,"key":"LiquidBronze"},{"floor":37,"key":"Swift Potion"}],"is_trial":false,"path_per_floor":["M","?","?","M","M","E","R","M","T","?","$","R","E","M","R","B",null,"M","$","?","$","T","E","M","M","T","?","R","M","R","M","R","B",null,"M","?","M","M"],"character_chosen":"IRONCLAD","items_purchased":["Mayhem","Shrug It Off","Mayhem"],"campfire_rested":4,"item_purchase_floors":[11,11,19],"current_hp_per_floor":[88,77,77,83,85,38,64,66,66,88,88,88,81,87,87,25,88,80,80,80,80,80,47,31,9,9,9,36,33,60,56,83,19,91,63,63,62,28,0],"gold":32,"neow_bonus":"TEN_PERCENT_HP_BONUS","is_prod":false,"is_daily":false,"chose_seed":false,"campfire_upgraded":2,"win_rate":0.0,"timestamp":1536528107,"path_taken":["M","?","?","M","?","E","R","M","T","?","$","R","E","M","R","BOSS","M","$","?","?","?","E","M","?","T","?","R","M","R","?","R","BOSS","M","?","?","M","M"],"build_version":"2018-09-06","purchased_purges":0,"victory":false,"max_hp_per_floor":[88,88,88,88,88,88,88,88,88,88,88,88,88,88,88,88,88,88,88,88,88,88,88,91,91,91,91,91,91,91,91,91,91,91,91,91,91,91,91],"card_choices":[{"not_picked":["True Grit","Sword Boomerang"],"picked":"Pummel","floor":1},{"not_picked":["Thunderclap","Power Through"],"picked":"Iron Wave","floor":4},{"not_picked":["Rupture","Anger"],"picked":"Headbutt","floor":5},{"not_picked":["Clothesline","Ghostly Armor"],"picked":"Pommel Strike","floor":6},{"not_picked":["Body Slam","Twin Strike"],"picked":"Pommel Strike","floor":8},{"not_picked":["Entrench","Twin Strike"],"picked":"Uppercut","floor":13},{"not_picked":["Twin Strike","Dropkick"],"picked":"Rampage","floor":14},{"not_picked":["Juggernaut","Impervious"],"picked":"Berserk","floor":16},{"not_picked":["Clash","Thunderclap"],"picked":"Headbutt+1","floor":18},{"not_picked":["Body Slam+1","Entrench+1"],"picked":"Feed","floor":23},{"not_picked":["Twin Strike","Headbutt+1"],"picked":"Cleave+1","floor":24},{"not_picked":["Body Slam","Warcry"],"picked":"Intimidate","floor":25},{"not_picked":["Flex","Perfected Strike"],"picked":"Fire Breathing+1","floor":29},{"not_picked":["Intimidate","Searing Blow"],"picked":"Seeing Red","floor":31},{"not_picked":["Offering","Brutality"],"picked":"Double Tap","floor":33},{"not_picked":["Twin Strike","Second Wind"],"picked":"Cleave+1","floor":35},{"not_picked":["Heavy Blade","Hemokinesis+1"],"picked":"Blood for Blood+1","floor":37},{"not_picked":["Seeing Red","Hemokinesis"],"picked":"Fire Breathing+1","floor":38}],"player_experience":20962,"relics_obtained":[{"floor":6,"key":"Potion Belt"},{"floor":9,"key":"PreservedInsect"},{"floor":13,"key":"Gremlin Horn"},{"floor":23,"key":"Boot"}],"event_choices":[{"event_name":"World of Goop","player_choice":"Gather Gold","floor":2,"damage_taken":0},{"event_name":"Living Wall","player_choice":"Grow","floor":3,"damage_taken":0},{"event_name":"Big Fish","player_choice":"Banana","floor":10,"damage_taken":0},{"event_name":"The Library","player_choice":"Read","floor":20,"damage_taken":0},{"event_name":"Match and Keep!","player_choice":"3 cards matched","floor":27,"damage_taken":0},{"event_name":"Tomb of Lord Red Mask","player_choice":"Paid","floor":36,"damage_taken":0}],"is_beta":false,"boss_relics":[{"not_picked":["Runic Dome","Snecko Eye"],"picked":"Cursed Key"},{"not_picked":["Empty Cage","Philosopher\u0027s Stone"],"picked":"Coffee Dripper"}],"items_purged_floors":[],"is_endless":false,"potions_floor_spawned":[5,6,18,29,31,37],"killed_by":"Sphere and 2 Shapes","ascension_level":0}