{"gold_per_floor":[116,127,139,149,149,149,164,164,164,186,186,186,186,217,229,341,353,381,393,424,436,464,476,500,512,524,386,386,402,402,412,412,412],"floor_reached":33,"playtime":1855,"items_purged":[],"score":239,"play_id":"055efea1-caae-48d8-b05d-115fe087e98a","local_time":"20181210143111","is_ascension_mode":false,"campfire_choices":[{"data":"Poisoned Stab","floor":6,"key":"SMITH"},{"data":"Crippling Poison","floor":11,"key":"SMITH"},{"floor":15,"key":"REST"},{"floor":23,"key":"REST"},{"data":"Noxious Fumes","floor":25,"key":"SMITH"},{"floor":32,"key":"REST"}],"neow_cost":"NONE","seed_source_timestamp":920822698210434,"circlet_count":0,"master_deck":["Defend_G+1","Defend_G+1","Defend_G+1","Defend_G+1","Defend_G+1","Strike_G+1","Strike_G+1","Strike_G+1","Strike_G+1","Strike_G+1","Survivor","Neutralize","Poisoned Stab+1","Blur","PiercingWail","Crippling Poison+1","Poisoned Stab","Bullet Time","Noxious Fumes+1","Bane"],"relics":["Ring of the Snake","Dodecahedron","Odd Mushroom","MawBank","Runic Dome","Kunai","Regal Pillow","MutagenicStrength"],"potions_floor_usage":[10,10,16,22,24,29,33],"damage_taken":[{"damage":0,"enemies":"Jaw Worm","floor":1,"turns":5},{"damage":1,"enemies":"Small Slimes","floor":2,"turns":3},{"damage":0,"enemies":"2 Louse","floor":3,"turns":2},{"damage":0,"enemies":"Red Slaver","floor":4,"turns":5},{"damage":0,"enemies":"Looter","floor":7,"turns":4},{"damage":0,"enemies":"The Mushroom Lair","floor":10,"turns":5},{"damage":1,"enemies":"Lots of Slimes","floor":14,"turns":3},{"damage":10,"enemies":"Hexaghost","floor":16,"turns":10},{"damage":8,"enemies":"Spheric Guardian","floor":18,"turns":6},{"damage":0,"enemies":"3 Byrds","floor":20,"turns":4},{"damage":10,"enemies":"Snecko","floor":22,"turns":5},{"damage":0,"enemies":"Centurion and Healer","floor":24,"turns":7},{"damage":15,"enemies":"Sentry and Sphere","floor":29,"turns":4},{"damage":7,"enemies":"Snake Plant","floor":31,"turns":4},{"damage":80,"enemies":"Collector","floor":33,"turns":7}],"seed_played":"7625148864208670240","potions_obtained":[{"floor":0,"key":"LiquidBronze"},{"floor":0,"key":"SteroidPotion"},{"floor":0,"key":"GhostInAJar"},{"floor":14,"key":"Strength Potion"},{"floor":20,"key":"Strength Potion"},{"floor":22,"key":"Ancient Potion"},{"floor":31,"key":"FearPotion"}],"is_trial":false,"path_per_floor":["M","M","M","M","?","R","M","?","T","?","R","$","T","M","R","B",null,"M","?","M","?","M","R","M","R","T","$","?","M","?","M","R","B"],"character_chosen":"THE_SILENT","items_purchased":["Regal Pillow"],"campfire_rested":3,"item_purchase_floors":[27],"current_hp_per_floor":[70,69,69,69,55,55,55,55,55,55,55,55,55,54,70,60,70,62,62,62,62,52,70,70,70,70,70,70,55,42,35,72,0],"gold":412,"neow_bonus":"THREE_SMALL_POTIONS","is_prod":false,"is_daily":false,"chose_seed":false,"campfire_upgraded":3,"win_rate":0.0,"timestamp":1544470271,"path_taken":["M","M","M","M","?","R","M","?","T","?","R","$","?","M","R","BOSS","M","?","M","?","M","R","M","R","T","$","?","M","?","M","R","BOSS"],"build_version":"2018-12-06","purchased_purges":0,"victory":false,"max_hp_per_floor":[70,70,70,70,70,70,70,70,70,70,70,70,70,70,70,70,70,70,70,70,70,70,70,70,70,70,70,70,70,75,75,75,75],"card_choices":[{"not_picked":["Blade Dance","Prepared"],"picked":"Poisoned Stab","floor":1},{"not_picked":["Riddle With Holes","Footwork","Dash"],"picked":"SKIP","floor":2},{"not_picked":["Dodge and Roll","Bane"],"picked":"Blur","floor":3},{"not_picked":["Escape Plan","Deflect"],"picked":"PiercingWail","floor":4},{"not_picked":["Bane","Poisoned Stab"],"picked":"Crippling Poison","floor":7},{"not_picked":["All Out Attack","Acrobatics"],"picked":"Poisoned Stab","floor":10},{"not_picked":["Masterful Stab","Distraction","All Out Attack"],"picked":"SKIP","floor":14},{"not_picked":["A Thousand Cuts","Venomology"],"picked":"Bullet Time","floor":16},{"not_picked":["Dodge and Roll","Leg Sweep","Acrobatics"],"picked":"SKIP","floor":18},{"not_picked":["Blade Dance","Outmaneuver+1"],"picked":"Noxious Fumes","floor":20},{"not_picked":["Underhanded Strike","Outmaneuver+1","Cloak And Dagger"],"picked":"SKIP","floor":22},{"not_picked":["Distraction","Heel Hook","Well Laid Plans"],"picked":"SKIP","floor":24},{"not_picked":["Slice","Endless Agony"],"picked":"Bane","floor":29},{"not_picked":["Cloak And Dagger","Bane","Dagger Throw"],"picked":"SKIP","floor":31}],"player_experience":233136,"relics_obtained":[{"floor":9,"key":"Dodecahedron"},{"floor":10,"key":"Odd Mushroom"},{"floor":13,"key":"MawBank"},{"floor":26,"key":"Kunai"}],"event_choices":[{"damage_healed":0,"gold_gain":0,"player_choice":"Entered Light","damage_taken":14,"max_hp_gain":0,"max_hp_loss":0,"event_name":"Shining Light","floor":5,"gold_loss":0,"cards_upgraded":["Strike_G","Defend_G"]},{"damage_healed":0,"gold_gain":0,"player_choice":"Searched \u00271\u0027 times","damage_taken":0,"max_hp_gain":0,"max_hp_loss":0,"event_name":"Dead Adventurer","floor":8,"gold_loss":0},{"damage_healed":0,"gold_gain":0,"player_choice":"Fought Mushrooms","damage_taken":0,"max_hp_gain":0,"max_hp_loss":0,"event_name":"Mushrooms","floor":10,"gold_loss":0},{"damage_healed":0,"gold_gain":0,"player_choice":"Ignored","damage_taken":0,"max_hp_gain":0,"max_hp_loss":0,"event_name":"Ghosts","floor":19,"gold_loss":0},{"damage_healed":0,"gold_gain":0,"player_choice":"Simplicity","damage_taken":0,"max_hp_gain":0,"max_hp_loss":0,"event_name":"Back to Basics","floor":21,"gold_loss":0,"cards_upgraded":["Defend_G","Defend_G","Defend_G","Defend_G","Strike_G","Strike_G","Strike_G","Strike_G"]},{"damage_healed":0,"gold_gain":0,"player_choice":"Inject Mutagens","damage_taken":0,"relics_obtained":["MutagenicStrength"],"max_hp_gain":0,"max_hp_loss":0,"event_name":"Drug Dealer","floor":28,"gold_loss":0},{"damage_healed":0,"gold_gain":0,"player_choice":"Shed Blood","damage_taken":18,"max_hp_gain":5,"max_hp_loss":0,"event_name":"Forgotten Altar","floor":30,"gold_loss":0}],"is_beta":false,"boss_relics":[{"not_picked":["Coffee Dripper","Eternal Feather"],"picked":"Runic Dome"}],"items_purged_floors":[],"is_endless":false,"potions_floor_spawned":[2,7,14,20,22,31],"killed_by":"Collector","ascension_level":0}