{"gold_per_floor":[20,37,37,212,6,34,34,50,50,50,68,102,116,151,151,255,255,275,45,145,160,178,204,204],"floor_reached":24,"playtime":1120,"items_purged":["Doubt"],"score":300,"play_id":"ae78730d-5253-4abe-8da8-06bb2c533e49","local_time":"20181011043948","is_ascension_mode":true,"campfire_choices":[{"data":"Bash","floor":7,"key":"SMITH"},{"data":"Hemokinesis","floor":10,"key":"SMITH"},{"data":"Rupture","floor":15,"key":"SMITH"}],"neow_cost":"NO_GOLD","seed_source_timestamp":4389452692699,"circlet_count":0,"master_deck":["Strike_R","Strike_R","Strike_R","Strike_R","Strike_R","Defend_R","Defend_R","Defend_R","Defend_R","Bash+1","Flame Barrier","Combust+1","Pommel Strike","Hemokinesis+1","Spot Weakness","Fire Breathing","Rupture+1","Combust","Brutality","Cleave","Reckless Charge","Sword Boomerang","Havoc+1","Barricade"],"relics":["Burning Blood","StoneCalendar","PreservedInsect","Bottled Flame","Lantern","Kunai","Red Skull","Busted Crown","Pen Nib","Incense Burner","Dodecahedron","Happy Flower"],"potions_floor_usage":[16,16,20,20,23],"damage_taken":[{"damage":11,"enemies":"Jaw Worm","floor":1,"turns":4},{"damage":0,"enemies":"Small Slimes","floor":2,"turns":3},{"damage":18,"enemies":"3 Sentries","floor":6,"turns":5},{"damage":1,"enemies":"Cultist","floor":8,"turns":3},{"damage":8,"enemies":"3 Louse","floor":11,"turns":3},{"damage":17,"enemies":"Lagavulin","floor":12,"turns":5},{"damage":18,"enemies":"Exordium Wildlife","floor":13,"turns":3},{"damage":2,"enemies":"Gremlin Nob","floor":14,"turns":2},{"damage":42,"enemies":"Hexaghost","floor":16,"turns":7},{"damage":30,"enemies":"Shell Parasite","floor":18,"turns":5},{"damage":17,"enemies":"Colosseum Slavers","floor":20,"turns":2},{"damage":40,"enemies":"Colosseum Nobs","floor":20,"turns":3},{"damage":6,"enemies":"Chosen","floor":21,"turns":3},{"damage":7,"enemies":"Centurion and Healer","floor":22,"turns":4},{"damage":14,"enemies":"Book of Stabbing","floor":23,"turns":2},{"damage":14,"enemies":"Cultist and Chosen","floor":24,"turns":1}],"seed_played":"-3213674819241182285","potions_obtained":[{"floor":2,"key":"Regen Potion"},{"floor":8,"key":"LiquidBronze"},{"floor":13,"key":"BloodPotion"},{"floor":14,"key":"Energy Potion"},{"floor":16,"key":"AttackPotion"},{"floor":20,"key":"SteroidPotion"},{"floor":22,"key":"Poison Potion"}],"is_trial":false,"path_per_floor":["M","M","?","?","$","E","R","M","T","R","M","E","M","E","R","B",null,"M","$","?","M","M","E"],"character_chosen":"IRONCLAD","items_purchased":["PreservedInsect","Pommel Strike","Pen Nib"],"campfire_rested":0,"item_purchase_floors":[5,5,19],"current_hp_per_floor":[75,80,80,80,80,68,68,73,73,73,71,60,48,52,52,16,80,56,56,19,19,18,10,0],"gold":204,"neow_bonus":"ONE_RARE_RELIC","is_prod":false,"is_daily":false,"chose_seed":false,"campfire_upgraded":3,"win_rate":0,"timestamp":1539257988,"path_taken":["M","M","?","?","$","E","R","M","T","R","M","E","?","E","R","BOSS","M","$","?","M","M","E","M"],"build_version":"2018-10-04v2","purchased_purges":1,"victory":false,"max_hp_per_floor":[80,80,80,80,80,80,80,80,80,80,80,80,80,80,80,80,80,80,80,80,80,80,80,80],"card_choices":[{"not_picked":["Armaments","Twin Strike"],"picked":"Flame Barrier","floor":1},{"not_picked":["Rage","Rupture"],"picked":"Combust","floor":2},{"not_picked":["Clash","Seeing Red","Thunderclap"],"picked":"SKIP","floor":6},{"not_picked":["Armaments","Perfected Strike"],"picked":"Hemokinesis","floor":8},{"not_picked":["Second Wind","Warcry"],"picked":"Spot Weakness","floor":11},{"not_picked":["True Grit","Sword Boomerang"],"picked":"Fire Breathing","floor":12},{"not_picked":["Dual Wield","Warcry"],"picked":"Rupture","floor":13},{"not_picked":["Heavy Blade","Pummel"],"picked":"Combust","floor":14},{"not_picked":["Exhume","Juggernaut"],"picked":"Brutality","floor":16},{"not_picked":[],"picked":"Cleave","floor":18},{"not_picked":[],"picked":"Reckless Charge","floor":20},{"not_picked":[],"picked":"Sword Boomerang","floor":21},{"not_picked":[],"picked":"Havoc+1","floor":22},{"not_picked":[],"picked":"Barricade","floor":23}],"player_experience":233859,"relics_obtained":[{"floor":6,"key":"Bottled Flame"},{"floor":9,"key":"Lantern"},{"floor":12,"key":"Kunai"},{"floor":14,"key":"Red Skull"},{"floor":20,"key":"Incense Burner"},{"floor":20,"key":"Dodecahedron"},{"floor":23,"key":"Happy Flower"}],"event_choices":[{"event_name":"Living Wall","player_choice":"Grow","floor":3,"damage_taken":0},{"event_name":"Liars Game","player_choice":"agreed","floor":4,"damage_taken":0},{"event_name":"Colosseum","player_choice":"Fight","floor":20,"damage_taken":0},{"event_name":"Colosseum","player_choice":"Fought Nobs","floor":20,"damage_taken":0}],"is_beta":false,"boss_relics":[{"not_picked":["Astrolabe","Snecko Eye"],"picked":"Busted Crown"}],"items_purged_floors":[19],"is_endless":false,"potions_floor_spawned":[2,8,13,14,16,20,22],"killed_by":"Cultist and Chosen","ascension_level":3}