{"gold_per_floor":[110,130,130,143,156,121,121,33,33,33,33,50,50,84,84,84],"floor_reached":16,"playtime":763,"items_purged":[],"score":195,"play_id":"a96263cb-aed2-4db3-aae7-51f526afd07e","local_time":"20190120184359","is_ascension_mode":true,"campfire_choices":[{"data":"Zap","floor":7,"key":"SMITH"},{"data":"Ball Lightning","floor":13,"key":"SMITH"},{"floor":15,"key":"REST"}],"neow_cost":"NONE","seed_source_timestamp":1005664888082323,"circlet_count":0,"master_deck":["AscendersBane","Strike_B","Strike_B","Strike_B","Defend_B","Defend_B","Defend_B","Defend_B","Zap+1","Dualcast","Ball Lightning+1","Cold Snap","Chill","Go for the Eyes","Hologram+1","All For One","Machine Learning"],"relics":["Cracked Core","Kunai","Ornamental Fan"],"potions_floor_usage":[16,16],"damage_taken":[{"damage":0,"enemies":"Small Slimes","floor":1,"turns":2},{"damage":4,"enemies":"Jaw Worm","floor":2,"turns":3},{"damage":0,"enemies":"Cultist","floor":4,"turns":3},{"damage":25,"enemies":"Large Slime","floor":5,"turns":5},{"damage":13,"enemies":"3 Louse","floor":12,"turns":2},{"damage":5,"enemies":"Lagavulin","floor":14,"turns":5},{"damage":55,"enemies":"Slime Boss","floor":16,"turns":10}],"seed_played":"765886430327280248","potions_obtained":[{"floor":2,"key":"SpeedPotion"},{"floor":14,"key":"Block Potion"}],"is_trial":false,"path_per_floor":["M","M","?","M","M","?","R","$","T","$","?","M","R","E","R","B"],"character_chosen":"DEFECT","items_purchased":["All For One"],"campfire_rested":1,"item_purchase_floors":[8],"current_hp_per_floor":[64,60,53,53,28,45,45,45,45,45,45,32,32,27,48,0],"gold":84,"neow_bonus":"THREE_CARDS","is_prod":false,"is_daily":false,"chose_seed":false,"campfire_upgraded":2,"win_rate":0,"timestamp":1548027839,"path_taken":["M","M","?","M","M","?","R","$","T","$","?","M","R","E","R","BOSS"],"build_version":"2019-01-19","purchased_purges":0,"victory":false,"max_hp_per_floor":[71,71,71,71,71,71,71,71,71,71,71,71,71,71,71,71],"card_choices":[{"not_picked":["Compile Driver","Beam Cell"],"picked":"Ball Lightning","floor":0},{"not_picked":["Ball Lightning","Conserve Battery"],"picked":"Cold Snap","floor":1},{"not_picked":["Barrage","Genetic Algorithm"],"picked":"Chill","floor":2},{"not_picked":["Genetic Algorithm","Redo"],"picked":"Go for the Eyes","floor":4},{"not_picked":["Stack","Scrape"],"picked":"Hologram","floor":5},{"not_picked":["Stack","Rebound","Redo"],"picked":"SKIP","floor":12},{"not_picked":["Compile Driver","Skim"],"picked":"Machine Learning","floor":14}],"player_experience":467027,"relics_obtained":[{"floor":9,"key":"Kunai"},{"floor":14,"key":"Ornamental Fan"}],"event_choices":[{"cards_removed":["Strike_B"],"damage_healed":0,"gold_gain":0,"player_choice":"Card Removal","damage_taken":7,"max_hp_gain":0,"max_hp_loss":0,"event_name":"Golden Wing","floor":3,"gold_loss":0},{"damage_healed":17,"gold_gain":0,"player_choice":"Healed","damage_taken":0,"max_hp_gain":0,"max_hp_loss":0,"event_name":"The Cleric","floor":6,"gold_loss":35},{"damage_healed":0,"gold_gain":0,"player_choice":"Upgraded","damage_taken":0,"max_hp_gain":0,"max_hp_loss":0,"event_name":"Upgrade Shrine","floor":11,"gold_loss":0,"cards_upgraded":["Hologram"]}],"is_beta":true,"boss_relics":[],"items_purged_floors":[],"is_endless":false,"potions_floor_spawned":[2,14],"killed_by":"Slime Boss","ascension_level":19}