{"gold_per_floor":[210,22,37,37,50,75,94,106,106,121,121,46,46,46,46,46],"floor_reached":16,"playtime":572,"items_purged":["Strike_G"],"score":204,"play_id":"509b4f47-84bb-4e67-8934-76b1d4fc74c1","local_time":"20181112110831","is_ascension_mode":true,"campfire_choices":[{"floor":11.0,"key":"REST"},{"floor":13.0,"key":"REST"},{"data":"Noxious Fumes","floor":15.0,"key":"SMITH"}],"neow_cost":"NONE","seed_source_timestamp":920898756615818,"circlet_count":0,"master_deck":["AscendersBane","Defend_G","Defend_G","Defend_G","Defend_G","Defend_G","Strike_G","Strike_G","Strike_G","Survivor","Neutralize","Noxious Fumes+1","Cloak And Dagger","Crippling Poison","Well Laid Plans","Crippling Poison"],"special_seed":0,"relics":["Ring of the Snake","Bottled Tornado","Molten Egg 2"],"potions_floor_usage":[],"damage_taken":[{"damage":1.0,"enemies":"Small Slimes","floor":1.0,"turns":4.0},{"damage":2.0,"enemies":"Cultist","floor":3.0,"turns":4.0},{"damage":0.0,"enemies":"Jaw Worm","floor":5.0,"turns":5.0},{"damage":16.0,"enemies":"Lagavulin","floor":6.0,"turns":8.0},{"damage":9.0,"enemies":"Red Slaver","floor":7.0,"turns":4.0},{"damage":8.0,"enemies":"Looter","floor":8.0,"turns":4.0},{"damage":13.0,"enemies":"Lots of Slimes","floor":10.0,"turns":3.0},{"damage":75,"enemies":"Slime Boss","floor":16,"turns":12}],"seed_played":"8923255476253395506","potions_obtained":[{"floor":1.0,"key":"Ancient Potion"},{"floor":7.0,"key":"SkillPotion"},{"floor":10.0,"key":"FairyPotion"},{"floor":14.0,"key":"SneckoOil"},{"floor":14.0,"key":"FairyPotion"}],"is_trial":false,"path_per_floor":["M","$","M","?","M","E","M","M","T","M","R","$","R","?","R","B"],"character_chosen":"THE_SILENT","items_purchased":["Noxious Fumes","Cloak And Dagger","Crippling Poison"],"campfire_rested":2,"item_purchase_floors":[2,2,2],"current_hp_per_floor":[58,58,56,56,56,40,31,23,23,10,29,29,48,48,48,0],"gold":46,"neow_bonus":"HUNDRED_GOLD","is_prod":false,"is_daily":false,"chose_seed":false,"campfire_upgraded":1,"win_rate":0,"timestamp":1542049711,"path_taken":["M","$","M","?","M","E","?","M","T","M","R","$","R","?","R","BOSS"],"build_version":"2018-11-08","purchased_purges":1,"victory":false,"max_hp_per_floor":[66,66,66,66,66,66,66,66,66,66,66,66,66,66,66,66],"card_choices":[{"not_picked":["Masterful Stab","Dagger Throw","Flying Knee"],"picked":"SKIP","floor":1.0},{"not_picked":["PiercingWail","Sucker Punch"],"picked":"Well Laid Plans","floor":3.0},{"not_picked":["Acrobatics","Concentrate","Underhanded Strike"],"picked":"SKIP","floor":5.0},{"not_picked":["Calculated Gamble","Caltrops","Concentrate"],"picked":"SKIP","floor":6.0},{"not_picked":["Bane","Dodge and Roll"],"picked":"Crippling Poison","floor":7.0},{"not_picked":["Distraction","All Out Attack","Dagger Spray"],"picked":"SKIP","floor":8.0},{"not_picked":["Dagger Spray+1","Acrobatics","Flechettes+1"],"picked":"SKIP","floor":10.0}],"player_experience":637794,"relics_obtained":[{"floor":6.0,"key":"Bottled Tornado"},{"floor":9.0,"key":"Molten Egg 2"}],"event_choices":[{"cards_removed":["Strike_G"],"damage_healed":0.0,"max_hp_gain":0.0,"max_hp_loss":0.0,"gold_gain":0.0,"event_name":"Purifier","player_choice":"Purged","floor":4.0,"gold_loss":0.0,"damage_taken":0.0},{"damage_healed":0.0,"max_hp_gain":0.0,"max_hp_loss":0.0,"gold_gain":0.0,"event_name":"Lab","player_choice":"Got Potions","floor":14.0,"gold_loss":0.0,"damage_taken":0.0}],"is_beta":false,"boss_relics":[],"items_purged_floors":[12],"is_endless":false,"potions_floor_spawned":[1,7,10],"killed_by":"Slime Boss","ascension_level":20}