{"path_per_floor":["M","M","?","M","M","R","M","R","T","M","M","E","M","E","R","B",null,"M","?","?","M","M","R","$","R","T","?","?","$","E","T","R","B",null,"M","?","?","M","?","R","E","R","T","$","M","M","?","E","R","B"],"character_chosen":"DEFECT","items_purchased":["Regal Pillow","Bag of Marbles","GamblersBrew","Gash+1","Lee\u0027s Waffle","Defragment"],"gold_per_floor":[110,128,203,218,233,233,248,248,273,287,301,333,347,381,381,476,476,491,491,491,504,524,524,295,295,342,342,367,36,70,70,70,166,166,186,186,186,202,424,424,453,453,453,3,14,29,29,57,57,57],"floor_reached":51,"campfire_rested":3,"playtime":2054,"item_purchase_floors":[24,29,29,44,44,44],"current_hp_per_floor":[75,75,64,58,54,54,44,44,44,42,42,40,40,31,31,19,75,69,69,69,67,52,52,52,52,52,52,46,46,31,31,68,28,75,39,39,39,37,37,74,37,37,37,79,79,72,72,51,79,43],"items_purged":["Strike_B","Strike_B","Parasite"],"gold":57,"score":897,"play_id":"b305e363-04e0-4688-8a4e-3272b14ffb53","local_time":"20180606172517","is_prod":false,"is_daily":false,"chose_seed":false,"is_ascension_mode":true,"campfire_upgraded":6,"win_rate":0,"timestamp":1528273517,"campfire_choices":[{"data":"Streamline","floor":6,"key":"SMITH"},{"data":"Beam Cell","floor":8,"key":"SMITH"},{"data":"Hologram","floor":15,"key":"SMITH"},{"data":"Electrodynamics","floor":23,"key":"SMITH"},{"data":"Seek","floor":25,"key":"SMITH"},{"floor":32,"key":"REST"},{"floor":40,"key":"REST"},{"data":"Redo","floor":42,"key":"SMITH"},{"floor":49,"key":"REST"}],"path_taken":["M","M","?","M","?","R","M","R","T","?","M","E","M","E","R","BOSS","M","?","?","M","?","R","$","R","T","?","?","?","E","?","R","BOSS","M","?","?","M","?","R","E","R","T","?","M","?","?","E","R","BOSS"],"build_version":"2018-05-31","seed_source_timestamp":990711367322226,"purchased_purges":3,"victory":true,"master_deck":["Zap+1","Dualcast","Hologram+1","Gash","Beam Cell+1","Streamline+1","Go for the Eyes+1","Steam","Electrodynamics+1","Ball Lightning+1","Seek+1","Redo+1","Beam Cell+1","Capacitor","Coolheaded+1","Echo Form","Beam Cell+1","Leap","Sweeping Beam+1","Redo+1","Compile Driver+1","Reinforced Body+1","Skim+1","All For One+1","Gash+1","Defragment","Go for the Eyes+1","Stack+1","Coolheaded+1"],"max_hp_per_floor":[75,75,75,75,75,75,75,75,75,75,75,75,75,75,75,75,75,75,75,75,75,75,75,75,75,75,75,75,75,75,75,75,75,75,75,75,75,75,75,75,75,75,75,79,79,79,79,79,79,79],"relics":["Cracked Core","Oddly Smooth Stone","War Paint","Ancient Tea Set","Cursed Key","Regal Pillow","Art of War","Red Mask","Bag of Marbles","Bag of Preparation","Molten Egg 2","Pandora\u0027s Box","Whetstone","Lee\u0027s Waffle","Boot"],"card_choices":[{"not_picked":["Stack","Recycle"],"picked":"Hologram","floor":1},{"not_picked":["Ball Lightning","Melter"],"picked":"Gash","floor":2},{"not_picked":["Turbo","Streamline"],"picked":"Beam Cell","floor":4},{"not_picked":["Blizzard","Sweeping Beam"],"picked":"Streamline","floor":5},{"not_picked":["Streamline","Rip and Tear"],"picked":"Go for the Eyes","floor":7},{"not_picked":["Doom and Gloom","Cold Snap"],"picked":"Steam","floor":10},{"not_picked":["Coolheaded","Hologram"],"picked":"Electrodynamics","floor":11},{"not_picked":["Doom and Gloom","Blizzard","Stack"],"picked":"SKIP","floor":12},{"not_picked":["Rebound","Chaos","Steam"],"picked":"SKIP","floor":13},{"not_picked":["Barrage","Conserve Battery"],"picked":"Ball Lightning","floor":14},{"not_picked":["Amplify","Hyperbeam"],"picked":"Seek","floor":16},{"not_picked":["Redo+1","Barrage","Conserve Battery"],"picked":"SKIP","floor":18},{"not_picked":["Barrage","Conserve Battery"],"picked":"Redo+1","floor":18},{"not_picked":["Redo","Conserve Battery+1"],"picked":"Beam Cell+1","floor":21},{"not_picked":["Leap","Doom and Gloom"],"picked":"Capacitor","floor":22},{"not_picked":["Leap","Streamline+1"],"picked":"Coolheaded+1","floor":28},{"not_picked":["Rebound","Chaos","Beam Cell"],"picked":"SKIP","floor":30},{"not_picked":["Fission","Machine Learning"],"picked":"Echo Form","floor":33},{"not_picked":["Leap+1","Double Energy"],"picked":"Reinforced Body+1","floor":35},{"not_picked":["Recycle+1","Barrage+1"],"picked":"Skim+1","floor":38},{"not_picked":["Redo","Gash+1"],"picked":"All For One+1","floor":41},{"not_picked":["Capacitor+1","Rip and Tear+1"],"picked":"Go for the Eyes+1","floor":45},{"not_picked":["Streamline+1","Skim"],"picked":"Stack+1","floor":46},{"not_picked":["Ball Lightning+1","Leap+1"],"picked":"Coolheaded+1","floor":48}],"player_experience":493335,"potions_floor_usage":[12,30,33,50,50],"damage_taken":[{"damage":0,"enemies":"Cultist","floor":1,"turns":3},{"damage":0,"enemies":"Small Slimes","floor":2,"turns":4},{"damage":6,"enemies":"2 Louse","floor":4,"turns":2},{"damage":4,"enemies":"2 Fungi Beasts","floor":5,"turns":3},{"damage":10,"enemies":"3 Louse","floor":7,"turns":2},{"damage":2,"enemies":"Red Slaver","floor":10,"turns":3},{"damage":0,"enemies":"2 Fungi Beasts","floor":11,"turns":2},{"damage":2,"enemies":"3 Sentries","floor":12,"turns":2},{"damage":0,"enemies":"Large Slime","floor":13,"turns":2},{"damage":9,"enemies":"Lagavulin","floor":14,"turns":6},{"damage":12,"enemies":"Hexaghost","floor":16,"turns":7},{"damage":6,"enemies":"Shell Parasite","floor":18,"turns":4},{"damage":2,"enemies":"2 Thieves","floor":21,"turns":3},{"damage":15,"enemies":"Snake Plant","floor":22,"turns":3},{"damage":6,"enemies":"가면 도적단","floor":28,"turns":3},{"damage":15,"enemies":"Slavers","floor":30,"turns":2},{"damage":40,"enemies":"Collector","floor":33,"turns":7},{"damage":36,"enemies":"3 Darklings","floor":35,"turns":4},{"damage":2,"enemies":"Orb Walker","floor":38,"turns":3},{"damage":37,"enemies":"Nemesis","floor":41,"turns":7},{"damage":0,"enemies":"Sphere and 2 Shapes","floor":45,"turns":3},{"damage":7,"enemies":"Maw","floor":46,"turns":5},{"damage":21,"enemies":"2 Orb Walkers","floor":48,"turns":4},{"damage":36,"enemies":"Awakened One","floor":50,"turns":8}],"relics_obtained":[{"floor":9,"key":"Oddly Smooth Stone"},{"floor":12,"key":"War Paint"},{"floor":14,"key":"Ancient Tea Set"},{"floor":26,"key":"Art of War"},{"floor":28,"key":"Red Mask"},{"floor":30,"key":"Bag of Preparation"},{"floor":31,"key":"Molten Egg 2"},{"floor":43,"key":"Whetstone"},{"floor":48,"key":"Boot"}],"event_choices":[{"event_name":"World of Goop","player_choice":"Gather Gold","floor":3,"damage_taken":0},{"event_name":"The Woman in Blue","player_choice":"Bought 0 Potions","floor":19,"damage_taken":0},{"event_name":"Ghosts","player_choice":"Ignored","floor":20,"damage_taken":0},{"event_name":"The Mausoleum","player_choice":"No","floor":27,"damage_taken":0},{"event_name":"Masked Bandits","player_choice":"Fought over 342 gold","floor":28,"damage_taken":0},{"event_name":"Fountain of Cleansing","player_choice":"Removed Curse","floor":36,"damage_taken":0},{"event_name":"Tomb of Lord Red Mask","player_choice":"Wore Mask","floor":39,"damage_taken":0},{"event_name":"Mysterious Sphere","player_choice":"Ignore","floor":47,"damage_taken":0}],"boss_relics":[{"not_picked":["Velvet Choker","Lizard Tail"],"picked":"Cursed Key"},{"not_picked":["Snecko Eye","White Beast Statue"],"picked":"Pandora\u0027s Box"}],"items_purged_floors":[24,29,44],"potions_floor_spawned":[2,4,10,11,30,33,38,46],"seed_played":"-3908310009027911612","ascension_level":4,"potions_obtained":[{"floor":2,"key":"Explosive Potion"},{"floor":4,"key":"Weak Potion"},{"floor":10,"key":"SteroidPotion"},{"floor":11,"key":"FairyPotion"},{"floor":30,"key":"SkillPotion"},{"floor":33,"key":"Explosive Potion"},{"floor":38,"key":"FocusPotion"}],"is_trial":false}