{"gold_per_floor":[119,134,151,151,151,181,181,208,208,173,208,208,43,62,62,162,162,176,207,217,115,126,126,157,157,203,229,328,8,8,8,8,110,110,125,125,142,142,155,155,184,7,33,33,95,95,367,380,380,380,380,380,19,50,50],"floor_reached":56,"playtime":5909,"items_purged":["Strike_G","Strike_G","Strike_G+1","Strike_G+1"],"score":1354,"play_id":"9e102e41-d7b8-43c6-9ec9-ad0ed590c7f3","local_time":"20190222185953","is_ascension_mode":true,"campfire_choices":[{"floor":7,"key":"REST"},{"floor":12,"key":"RECALL"},{"data":"Cloak And Dagger","floor":15,"key":"SMITH"},{"floor":23,"key":"REST"},{"floor":25,"key":"REST"},{"floor":30,"key":"REST"},{"floor":32,"key":"REST"},{"floor":40,"key":"REST"},{"floor":46,"key":"REST"},{"floor":49,"key":"REST"},{"data":"Choke","floor":52,"key":"SMITH"}],"neow_cost":"PERCENT_DAMAGE","seed_source_timestamp":64437495876976,"circlet_count":0,"master_deck":["Defend_G+1","Defend_G+1","Defend_G+1","Defend_G+1","Defend_G+1","Survivor+1","Neutralize+1","Dagger Spray+1","Caltrops+1","Terror+1","Dash+1","Accuracy+1","All Out Attack+1","Dash+1","Blade Dance+1","Accuracy+1","Cloak And Dagger+1","Envenom+1","Outmaneuver+1","Infinite Blades+1","Prepared+1","Dash+1","Flying Knee+1","Cloak And Dagger+1","Adrenaline+1","Backstab+1","Leg Sweep+1","Backflip+1","Cloak And Dagger+1","Regret","Deflect+1","Choke+1","Accuracy","Trip","Deflect+1"],"relics":["Ring of the Serpent","Mango","Paper Crane","Thread and Needle","Tingsha","Tough Bandages","Red Mask","Regal Pillow","Bag of Marbles","Dream Catcher","Snake Skull","Cursed Key","Bronze Scales","Mark of the Bloom","Blood Vial","PreservedInsect","SsserpentHead","Bottled Tornado"],"potions_floor_usage":[6,6,16,16,24,24,37,50,50,54,55],"damage_taken":[{"damage":0,"enemies":"2 Louse","floor":1,"turns":3},{"damage":2,"enemies":"Jaw Worm","floor":2,"turns":6},{"damage":2,"enemies":"Small Slimes","floor":3,"turns":3},{"damage":11,"enemies":"Lagavulin","floor":6,"turns":8},{"damage":0,"enemies":"Gremlin Nob","floor":8,"turns":5},{"damage":10,"enemies":"3 Sentries","floor":11,"turns":8},{"damage":13,"enemies":"Exordium Thugs","floor":14,"turns":5},{"damage":0,"enemies":"Slime Boss","floor":16,"turns":6},{"damage":6,"enemies":"Shell Parasite","floor":18,"turns":5},{"damage":47,"enemies":"Masked Bandits","floor":19,"turns":6},{"damage":0,"enemies":"3 Byrds","floor":20,"turns":5},{"damage":0,"enemies":"Snecko","floor":22,"turns":5},{"damage":33,"enemies":"Slavers","floor":24,"turns":7},{"damage":53,"enemies":"Gremlin Leader","floor":27,"turns":7},{"damage":27,"enemies":"Champ","floor":33,"turns":9},{"damage":2,"enemies":"3 Shapes","floor":35,"turns":5},{"damage":8,"enemies":"3 Darklings","floor":37,"turns":4},{"damage":5,"enemies":"Writhing Mass","floor":39,"turns":4},{"damage":0,"enemies":"Reptomancer","floor":41,"turns":4},{"damage":1,"enemies":"Spire Growth","floor":45,"turns":4},{"damage":12,"enemies":"Sphere and 2 Shapes","floor":48,"turns":4},{"damage":17,"enemies":"Awakened One","floor":50,"turns":10},{"damage":13,"enemies":"Shield and Spear","floor":54,"turns":4},{"damage":20,"enemies":"The Heart","floor":55,"turns":8}],"seed_played":"3306916351532476562","potions_obtained":[{"floor":2,"key":"Poison Potion"},{"floor":3,"key":"LiquidBronze"},{"floor":11,"key":"Strength Potion"},{"floor":14,"key":"PowerPotion"},{"floor":19,"key":"SpeedPotion"},{"floor":20,"key":"GamblersBrew"},{"floor":35,"key":"Fire Potion"},{"floor":45,"key":"PowerPotion"},{"floor":54,"key":"Ancient Potion"}],"is_trial":false,"path_per_floor":["M","M","M","?","?","E","R","E","T","?","E","R","$","M","R","B",null,"M","?","M","$","M","R","E","R","T","E","?","$","R","?","R","B",null,"M","?","M","?","M","R","E","$","T","?","M","R","?","M","R","B",null,"R","$","E","B",null],"character_chosen":"THE_SILENT","items_purchased":["Dash","Blade Dance","Accuracy","Prepared","Snake Skull","Regen Potion","Dexterity Potion","Accuracy","Block Potion","Trip"],"campfire_rested":8,"item_purchase_floors":[13,13,13,21,29,29,42,53,53,53],"current_hp_per_floor":[63,61,59,52,45,34,59,59,59,80,70,70,70,57,57,57,84,78,31,31,31,31,56,23,63,63,10,10,10,50,50,84,57,84,82,82,74,74,69,69,69,69,69,69,68,68,68,56,56,39,39,39,39,26,6],"gold":50,"neow_bonus":"ONE_RARE_RELIC","is_prod":false,"is_daily":false,"chose_seed":false,"campfire_upgraded":2,"win_rate":0,"timestamp":1550872793,"path_taken":["M","M","M","?","?","E","R","E","T","?","E","R","$","M","R","BOSS","M","?","M","$","M","R","E","R","T","E","?","$","R","?","R","BOSS","M","?","?","?","M","R","E","$","T","?","?","R","?","M","R","BOSS","R","$","E","BOSS"],"build_version":"2019-01-23","purchased_purges":4,"victory":true,"max_hp_per_floor":[84,84,84,84,84,84,84,84,84,84,84,84,84,84,84,84,84,84,84,84,84,84,84,84,84,84,84,84,84,84,84,84,84,84,84,84,84,84,84,84,84,84,84,84,84,84,84,84,84,84,84,84,84,84,84],"card_choices":[{"not_picked":["Masterful Stab","All Out Attack"],"picked":"Dagger Spray","floor":1},{"not_picked":["Dash","Acrobatics"],"picked":"Caltrops","floor":2},{"not_picked":["Deflect","Distraction"],"picked":"Terror","floor":3},{"not_picked":["Underhanded Strike","Night Terror"],"picked":"Dash","floor":6},{"not_picked":["Dodge and Roll","Dagger Throw"],"picked":"Accuracy","floor":8},{"not_picked":["Reflex","Expertise"],"picked":"All Out Attack","floor":11},{"not_picked":["Blade Dance","Sucker Punch"],"picked":"Cloak And Dagger","floor":14},{"not_picked":["Venomology","A Thousand Cuts"],"picked":"Envenom","floor":16},{"not_picked":["PiercingWail","Backflip","Sucker Punch"],"picked":"SKIP","floor":18},{"not_picked":["Accuracy","Catalyst+1"],"picked":"Outmaneuver+1","floor":19},{"not_picked":["PiercingWail","Footwork"],"picked":"Infinite Blades","floor":20},{"not_picked":["Dodge and Roll","Bouncing Flask+1","Slice"],"picked":"SKIP","floor":22},{"not_picked":["Dodge and Roll","Cloak And Dagger"],"picked":"Dash+1","floor":24},{"not_picked":["Venomology","Dodge and Roll","Calculated Gamble+1"],"picked":"SKIP","floor":27},{"not_picked":["Acrobatics+1","Reflex"],"picked":"Flying Knee","floor":30},{"not_picked":["Bane","Slice"],"picked":"Cloak And Dagger","floor":32},{"not_picked":["Envenom","Night Terror"],"picked":"Adrenaline","floor":33},{"not_picked":["Quick Slash","Dagger Throw"],"picked":"Backstab+1","floor":35},{"not_picked":["Well Laid Plans","Dagger Spray"],"picked":"Leg Sweep","floor":37},{"not_picked":["Cloak And Dagger+1","Dodge and Roll"],"picked":"Backflip+1","floor":39},{"not_picked":["Prepared","Poisoned Stab"],"picked":"Cloak And Dagger+1","floor":40},{"not_picked":["Masterful Stab","Wraith Form v2","Dodge and Roll+1"],"picked":"SKIP","floor":41},{"not_picked":["Tactician","Flechettes+1"],"picked":"Deflect+1","floor":45},{"not_picked":["Catalyst+1","Outmaneuver+1","Prepared"],"picked":"SKIP","floor":48},{"not_picked":["Deflect","Heel Hook"],"picked":"Choke","floor":49},{"not_picked":["Endless Agony","Poisoned Stab+1"],"picked":"Deflect+1","floor":54}],"player_experience":117310,"relics_obtained":[{"floor":6,"key":"Thread and Needle"},{"floor":8,"key":"Tingsha"},{"floor":11,"key":"Tough Bandages"},{"floor":19,"key":"Red Mask"},{"floor":24,"key":"Regal Pillow"},{"floor":26,"key":"Bag of Marbles"},{"floor":27,"key":"Dream Catcher"},{"floor":41,"key":"Blood Vial"},{"floor":43,"key":"PreservedInsect"},{"floor":54,"key":"Bottled Tornado"}],"event_choices":[{"cards_removed":["Strike_G"],"damage_healed":0,"gold_gain":0,"player_choice":"Card Removal","damage_taken":7,"max_hp_gain":0,"max_hp_loss":0,"event_name":"Golden Wing","floor":4,"gold_loss":0},{"damage_healed":0,"gold_gain":0,"player_choice":"Success","damage_taken":7,"relics_obtained":["Paper Crane"],"max_hp_gain":0,"max_hp_loss":0,"event_name":"Scrap Ooze","floor":5,"gold_loss":0},{"damage_healed":21,"gold_gain":0,"player_choice":"Healed","damage_taken":0,"max_hp_gain":0,"max_hp_loss":0,"event_name":"The Cleric","floor":10,"gold_loss":35},{"damage_healed":0,"gold_gain":0,"player_choice":"Fought Bandits","damage_taken":0,"max_hp_gain":0,"max_hp_loss":0,"event_name":"Masked Bandits","floor":19,"gold_loss":0},{"damage_healed":0,"gold_gain":99,"player_choice":"Stole From Cult","damage_taken":0,"max_hp_gain":0,"max_hp_loss":0,"event_name":"Nest","floor":28,"gold_loss":0},{"damage_healed":0,"gold_gain":0,"player_choice":"Ignored","damage_taken":0,"max_hp_gain":0,"max_hp_loss":0,"event_name":"Vampires","floor":31,"gold_loss":0},{"damage_healed":0,"gold_gain":0,"player_choice":"Gave Potion","damage_taken":0,"relics_obtained":["Bronze Scales"],"max_hp_gain":0,"max_hp_loss":0,"event_name":"WeMeetAgain","floor":36,"gold_loss":0},{"damage_healed":0,"gold_gain":0,"player_choice":"Upgrade","damage_taken":0,"relics_obtained":["Mark of the Bloom"],"max_hp_gain":0,"max_hp_loss":0,"event_name":"MindBloom","floor":38,"gold_loss":0,"cards_upgraded":["Defend_G","Defend_G","Defend_G","Defend_G","Defend_G","Strike_G","Strike_G","Survivor","Neutralize","Dagger Spray","Caltrops","Terror","Dash","Accuracy","All Out Attack","Dash","Blade Dance","Accuracy","Envenom","Infinite Blades","Prepared","Flying Knee","Cloak And Dagger","Adrenaline","Leg Sweep"]},{"damage_healed":0,"gold_gain":0,"player_choice":"Trade","damage_taken":0,"relics_obtained":["SsserpentHead"],"max_hp_gain":0,"max_hp_loss":0,"event_name":"FaceTrader","floor":44,"gold_loss":0},{"damage_healed":0,"gold_gain":222,"player_choice":"Wore Mask","damage_taken":0,"max_hp_gain":0,"max_hp_loss":0,"event_name":"Tomb of Lord Red Mask","floor":47,"gold_loss":0}],"is_beta":false,"boss_relics":[{"not_picked":["Runic Dome","Ectoplasm"],"picked":"Ring of the Serpent"},{"not_picked":["Eternal Feather","Astrolabe"],"picked":"Cursed Key"}],"items_purged_floors":[21,29,42,53],"is_endless":false,"potions_floor_spawned":[2,3,11,14,19,20,35,45,54],"ascension_level":1}