{"gold_per_floor":[113,113,113,113,124,124,136,136,182,213,213,242,254,271,271,271],"floor_reached":16,"playtime":909,"items_purged":[],"score":132,"play_id":"cb0d3bdd-a722-46c6-a8d8-131162d07f61","local_time":"20190306142454","is_ascension_mode":true,"campfire_choices":[{"data":"Zap","floor":6,"key":"SMITH"},{"data":"Coolheaded","floor":8,"key":"SMITH"},{"data":"Capacitor","floor":11,"key":"SMITH"},{"floor":15,"key":"REST"}],"neow_cost":"NONE","seed_source_timestamp":43826846319108,"circlet_count":0,"master_deck":["Strike_B","Strike_B","Strike_B","Defend_B","Defend_B","Defend_B","Defend_B","Zap+1","Dualcast+1","Coolheaded+1","Capacitor+1","Glacier","Glacier"],"relics":["Cracked Core","NeowsBlessing","Centennial Puzzle","Singing Bowl","Happy Flower"],"potions_floor_usage":[10,10,14,16],"damage_taken":[{"damage":0,"enemies":"2 Louse","floor":1,"turns":1},{"damage":0,"enemies":"Small Slimes","floor":5,"turns":1},{"damage":0,"enemies":"Jaw Worm","floor":7,"turns":1},{"damage":24,"enemies":"Gremlin Nob","floor":10,"turns":4},{"damage":41,"enemies":"3 Sentries","floor":12,"turns":8},{"damage":1,"enemies":"Red Slaver","floor":13,"turns":4},{"damage":1,"enemies":"Lots of Slimes","floor":14,"turns":6},{"damage":24,"enemies":"Hexaghost","floor":16,"turns":14}],"seed_played":"-8097158844822951902","potions_obtained":[{"floor":1,"key":"Dexterity Potion"},{"floor":7,"key":"FocusPotion"},{"floor":12,"key":"SteroidPotion"},{"floor":14,"key":"Poison Potion"}],"is_trial":false,"path_per_floor":["M","?","?","?","M","R","M","R","T","E","R","E","M","M","R","B"],"character_chosen":"DEFECT","items_purchased":[],"campfire_rested":1,"item_purchase_floors":[],"current_hp_per_floor":[75,68,68,68,68,68,68,68,68,44,44,3,2,3,26,2],"gold":271,"neow_bonus":"THREE_ENEMY_KILL","is_prod":false,"is_daily":false,"chose_seed":false,"campfire_upgraded":3,"win_rate":0,"timestamp":1551903894,"path_taken":["M","?","?","?","?","R","M","R","T","E","R","E","M","M","R","BOSS"],"build_version":"2019-01-23","purchased_purges":0,"victory":false,"max_hp_per_floor":[75,75,75,75,75,75,75,75,75,75,75,75,75,77,77,77],"card_choices":[{"not_picked":["Heatsinks","Stack","Scrape"],"picked":"SKIP","floor":1},{"not_picked":["Stack","Go for the Eyes","Rebound"],"picked":"SKIP","floor":5},{"not_picked":["Compile Driver","Go for the Eyes"],"picked":"Coolheaded","floor":7},{"not_picked":["Hologram","Reinforced Body"],"picked":"Capacitor","floor":10},{"not_picked":["Creative AI","Capacitor"],"picked":"Glacier","floor":12},{"not_picked":["Heatsinks","Cold Snap"],"picked":"Glacier","floor":13},{"not_picked":["Hologram","Ball Lightning","Loop"],"picked":"Singing Bowl","floor":14}],"player_experience":230945,"relics_obtained":[{"floor":9,"key":"Centennial Puzzle"},{"floor":10,"key":"Singing Bowl"},{"floor":12,"key":"Happy Flower"}],"event_choices":[{"cards_removed":["Strike_B"],"damage_healed":0,"gold_gain":0,"player_choice":"Card Removal","damage_taken":7,"max_hp_gain":0,"max_hp_loss":0,"event_name":"Golden Wing","floor":2,"gold_loss":0},{"damage_healed":0,"gold_gain":0,"player_choice":"Ignored","damage_taken":0,"max_hp_gain":0,"max_hp_loss":0,"event_name":"Liars Game","floor":3,"gold_loss":0},{"damage_healed":0,"gold_gain":0,"player_choice":"Grow","damage_taken":0,"max_hp_gain":0,"max_hp_loss":0,"event_name":"Living Wall","floor":4,"gold_loss":0,"cards_upgraded":["Dualcast"]}],"is_beta":false,"boss_relics":[],"items_purged_floors":[],"is_endless":false,"potions_floor_spawned":[1,7,12,14],"killed_by":"Hexaghost","ascension_level":4}