{"gold_per_floor":[110,110,110,126,142,160,224,224,247,279,291],"floor_reached":11,"playtime":448,"items_purged":[],"score":75,"play_id":"3cbb72a6-43d0-4b84-b9a3-3d1ec9556a8d","local_time":"20181225033929","is_ascension_mode":false,"campfire_choices":[{"data":"Capacitor","floor":8,"key":"SMITH"}],"neow_cost":"NONE","seed_source_timestamp":237390594762390,"circlet_count":0,"master_deck":["Strike_B","Strike_B","Strike_B","Strike_B","Defend_B","Defend_B","Zap","Dualcast","Gash","Gash","Blizzard","Capacitor+1","Cold Snap"],"relics":["Cracked Core","Golden Idol","Tiny Chest","MawBank"],"potions_floor_usage":[7,7,11],"damage_taken":[{"damage":3,"enemies":"Jaw Worm","floor":1,"turns":3},{"damage":1,"enemies":"Cultist","floor":4,"turns":3},{"damage":5,"enemies":"Small Slimes","floor":5,"turns":2},{"damage":9,"enemies":"Blue Slaver","floor":6,"turns":3},{"damage":20,"enemies":"Lagavulin","floor":7,"turns":5},{"damage":24,"enemies":"Lots of Slimes","floor":10,"turns":4},{"damage":7,"enemies":"Gremlin Gang","floor":11,"turns":2}],"seed_played":"1209956433033453657","potions_obtained":[{"floor":1,"key":"Weak Potion"},{"floor":6,"key":"SpeedPotion"},{"floor":10,"key":"Energy Potion"}],"is_trial":false,"path_per_floor":["M","?","?","M","M","M","E","R","T","M","M"],"character_chosen":"DEFECT","items_purchased":[],"campfire_rested":0,"item_purchase_floors":[],"current_hp_per_floor":[72,69,69,68,63,54,34,34,34,10,3],"gold":291,"neow_bonus":"REMOVE_CARD","is_prod":false,"is_daily":false,"chose_seed":false,"campfire_upgraded":1,"win_rate":0,"timestamp":1545727169,"path_taken":["M","?","?","?","M","M","E","R","T","M","M"],"build_version":"2018-12-20","purchased_purges":0,"victory":false,"max_hp_per_floor":[75,69,69,69,69,69,69,69,69,69,69],"card_choices":[{"not_picked":["Aggregate","Stack"],"picked":"Gash","floor":1},{"not_picked":["Melter","Stack","Hologram"],"picked":"SKIP","floor":4},{"not_picked":["Darkness","Redo","Recycle"],"picked":"SKIP","floor":5},{"not_picked":["Fusion","Rebound"],"picked":"Blizzard","floor":6},{"not_picked":["Skim","Ball Lightning"],"picked":"Capacitor","floor":7},{"not_picked":["Rebound","Sunder"],"picked":"Cold Snap","floor":10}],"player_experience":354743,"relics_obtained":[{"floor":7,"key":"Tiny Chest"},{"floor":9,"key":"MawBank"}],"event_choices":[{"damage_healed":0,"gold_gain":0,"player_choice":"Lose Max HP","damage_taken":0,"relics_obtained":["Golden Idol"],"max_hp_gain":0,"max_hp_loss":6,"event_name":"Golden Idol","floor":2,"gold_loss":0},{"damage_healed":0,"gold_gain":0,"cards_transformed":["Defend_B"],"player_choice":"Transformed","damage_taken":0,"max_hp_gain":0,"max_hp_loss":0,"event_name":"Transmorgrifier","floor":3,"gold_loss":0,"cards_obtained":["Gash"]}],"is_beta":false,"boss_relics":[],"items_purged_floors":[],"is_endless":false,"potions_floor_spawned":[1,6,10],"killed_by":"Gremlin Gang","ascension_level":0}