{"gold_per_floor":[119,131,131,206,225,268,292,292],"floor_reached":8,"playtime":765,"items_purged":[],"score":61,"play_id":"d3a5b2ff-fa21-40bb-b9d1-8a4fdb8f2955","local_time":"20190302012743","is_ascension_mode":true,"campfire_choices":[],"neow_cost":"NONE","seed_source_timestamp":31177212910743,"circlet_count":0,"master_deck":["Strike_B","Strike_B","Strike_B","Strike_B","Defend_B","Defend_B","Defend_B","Defend_B","Zap","Dualcast","Fusion","Coolheaded","Conserve Battery","Ball Lightning","Self Repair"],"relics":["Inserter","Golden Idol","Unceasing Top"],"potions_floor_usage":[],"damage_taken":[{"damage":0,"enemies":"Cultist","floor":1,"turns":3},{"damage":0,"enemies":"2 Louse","floor":2,"turns":2},{"damage":2,"enemies":"Jaw Worm","floor":5,"turns":6},{"damage":18,"enemies":"Lagavulin","floor":6,"turns":10},{"damage":8,"enemies":"3 Louse","floor":7,"turns":5},{"damage":18,"enemies":"Large Slime","floor":8,"turns":8}],"seed_played":"-7486340375651221887","potions_obtained":[{"floor":2,"key":"EssenceOfSteel"},{"floor":5,"key":"GamblersBrew"}],"is_trial":false,"path_per_floor":["M","M","?","?","M","E","M","M"],"character_chosen":"DEFECT","items_purchased":[],"campfire_rested":0,"item_purchase_floors":[],"current_hp_per_floor":[75,75,57,46,44,26,18,0],"gold":292,"neow_bonus":"BOSS_RELIC","is_prod":false,"is_daily":false,"chose_seed":false,"campfire_upgraded":0,"win_rate":0,"timestamp":1551511663,"path_taken":["M","?","?","?","M","E","M","M"],"build_version":"2019-01-23","purchased_purges":0,"victory":false,"max_hp_per_floor":[75,75,75,75,75,75,75,75],"card_choices":[{"not_picked":["Cold Snap","Stack"],"picked":"Fusion","floor":1},{"not_picked":["Streamline","Leap"],"picked":"Coolheaded","floor":2},{"not_picked":["Fusion","Streamline"],"picked":"Conserve Battery","floor":5},{"not_picked":["Rebound","Fusion"],"picked":"Ball Lightning","floor":6},{"not_picked":["BootSequence","Hello World"],"picked":"Self Repair","floor":7}],"player_experience":24258,"relics_obtained":[{"floor":6,"key":"Unceasing Top"}],"event_choices":[{"damage_healed":0,"gold_gain":0,"player_choice":"Take Damage","damage_taken":18,"relics_obtained":["Golden Idol"],"max_hp_gain":0,"max_hp_loss":0,"event_name":"Golden Idol","floor":3,"gold_loss":0},{"damage_healed":0,"gold_gain":75,"player_choice":"Gather Gold","damage_taken":11,"max_hp_gain":0,"max_hp_loss":0,"event_name":"World of Goop","floor":4,"gold_loss":0}],"is_beta":false,"boss_relics":[],"items_purged_floors":[],"is_endless":false,"potions_floor_spawned":[2,5],"killed_by":"Large Slime","ascension_level":1}