{"gold_per_floor":[117,192,210,229,229,264,264,264],"floor_reached":8,"playtime":476,"items_purged":[],"score":76,"play_id":"2619dd85-b3d6-4d80-86ab-2939584f4198","local_time":"20190131174353","is_ascension_mode":true,"campfire_choices":[{"floor":7,"key":"REST"}],"neow_cost":"TEN_PERCENT_HP_LOSS","seed_source_timestamp":653428185711879,"circlet_count":0,"master_deck":["Defend_G","Defend_G","Defend_G","Defend_G","Defend_G","Strike_G","Strike_G","Strike_G+1","Strike_G","Strike_G","Survivor+1","Neutralize","Backflip","Sucker Punch","Burst","Dagger Throw","PiercingWail"],"relics":["Ring of the Snake","Nunchaku","Dream Catcher"],"potions_floor_usage":[6,8],"damage_taken":[{"damage":1,"enemies":"Jaw Worm","floor":1,"turns":6},{"damage":1,"enemies":"2 Louse","floor":3,"turns":2},{"damage":1,"enemies":"Small Slimes","floor":4,"turns":4},{"damage":35,"enemies":"3 Sentries","floor":6,"turns":18},{"damage":20,"enemies":"Gremlin Nob","floor":8,"turns":4}],"seed_played":"-888811577283062059","potions_obtained":[{"floor":3,"key":"Block Potion"},{"floor":6,"key":"PowerPotion"}],"is_trial":false,"path_per_floor":["M","?","M","M","?","E","R","E"],"character_chosen":"THE_SILENT","items_purchased":[],"campfire_rested":1,"item_purchase_floors":[],"current_hp_per_floor":[62,51,50,49,36,1,19,0],"gold":264,"neow_bonus":"ONE_RARE_RELIC","is_prod":false,"is_daily":false,"chose_seed":false,"campfire_upgraded":0,"win_rate":0,"timestamp":1548974633,"path_taken":["M","?","M","M","?","E","R","E"],"build_version":"2019-01-23","purchased_purges":0,"victory":false,"max_hp_per_floor":[63,63,63,63,63,63,63,63],"card_choices":[{"not_picked":["Dagger Spray","Blade Dance"],"picked":"Backflip","floor":1},{"not_picked":["Expertise","Underhanded Strike"],"picked":"Sucker Punch","floor":3},{"not_picked":["Poisoned Stab","Crippling Poison"],"picked":"Burst","floor":4},{"not_picked":["Calculated Gamble","Flechettes"],"picked":"Dagger Throw","floor":6},{"not_picked":["Prepared","Outmaneuver"],"picked":"PiercingWail","floor":7}],"player_experience":279367,"relics_obtained":[{"floor":6,"key":"Dream Catcher"}],"event_choices":[{"damage_healed":0,"gold_gain":75,"player_choice":"Gather Gold","damage_taken":11,"max_hp_gain":0,"max_hp_loss":0,"event_name":"World of Goop","floor":2,"gold_loss":0},{"damage_healed":0,"gold_gain":0,"player_choice":"Entered Light","damage_taken":13,"max_hp_gain":0,"max_hp_loss":0,"event_name":"Shining Light","floor":5,"gold_loss":0,"cards_upgraded":["Survivor","Strike_G"]}],"is_beta":false,"boss_relics":[],"items_purged_floors":[],"is_endless":false,"potions_floor_spawned":[3,6],"killed_by":"Gremlin Nob","ascension_level":7}