{"gold_per_floor":[110,128,93,18,18,44,44,54,54,68,68,68,97,114,114,114],"floor_reached":16,"playtime":659,"items_purged":["Regret"],"score":220,"play_id":"8613f453-e111-4542-a427-41df1b995a17","local_time":"20190206194821","is_ascension_mode":true,"campfire_choices":[{"data":"Zap","floor":7,"key":"SMITH"},{"data":"Machine Learning","floor":12,"key":"SMITH"},{"floor":15,"key":"REST"}],"neow_cost":"CURSE","seed_source_timestamp":35396153828700,"circlet_count":0,"master_deck":["AscendersBane","Strike_B","Strike_B","Strike_B","Defend_B","Defend_B","Defend_B","Defend_B","Zap+1","Dualcast","Core Surge","Coolheaded","Storm","Doom and Gloom","Machine Learning+1","Rebound","Compile Driver","Compile Driver","Buffer","Capacitor"],"relics":["Cracked Core","Boot","Question Card","Centennial Puzzle"],"potions_floor_usage":[6,8,13],"damage_taken":[{"damage":10,"enemies":"Jaw Worm","floor":1,"turns":4},{"damage":13,"enemies":"2 Louse","floor":2,"turns":3},{"damage":21,"enemies":"Lagavulin","floor":6,"turns":10},{"damage":6,"enemies":"Cultist","floor":8,"turns":3},{"damage":5,"enemies":"Gremlin Gang","floor":10,"turns":4},{"damage":20,"enemies":"3 Sentries","floor":13,"turns":8},{"damage":1,"enemies":"Blue Slaver","floor":14,"turns":3},{"damage":54,"enemies":"Slime Boss","floor":16,"turns":6}],"seed_played":"6438790104312867478","potions_obtained":[{"floor":2,"key":"Fire Potion"},{"floor":6,"key":"AttackPotion"},{"floor":10,"key":"SpeedPotion"},{"floor":14,"key":"FairyPotion"}],"is_trial":false,"path_per_floor":["M","M","?","$","?","E","R","M","T","M","?","R","E","M","R","B"],"character_chosen":"DEFECT","items_purchased":[],"campfire_rested":1,"item_purchase_floors":[],"current_hp_per_floor":[54,41,58,58,58,37,37,31,31,26,26,26,6,5,26,0],"gold":114,"neow_bonus":"THREE_RARE_CARDS","is_prod":false,"is_daily":false,"chose_seed":false,"campfire_upgraded":2,"win_rate":0,"timestamp":1549511301,"path_taken":["M","M","?","$","?","E","R","?","T","?","?","R","E","M","R","BOSS"],"build_version":"2019-01-23","purchased_purges":1,"victory":false,"max_hp_per_floor":[71,71,71,71,71,71,71,71,71,71,71,71,71,71,71,71],"card_choices":[{"not_picked":["Meteor Strike","Buffer"],"picked":"Core Surge","floor":0},{"not_picked":["Chaos","Leap"],"picked":"Coolheaded","floor":1},{"not_picked":["Beam Cell","Stack"],"picked":"Storm","floor":2},{"not_picked":["Turbo","Leap"],"picked":"Rebound","floor":6},{"not_picked":["Fusion","Scrape"],"picked":"Compile Driver","floor":8},{"not_picked":["Coolheaded","Redo","Scrape"],"picked":"Compile Driver","floor":10},{"not_picked":["Fusion","Gash","Steam Power"],"picked":"Buffer","floor":13},{"not_picked":["Sweeping Beam","Streamline","Rip and Tear"],"picked":"Capacitor","floor":14}],"player_experience":646950,"relics_obtained":[{"floor":6,"key":"Boot"},{"floor":9,"key":"Question Card"},{"floor":13,"key":"Centennial Puzzle"}],"event_choices":[{"damage_healed":17,"gold_gain":0,"player_choice":"Healed","damage_taken":0,"max_hp_gain":0,"max_hp_loss":0,"event_name":"The Cleric","floor":3,"gold_loss":35},{"damage_healed":0,"gold_gain":0,"player_choice":"2 cards matched","damage_taken":0,"max_hp_gain":0,"max_hp_loss":0,"event_name":"Match and Keep!","floor":5,"gold_loss":0,"cards_obtained":["Doom and Gloom","Machine Learning"]},{"cards_removed":["Strike_B"],"damage_healed":0,"gold_gain":0,"player_choice":"Card Removal","damage_taken":0,"max_hp_gain":0,"max_hp_loss":0,"event_name":"Wheel of Change","floor":11,"gold_loss":0}],"is_beta":false,"boss_relics":[],"items_purged_floors":[4],"is_endless":false,"potions_floor_spawned":[2,6,10,14],"killed_by":"Slime Boss","ascension_level":20}