{"gold_per_floor":[219,115,115,125,145,179,179,190,190,190,190,204,218,69,69,165,165,183,108,29,29,29,29,58,58,58,58,58,68,83,97,97,97],"floor_reached":33,"playtime":1080,"items_purged":[],"score":290,"play_id":"23c3bdb4-a65c-4d97-a5be-14e62d5036db","local_time":"20180914065734","is_ascension_mode":false,"campfire_choices":[{"data":"Heavy Blade","floor":7,"key":"SMITH"},{"data":"Carnage","floor":11,"key":"SMITH"},{"data":"Limit Break","floor":15,"key":"SMITH"},{"floor":23,"key":"REST"},{"floor":27,"key":"REST"},{"floor":32,"key":"REST"}],"neow_cost":"NONE","seed_source_timestamp":95334667410033,"circlet_count":0,"master_deck":["Strike_R","Strike_R","Strike_R","Strike_R","Strike_R","Defend_R","Defend_R","Defend_R","Defend_R","Headbutt+1","Flex","Carnage+1","Twin Strike","Heavy Blade+1","Twin Strike","Cleave","Whirlwind","Limit Break+1","Inflame","Flex","Twin Strike","Demon Form","Fire Breathing+1","Carnage","Limit Break+1","Pommel Strike","Twin Strike","Heavy Blade","Seeing Red+1"],"relics":["Burning Blood","Bag of Marbles","Strawberry","Velvet Choker","Question Card","Anchor"],"potions_floor_usage":[16,16,16,30,33],"damage_taken":[{"damage":1,"enemies":"Jaw Worm","floor":1,"turns":3},{"damage":7,"enemies":"Small Slimes","floor":4,"turns":3},{"damage":2,"enemies":"2 Louse","floor":5,"turns":2},{"damage":43,"enemies":"3 Sentries","floor":6,"turns":8},{"damage":9,"enemies":"Blue Slaver","floor":8,"turns":4},{"damage":0,"enemies":"Large Slime","floor":12,"turns":2},{"damage":9,"enemies":"2 Fungi Beasts","floor":13,"turns":3},{"damage":41,"enemies":"Hexaghost","floor":16,"turns":5},{"damage":30,"enemies":"3 Byrds","floor":18,"turns":6},{"damage":52,"enemies":"Book of Stabbing","floor":24,"turns":5},{"damage":5,"enemies":"2 Thieves","floor":29,"turns":3},{"damage":30,"enemies":"Sentry and Sphere","floor":30,"turns":4},{"damage":22,"enemies":"Snecko","floor":31,"turns":4},{"damage":57,"enemies":"Collector","floor":33,"turns":5}],"seed_played":"6996598974819431901","potions_obtained":[{"floor":1,"key":"LiquidBronze"},{"floor":5,"key":"AttackPotion"},{"floor":12,"key":"Ancient Potion"},{"floor":13,"key":"AttackPotion"},{"floor":24,"key":"GamblersBrew"},{"floor":29,"key":"Fire Potion"}],"is_trial":false,"path_per_floor":["M","$","?","M","M","E","R","M","T","?","R","M","M","$","R","B",null,"M","?","$","?","?","R","E","$","T","R","?","M","M","M","R"],"character_chosen":"IRONCLAD","items_purchased":["Flex","Carnage","Inflame","Flex","Twin Strike","Carnage"],"campfire_rested":3,"item_purchase_floors":[2,2,14,14,14,20],"current_hp_per_floor":[80,80,80,79,80,43,43,40,47,47,47,53,50,50,50,15,87,63,63,63,46,46,73,27,27,27,54,54,55,31,15,42,0],"gold":97,"neow_bonus":"HUNDRED_GOLD","is_prod":false,"is_daily":false,"chose_seed":false,"campfire_upgraded":3,"win_rate":0,"timestamp":1536922654,"path_taken":["M","$","?","M","M","E","R","M","T","?","R","M","?","$","R","BOSS","M","?","$","?","?","R","E","?","T","R","?","M","?","M","R","BOSS"],"build_version":"2018-09-06","purchased_purges":0,"victory":false,"max_hp_per_floor":[80,80,80,80,80,80,80,80,87,87,87,87,87,87,87,87,87,87,87,87,92,92,92,92,92,92,92,92,92,92,92,92,92],"card_choices":[{"not_picked":["Uppercut","True Grit"],"picked":"Headbutt","floor":1},{"not_picked":["Anger","Fire Breathing"],"picked":"Twin Strike","floor":4},{"not_picked":["Armaments","Barricade"],"picked":"Heavy Blade","floor":5},{"not_picked":["Perfected Strike","Dropkick"],"picked":"Twin Strike","floor":6},{"not_picked":["Sever Soul","Intimidate"],"picked":"Cleave","floor":8},{"not_picked":["True Grit","Headbutt"],"picked":"Whirlwind","floor":12},{"not_picked":["Body Slam","Corruption"],"picked":"Limit Break","floor":13},{"not_picked":["Exhume","Fiend Fire"],"picked":"Demon Form","floor":16},{"not_picked":["Bloodletting+1","Ghostly Armor+1"],"picked":"Fire Breathing+1","floor":18},{"not_picked":["Clothesline","Armaments"],"picked":"Pommel Strike","floor":24},{"not_picked":["Iron Wave+1","Second Wind+1","Fire Breathing"],"picked":"Twin Strike","floor":29},{"not_picked":["Brutality","Metallicize","Body Slam"],"picked":"Heavy Blade","floor":30},{"not_picked":["Cleave","Perfected Strike+1","Clothesline"],"picked":"Seeing Red+1","floor":31}],"player_experience":135827,"relics_obtained":[{"floor":6,"key":"Bag of Marbles"},{"floor":9,"key":"Strawberry"},{"floor":24,"key":"Question Card"},{"floor":26,"key":"Anchor"}],"event_choices":[{"event_name":"The Cleric","player_choice":"Leave","floor":3,"damage_taken":0},{"event_name":"Living Wall","player_choice":"Grow","floor":10,"damage_taken":0},{"event_name":"Beggar","player_choice":"Gave Gold","floor":19,"damage_taken":0},{"event_name":"Forgotten Altar","player_choice":"Shed Blood","floor":21,"damage_taken":0},{"event_name":"Duplicator","player_choice":"One dupe","floor":22,"damage_taken":0}],"is_beta":false,"boss_relics":[{"not_picked":["Snecko Eye","Lizard Tail"],"picked":"Velvet Choker"}],"items_purged_floors":[],"is_endless":false,"potions_floor_spawned":[1,5,12,13,24,29],"killed_by":"Collector","ascension_level":0}