{"gold_per_floor":[117,143,68,87,87,87,110,123,123,140,140,156,171,171,171,269,269,279,279,298,298,298],"floor_reached":22,"playtime":628,"items_purged":["Strike_B"],"score":282,"play_id":"d4f6232e-4ad7-476c-8140-e0c7e20768ec","local_time":"20181105024930","is_ascension_mode":true,"campfire_choices":[{"data":"Streamline","floor":6,"key":"SMITH"},{"data":"Streamline","floor":11,"key":"SMITH"},{"floor":15,"key":"REST"}],"neow_cost":"NONE","seed_source_timestamp":28515983248393,"circlet_count":0,"master_deck":["AscendersBane","Defend_B","Defend_B","Defend_B","Zap+1","Dualcast","Gash+1","Streamline+1","Streamline+1","Gash","Scrape","Seek","Echo Form+1","Turbo+1","Static Discharge+1","Gash","Go for the Eyes"],"relics":["Cracked Core","Whetstone","Turnip","Odd Mushroom","Ancient Tea Set","Astrolabe"],"potions_floor_usage":[16,16,22,22],"damage_taken":[{"damage":0,"enemies":"Cultist","floor":1,"turns":3},{"damage":6,"enemies":"2 Louse","floor":4,"turns":2},{"damage":25,"enemies":"The Mushroom Lair","floor":7,"turns":5},{"damage":0,"enemies":"Small Slimes","floor":8,"turns":2},{"damage":8,"enemies":"3 Louse","floor":10,"turns":2},{"damage":5,"enemies":"Large Slime","floor":12,"turns":3},{"damage":7,"enemies":"Exordium Thugs","floor":13,"turns":3},{"damage":26,"enemies":"Hexaghost","floor":16,"turns":7},{"damage":21,"enemies":"Shell Parasite","floor":18,"turns":3},{"damage":11,"enemies":"Spheric Guardian","floor":20,"turns":3},{"damage":26,"enemies":"Snecko","floor":22,"turns":3}],"seed_played":"3085481100679766180","potions_obtained":[{"floor":8,"key":"FocusPotion"},{"floor":10,"key":"LiquidBronze"},{"floor":13,"key":"Dexterity Potion"},{"floor":16,"key":"Weak Potion"},{"floor":20,"key":"Strength Potion"}],"is_trial":false,"path_per_floor":["M","T","$","M","?","R","?","M","T","M","R","M","M","?","R","B",null,"M","?","M","?","M"],"character_chosen":"DEFECT","items_purchased":[],"campfire_rested":1,"item_purchase_floors":[],"current_hp_per_floor":[68,68,68,62,55,55,30,30,30,22,22,17,10,10,32,6,58,37,37,26,26,0],"gold":298,"neow_bonus":"UPGRADE_CARD","is_prod":false,"is_daily":false,"chose_seed":false,"campfire_upgraded":2,"win_rate":0,"timestamp":1541414970,"path_taken":["M","?","$","?","?","R","?","M","T","M","R","M","M","?","R","BOSS","M","?","M","?","M"],"build_version":"2018-11-01","purchased_purges":1,"victory":false,"max_hp_per_floor":[75,75,75,75,75,75,75,75,75,75,75,75,75,75,75,75,75,75,75,75,75,75],"card_choices":[{"not_picked":["Hologram","FTL"],"picked":"Gash","floor":1},{"not_picked":["Go for the Eyes","Genetic Algorithm"],"picked":"Streamline","floor":4},{"not_picked":["Reprogram","Storm"],"picked":"Streamline","floor":7},{"not_picked":["Sunder","Ball Lightning","Hello World"],"picked":"SKIP","floor":8},{"not_picked":["Barrage","Turbo"],"picked":"Gash","floor":10},{"not_picked":["Genetic Algorithm","Sweeping Beam","Melter"],"picked":"SKIP","floor":12},{"not_picked":["Tempest","Steam"],"picked":"Scrape","floor":13},{"not_picked":["Electrodynamics","Thunder Strike"],"picked":"Seek","floor":16},{"not_picked":["White Noise","Conserve Battery"],"picked":"Gash","floor":18},{"not_picked":["Conserve Battery","Fusion"],"picked":"Go for the Eyes","floor":20}],"player_experience":349541,"relics_obtained":[{"floor":2,"key":"Whetstone"},{"floor":7,"key":"Odd Mushroom"},{"floor":9,"key":"Ancient Tea Set"}],"event_choices":[{"damage_healed":0,"gold_gain":0,"player_choice":"Success","damage_taken":7,"relics_obtained":["Turnip"],"max_hp_gain":0,"max_hp_loss":0,"event_name":"Scrap Ooze","floor":5,"gold_loss":0},{"damage_healed":0,"gold_gain":0,"player_choice":"Fought Mushrooms","damage_taken":0,"max_hp_gain":0,"max_hp_loss":0,"event_name":"Mushrooms","floor":7,"gold_loss":0},{"cards_removed":["Strike_B"],"damage_healed":0,"gold_gain":0,"player_choice":"Forget","damage_taken":0,"max_hp_gain":0,"max_hp_loss":0,"event_name":"Living Wall","floor":14,"gold_loss":0},{"damage_healed":0,"gold_gain":0,"player_choice":"Ignored","damage_taken":0,"max_hp_gain":0,"max_hp_loss":0,"event_name":"Ghosts","floor":19,"gold_loss":0},{"damage_healed":0,"gold_gain":0,"player_choice":"Ignored","damage_taken":0,"max_hp_gain":0,"max_hp_loss":0,"event_name":"The Mausoleum","floor":21,"gold_loss":0}],"is_beta":false,"boss_relics":[{"not_picked":["Snecko Eye","Black Star"],"picked":"Astrolabe"}],"items_purged_floors":[3],"is_endless":false,"potions_floor_spawned":[8,10,13,16,20],"killed_by":"Snecko","ascension_level":12}