{"gold_per_floor":[118,118,132,145,70,59,59,132,185,185,201,215,215,233,233,329,329,340,354,373,373,386,386,416,430,455,470,502,517,517],"floor_reached":30,"playtime":8355,"items_purged":["Strike_G"],"score":268,"play_id":"2cec049f-783c-4046-843c-8e40f3866372","local_time":"20190130143017","is_ascension_mode":false,"campfire_choices":[{"data":"Infinite Blades","floor":7,"key":"SMITH"},{"data":"Accuracy","floor":10,"key":"SMITH"},{"data":"Neutralize","floor":15,"key":"SMITH"},{"data":"Burst","floor":23,"key":"SMITH"}],"neow_cost":"NONE","seed_source_timestamp":325746997893430,"circlet_count":0,"master_deck":["Defend_G","Defend_G","Defend_G","Defend_G","Defend_G","Strike_G","Strike_G","Strike_G","Strike_G","Survivor","Neutralize+1","Accuracy+1","Infinite Blades+1","Cloak And Dagger","Predator","Blur","Burst+1","Cloak And Dagger+1","Dagger Throw+1","Sucker Punch","Leg Sweep","Prepared","Terror","Calculated Gamble"],"relics":["Ring of the Snake","Bronze Scales","Philosopher\u0027s Stone","Omamori","Bag of Preparation","Vajra"],"potions_floor_usage":[6,22,24,27,28,28,30],"damage_taken":[{"damage":0,"enemies":"2 Louse","floor":1,"turns":4},{"damage":5,"enemies":"Jaw Worm","floor":3,"turns":5},{"damage":1,"enemies":"Cultist","floor":4,"turns":5},{"damage":15,"enemies":"Exordium Thugs","floor":6,"turns":5},{"damage":3,"enemies":"2 Fungi Beasts","floor":11,"turns":4},{"damage":4,"enemies":"Blue Slaver","floor":12,"turns":4},{"damage":8,"enemies":"Red Slaver","floor":14,"turns":5},{"damage":30,"enemies":"Hexaghost","floor":16,"turns":10},{"damage":0,"enemies":"Chosen","floor":18,"turns":5},{"damage":0,"enemies":"Shell Parasite","floor":19,"turns":4},{"damage":10,"enemies":"Snake Plant","floor":20,"turns":4},{"damage":0,"enemies":"3 Cultists","floor":22,"turns":5},{"damage":14,"enemies":"Book of Stabbing","floor":24,"turns":7},{"damage":0,"enemies":"Centurion and Healer","floor":25,"turns":7},{"damage":12,"enemies":"Snake Plant","floor":27,"turns":2},{"damage":26,"enemies":"Slavers","floor":28,"turns":6},{"damage":22,"enemies":"Cultist and Chosen","floor":29,"turns":8},{"damage":8,"enemies":"Shelled Parasite and Fungi","floor":30,"turns":4}],"seed_played":"4966176936008881324","potions_obtained":[{"floor":1,"key":"Regen Potion"},{"floor":3,"key":"SpeedPotion"},{"floor":4,"key":"SneckoOil"},{"floor":13,"key":"Swift Potion"},{"floor":13,"key":"Fire Potion"},{"floor":18,"key":"GamblersBrew"},{"floor":20,"key":"Block Potion"},{"floor":25,"key":"AttackPotion"},{"floor":27,"key":"PowerPotion"},{"floor":28,"key":"Fire Potion"},{"floor":29,"key":"PowerPotion"}],"is_trial":false,"path_per_floor":["M","?","M","M","$","M","R","T","T","R","M","M","?","M","R","B",null,"M","M","M","?","M","R","E","M","T","M","E","M","M"],"character_chosen":"THE_SILENT","items_purchased":[],"campfire_rested":0,"item_purchase_floors":[],"current_hp_per_floor":[77,77,72,71,71,56,56,56,56,56,53,49,49,41,41,11,77,77,77,67,67,67,67,53,53,53,41,29,7,0],"gold":517,"neow_bonus":"TEN_PERCENT_HP_BONUS","is_prod":false,"is_daily":false,"chose_seed":false,"campfire_upgraded":4,"win_rate":0,"timestamp":1548858617,"path_taken":["M","?","M","M","?","?","R","?","T","R","M","M","?","?","R","BOSS","M","M","M","?","M","R","E","?","T","M","E","M","M"],"build_version":"2019-01-23","purchased_purges":1,"victory":false,"max_hp_per_floor":[77,77,77,77,77,77,77,77,77,77,77,77,77,77,77,77,77,77,77,77,77,77,77,77,77,77,77,77,77,77],"card_choices":[{"not_picked":["Sucker Punch","Poisoned Stab"],"picked":"Accuracy","floor":1},{"not_picked":["Eviscerate","Acrobatics","PiercingWail"],"picked":"SKIP","floor":3},{"not_picked":["Bouncing Flask","Terror"],"picked":"Infinite Blades","floor":4},{"not_picked":["Flechettes","Acrobatics","Outmaneuver"],"picked":"SKIP","floor":6},{"not_picked":["Outmaneuver","Slice"],"picked":"Cloak And Dagger","floor":11},{"not_picked":["Underhanded Strike","Reflex"],"picked":"Predator","floor":12},{"not_picked":["Accuracy","Deadly Poison"],"picked":"Blur","floor":14},{"not_picked":["Wraith Form v2","Doppelganger"],"picked":"Burst","floor":16},{"not_picked":["Dagger Spray","Sucker Punch"],"picked":"Cloak And Dagger+1","floor":18},{"not_picked":["Slice","Sucker Punch"],"picked":"Dagger Throw+1","floor":19},{"not_picked":["Quick Slash","Wraith Form v2"],"picked":"Sucker Punch","floor":20},{"not_picked":["Endless Agony+1","Deadly Poison"],"picked":"Leg Sweep","floor":22},{"not_picked":["Sucker Punch","Leg Sweep"],"picked":"Prepared","floor":24},{"not_picked":["Dodge and Roll","Cloak And Dagger+1"],"picked":"Terror","floor":25},{"not_picked":["After Image","Deadly Poison","Distraction"],"picked":"SKIP","floor":27},{"not_picked":["Deflect","Dodge and Roll"],"picked":"Calculated Gamble","floor":28},{"not_picked":["Deflect+1","Slice","Poisoned Stab"],"picked":"SKIP","floor":29}],"player_experience":245668,"relics_obtained":[{"floor":9,"key":"Bronze Scales"},{"floor":24,"key":"Omamori"},{"floor":26,"key":"Bag of Preparation"},{"floor":28,"key":"Vajra"}],"event_choices":[{"damage_healed":0,"gold_gain":0,"player_choice":"Ignored","damage_taken":0,"max_hp_gain":0,"max_hp_loss":0,"event_name":"Liars Game","floor":2,"gold_loss":0},{"damage_healed":0,"gold_gain":0,"player_choice":"Got Potions","damage_taken":0,"max_hp_gain":0,"max_hp_loss":0,"event_name":"Lab","floor":13,"gold_loss":0},{"cards_removed":["Iron Wave"],"damage_healed":0,"gold_gain":0,"player_choice":"Took Card","damage_taken":0,"max_hp_gain":0,"max_hp_loss":0,"event_name":"NoteForYourself","floor":21,"gold_loss":0,"cards_obtained":["Iron Wave"]}],"is_beta":false,"boss_relics":[{"not_picked":["Eternal Feather","White Beast Statue"],"picked":"Philosopher\u0027s Stone"}],"items_purged_floors":[5],"is_endless":false,"potions_floor_spawned":[1,3,4,18,20,25,27,28,29],"killed_by":"Shelled Parasite and Fungi","ascension_level":0}