{"gold_per_floor":[115,115,44,61,71,71,105,105,131,161,171,20,49,49,49,127,127,142,175,175,90,100,100,120,120,144,161,15,43,61,81,81,155,155,173,184,202,112,112,112,137,137,137,137,169,16,28,44,44,44],"floor_reached":51,"playtime":3278,"items_purged":[],"score":1224,"play_id":"0ba500c1-8691-41c9-ba16-fab760934aae","local_time":"20180808000504","is_ascension_mode":true,"campfire_choices":[{"data":"Zap","floor":6,"key":"SMITH"},{"data":"Capacitor","floor":8,"key":"SMITH"},{"floor":15,"key":"REST"},{"floor":23,"key":"REST"},{"data":"Self Repair","floor":25,"key":"SMITH"},{"floor":32,"key":"REST"},{"data":"Defragment","floor":40,"key":"SMITH"},{"data":"Machine Learning","floor":42,"key":"SMITH"},{"data":"Barrage","floor":44,"key":"SMITH"},{"data":"Hologram","floor":49,"key":"SMITH"}],"neow_cost":"NONE","seed_source_timestamp":2351032871603802,"circlet_count":0,"master_deck":["Strike_B+1","Strike_B+1","Strike_B+1","Defend_B+1","Defend_B+1","Defend_B+1","Defend_B+1","Zap+1","Dualcast+1","AscendersBane","Capacitor+1","White Noise","Hologram+1","Barrage+1","Cold Snap","Leap+1","Self Repair+1","Machine Learning+1","Conserve Battery+1","Genetic Algorithm+1","Auto Shields+1","Stack+1","Leap+1","FTL","Glacier+1","Echo Form","Chaos+1","Defragment+1","Compile Driver","Hologram+1","Compile Driver","Fission+1"],"relics":["Cracked Core","NeowsBlessing","Boot","Bag of Marbles","Toxic Egg 2","Vajra","War Paint","Busted Crown","Red Mask","DataDisk","Oddly Smooth Stone","Dodecahedron","Empty Cage","Torii","Kunai","Bag of Preparation","Potion Belt"],"potions_floor_usage":[16,19,19,24,33,41,48,50,50,50],"damage_taken":[{"damage":0,"enemies":"Cultist","floor":1,"turns":1},{"damage":0,"enemies":"2 Louse","floor":4,"turns":1},{"damage":0,"enemies":"Jaw Worm","floor":5,"turns":1},{"damage":10,"enemies":"Lagavulin","floor":7,"turns":6},{"damage":14,"enemies":"3 Louse","floor":11,"turns":4},{"damage":31,"enemies":"Gremlin Nob","floor":13,"turns":5},{"damage":23,"enemies":"Slime Boss","floor":16,"turns":10},{"damage":19,"enemies":"3 Byrds","floor":18,"turns":5},{"damage":27,"floor":19,"turns":8},{"damage":0,"enemies":"Spheric Guardian","floor":22,"turns":5},{"damage":16,"enemies":"Snecko","floor":24,"turns":4},{"damage":5,"enemies":"Centurion and Healer","floor":27,"turns":9},{"damage":15,"enemies":"Slavers","floor":29,"turns":9},{"damage":21,"enemies":"Snake Plant","floor":30,"turns":6},{"damage":0,"enemies":"Slaver and Parasite","floor":31,"turns":7},{"damage":7,"enemies":"Automaton","floor":33,"turns":13},{"damage":0,"enemies":"3 Shapes","floor":35,"turns":7},{"damage":0,"enemies":"3 Darklings","floor":36,"turns":6},{"damage":0,"enemies":"4 Shapes","floor":37,"turns":9},{"damage":0,"floor":39,"turns":7},{"damage":17,"enemies":"2 Orb Walkers","floor":41,"turns":6},{"damage":17,"enemies":"Giant Head","floor":45,"turns":9},{"damage":7,"enemies":"Maw","floor":47,"turns":8},{"damage":1,"enemies":"Sphere and 2 Shapes","floor":48,"turns":6},{"damage":18,"enemies":"Donu and Deca","floor":50,"turns":12}],"seed_played":"-9095156746943444520","potions_obtained":[{"floor":1,"key":"Ancient Potion"},{"floor":13,"key":"FocusPotion"},{"floor":18,"key":"Block Potion"},{"floor":22,"key":"GamblersBrew"},{"floor":24,"key":"Energy Potion"},{"floor":31,"key":"PowerPotion"},{"floor":33,"key":"LiquidBronze"},{"floor":37,"key":"LiquidBronze"},{"floor":41,"key":"AttackPotion"},{"floor":45,"key":"LiquidBronze"},{"floor":47,"key":"AttackPotion"}],"is_trial":false,"path_per_floor":["M","?","$","M","M","R","E","R","T","?","M","$","E","?","R","B",null,"M","?","?","?","M","R","M","R","T","M","$","E","M","M","R","B",null,"M","M","M","$","?","R","E","R","T","R","E","$","M","M","R","B"],"character_chosen":"DEFECT","items_purchased":["White Noise","Vajra","Stack+1","Leap+1","FTL","Defragment","Compile Driver","Fission+1"],"campfire_rested":3,"item_purchase_floors":[3,12,28,28,28,38,38,46],"current_hp_per_floor":[64,64,64,64,64,64,54,54,54,54,40,40,9,26,47,31,61,49,29,29,29,36,57,48,48,48,53,53,48,37,47,68,71,68,68,68,68,68,68,68,61,61,61,61,64,64,68,68,68,60],"gold":44,"neow_bonus":"THREE_ENEMY_KILL","is_prod":false,"is_daily":false,"chose_seed":false,"campfire_upgraded":7,"win_rate":0,"timestamp":1533679504,"path_taken":["M","?","?","M","?","R","E","R","T","?","M","$","E","?","R","BOSS","M","?","?","?","M","R","M","R","T","M","?","E","?","M","R","BOSS","M","M","M","$","?","R","E","R","T","R","E","$","?","M","R","BOSS"],"build_version":"2018-08-02","purchased_purges":0,"victory":true,"max_hp_per_floor":[71,71,71,71,71,71,71,71,71,71,71,71,71,71,71,71,71,71,71,71,71,71,71,71,71,71,71,71,71,71,71,71,71,68,68,68,68,68,68,68,68,68,68,68,68,68,68,68,68,68],"card_choices":[{"not_picked":["Melter","Storm"],"picked":"Capacitor","floor":1},{"not_picked":["Turbo","Scrape"],"picked":"Hologram","floor":4},{"not_picked":["Stack","Hello World"],"picked":"Barrage","floor":5},{"not_picked":["Rip and Tear","FTL"],"picked":"Cold Snap","floor":7},{"not_picked":["Turbo+1","Compile Driver"],"picked":"Leap+1","floor":11},{"not_picked":["Doom and Gloom","Reinforced Body+1"],"picked":"Self Repair","floor":13},{"not_picked":["Biased Cognition","Rainbow+1"],"picked":"Machine Learning","floor":16},{"not_picked":[],"picked":"Conserve Battery+1","floor":18},{"not_picked":[],"picked":"Genetic Algorithm+1","floor":19},{"not_picked":[],"picked":"Auto Shields+1","floor":22},{"not_picked":["Turbo+1"],"picked":"SKIP","floor":24},{"not_picked":["Rebound"],"picked":"SKIP","floor":27},{"not_picked":["Beam Cell"],"picked":"SKIP","floor":29},{"not_picked":[],"picked":"Glacier+1","floor":30},{"not_picked":["Beam Cell+1"],"picked":"SKIP","floor":31},{"not_picked":[],"picked":"Echo Form","floor":33},{"not_picked":[],"picked":"Chaos+1","floor":35},{"not_picked":["Streamline"],"picked":"SKIP","floor":36},{"not_picked":["Beam Cell+1"],"picked":"SKIP","floor":37},{"not_picked":[],"picked":"Hologram+1","floor":39},{"not_picked":["Turbo+1"],"picked":"SKIP","floor":41},{"not_picked":[],"picked":"Compile Driver","floor":45},{"not_picked":["Darkness+1"],"picked":"SKIP","floor":47},{"not_picked":["Lockon+1"],"picked":"SKIP","floor":48}],"player_experience":924537,"relics_obtained":[{"floor":7,"key":"Boot"},{"floor":9,"key":"Bag of Marbles"},{"floor":13,"key":"War Paint"},{"floor":19,"key":"Red Mask"},{"floor":26,"key":"Oddly Smooth Stone"},{"floor":29,"key":"Dodecahedron"},{"floor":39,"key":"Torii"},{"floor":41,"key":"Kunai"},{"floor":43,"key":"Bag of Preparation"},{"floor":45,"key":"Potion Belt"}],"event_choices":[{"event_name":"Liars Game","player_choice":"disagreed","floor":2,"damage_taken":0},{"event_name":"Dead Adventurer","player_choice":"Searched \u00272\u0027 times","floor":10,"damage_taken":0},{"event_name":"Mushrooms","player_choice":"Healed and dodged fight","floor":14,"damage_taken":0},{"event_name":"Masked Bandits","player_choice":"Fought over 142 gold","floor":19,"damage_taken":0},{"event_name":"Back to Basics","player_choice":"Simplicity","floor":20,"damage_taken":0},{"event_name":"Addict","player_choice":"Obtained Relic","floor":21,"damage_taken":0},{"event_name":"MindBloom","player_choice":"Fight","floor":39,"damage_taken":0}],"is_beta":false,"boss_relics":[{"not_picked":["Lizard Tail","Pandora\u0027s Box"],"picked":"Busted Crown"},{"not_picked":["Coffee Dripper","Philosopher\u0027s Stone"],"picked":"Empty Cage"}],"items_purged_floors":[],"is_endless":false,"potions_floor_spawned":[1,13,18,22,24,31,33,37,41,45,47],"ascension_level":15}