{"path_per_floor":["M","M","?","?","M","R","E","R","T","E","R","$","?","M","R"],"character_chosen":"THE_SILENT","items_purchased":["Accuracy","Cloak And Dagger","Ginger"],"gold_per_floor":[111,123,123,298,319,319,352,352,423,458,458,47,116,140,140],"floor_reached":16,"campfire_rested":3,"playtime":787,"current_hp_per_floor":[67,62,45,45,44,44,1,22,22,19,40,40,35,35,56],"items_purged":[],"gold":140,"score":130,"play_id":"e361cef3-b542-40b2-9a7a-7ce1a2ce90df","is_prod":false,"is_daily":false,"is_ascension_mode":true,"campfire_upgraded":1,"path_taken":["M","?","?","?","M","R","E","R","T","E","R","$","?","M","R","BOSS"],"build_version":"2018-02-08-PROD1","purchased_purges":0,"victory":false,"master_deck":["Defend_G","Defend_G","Defend_G","Defend_G","Defend_G","Strike_G","Strike_G","Strike_G","Strike_G","Strike_G","Survivor","Neutralize","Outmaneuver","Dash","Doubt","Cloak And Dagger+1","Footwork","Acrobatics","Accuracy","Cloak And Dagger","Calculated Gamble"],"max_hp_per_floor":[70,70,70,70,70,70,70,70,70,70,70,70,70,70,70],"relics":["Lizard Tail","Golden Idol","Snake Skull","Ninja Scroll","Kunai","Ginger","The Courier"],"card_choices":[{"not_picked":["Concentrate","Flechettes"],"picked":"Outmaneuver"},{"not_picked":["Backstab","Bane"],"picked":"Dash"},{"not_picked":["Blade Dance","Deflect"],"picked":"Cloak And Dagger"},{"not_picked":["Prepared","Unload"],"picked":"Footwork"},{"not_picked":["Flying Knee","Sucker Punch"],"picked":"Acrobatics"},{"not_picked":["Acrobatics","Cloak And Dagger"],"picked":"Calculated Gamble"}],"player_experience":183010,"potions_floor_usage":[7,7,10],"damage_taken":[{"damage":3,"enemies":"Blue Slaver","floor":1,"turns":6},{"damage":5,"enemies":"Jaw Worm","floor":2,"turns":8},{"damage":1,"enemies":"Cultist","floor":5,"turns":5},{"damage":43,"enemies":"Lagavulin","floor":7,"turns":10},{"damage":3,"enemies":"3 Sentries","floor":10,"turns":5},{"damage":42,"enemies":"Gremlin Nob","floor":13,"turns":7},{"damage":0,"enemies":"Large Slime","floor":14,"turns":5},{"damage":60,"enemies":"Slime Boss","floor":16,"turns":12}],"event_choices":[{"event_name":"Golden Idol","player_choice":"Take Damage","floor":3,"damage_taken":0},{"event_name":"Liars Game","player_choice":"agreed","floor":4,"damage_taken":0},{"event_name":"Dead Adventurer","player_choice":"Searched \u00271\u0027 times","floor":13,"damage_taken":0}],"boss_relics":[],"potions_floor_spawned":[2,5,7,13],"seed_played":"-2664981510807871602","killed_by":"Slime Boss","ascension_level":4,"is_trial":false}