{"gold_per_floor":[113,188,168,5,17,45,55,55,55,0,0,28,28,46,46,119,119,137,153,164,184,22,22,22],"floor_reached":24,"playtime":1213,"items_purged":[],"score":439,"play_id":"7278e3e8-57dd-44d4-bf99-933d86349028","local_time":"20190123082339","is_ascension_mode":true,"campfire_choices":[{"data":"Zap","floor":8,"key":"SMITH"},{"data":"Capacitor","floor":11,"key":"SMITH"},{"data":"Coolheaded","floor":15,"key":"SMITH"},{"data":"Doom and Gloom","floor":23,"key":"SMITH"}],"neow_cost":"NONE","seed_source_timestamp":1093931163841800,"circlet_count":0,"master_deck":["AscendersBane","Strike_B","Strike_B","Strike_B","Strike_B","Defend_B","Defend_B","Defend_B","Defend_B","Zap+1","Dualcast","Capacitor+1","Cold Snap","Electrodynamics+1","Self Repair+1","Conserve Battery","Coolheaded+1","Buffer+1","Ball Lightning","Cold Snap","Steam+1","Go for the Eyes","Defragment+1","Doom and Gloom+1"],"relics":["Cracked Core","NeowsBlessing","Art of War","Frozen Egg 2","Blood Vial","Unceasing Top","Juzu Bracelet","Snecko Eye"],"potions_floor_usage":[16,16,19,24,24],"damage_taken":[{"damage":0,"enemies":"Jaw Worm","floor":1,"turns":1},{"damage":0,"enemies":"Cultist","floor":5,"turns":1},{"damage":0,"enemies":"Lagavulin","floor":6,"turns":1},{"damage":8,"enemies":"Small Slimes","floor":7,"turns":2},{"damage":21,"enemies":"3 Sentries","floor":12,"turns":5},{"damage":14,"enemies":"Red Slaver","floor":14,"turns":4},{"damage":7,"enemies":"Hexaghost","floor":16,"turns":7},{"damage":29,"enemies":"Spheric Guardian","floor":18,"turns":10},{"damage":8,"enemies":"2 Thieves","floor":19,"turns":3},{"damage":10,"enemies":"3 Cultists","floor":20,"turns":4},{"damage":12,"enemies":"Centurion and Healer","floor":21,"turns":5},{"damage":53,"enemies":"Book of Stabbing","floor":24,"turns":6}],"seed_played":"4422959136477688806","potions_obtained":[{"floor":1,"key":"PowerPotion"},{"floor":3,"key":"PowerPotion"},{"floor":18,"key":"SkillPotion"},{"floor":20,"key":"Weak Potion"},{"floor":21,"key":"Swift Potion"}],"is_trial":false,"path_per_floor":["?","?","M","?","?"],"character_chosen":"DEFECT","items_purchased":["Art of War","Defragment+1","Doom and Gloom"],"campfire_rested":0,"item_purchase_floors":[4,22,22],"current_hp_per_floor":[64,53,53,53,53,53,45,45,45,45,45,36,41,39,39,54,71,54,48,50,50,50,50,0],"gold":22,"neow_bonus":"THREE_ENEMY_KILL","is_prod":false,"is_daily":false,"chose_seed":false,"campfire_upgraded":4,"win_rate":0,"timestamp":1548260619,"path_taken":["M","?","?","$","?","E","M","R","T","?","R","E","?","M","R","BOSS","M","M","M","M","$","R","E"],"build_version":"2019-01-23","purchased_purges":0,"victory":false,"max_hp_per_floor":[71,71,71,71,71,71,71,71,71,71,71,71,76,76,76,76,76,76,76,76,76,76,76,76],"card_choices":[{"not_picked":["Double Energy","Barrage"],"picked":"Capacitor","floor":1},{"not_picked":["FTL","Double Energy"],"picked":"Cold Snap","floor":5},{"not_picked":["Recycle","Sweeping Beam"],"picked":"Electrodynamics","floor":6},{"not_picked":["Darkness","Steam"],"picked":"Self Repair+1","floor":7},{"not_picked":["Amplify","Stack"],"picked":"Conserve Battery","floor":12},{"not_picked":["Beam Cell","Undo"],"picked":"Coolheaded","floor":14},{"not_picked":["Fission","All For One"],"picked":"Buffer+1","floor":16},{"not_picked":["Leap","Conserve Battery"],"picked":"Ball Lightning","floor":18},{"not_picked":["Turbo","Rebound"],"picked":"Cold Snap","floor":19},{"not_picked":["Auto Shields","Reinforced Body"],"picked":"Steam+1","floor":20},{"not_picked":["Gash","Rebound"],"picked":"Go for the Eyes","floor":21}],"player_experience":581100,"relics_obtained":[{"floor":6,"key":"Frozen Egg 2"},{"floor":9,"key":"Blood Vial"},{"floor":12,"key":"Juzu Bracelet"}],"event_choices":[{"damage_healed":0,"gold_gain":75,"player_choice":"Gather Gold","damage_taken":11,"max_hp_gain":0,"max_hp_loss":0,"event_name":"World of Goop","floor":2,"gold_loss":0},{"damage_healed":0,"gold_gain":0,"player_choice":"Bought 1 Potion","damage_taken":0,"max_hp_gain":0,"max_hp_loss":0,"event_name":"The Woman in Blue","floor":3,"gold_loss":0},{"damage_healed":0,"gold_gain":0,"player_choice":"Paid Gold","damage_taken":0,"relics_obtained":["Unceasing Top"],"max_hp_gain":0,"max_hp_loss":0,"event_name":"WeMeetAgain","floor":10,"gold_loss":55},{"damage_healed":0,"gold_gain":0,"player_choice":"Donut","damage_taken":0,"max_hp_gain":5,"max_hp_loss":0,"event_name":"Big Fish","floor":13,"gold_loss":0}],"is_beta":false,"boss_relics":[{"not_picked":["Eternal Feather","Black Star"],"picked":"Snecko Eye"}],"items_purged_floors":[],"is_endless":false,"potions_floor_spawned":[1,5,7,18,20,21],"killed_by":"Book of Stabbing","ascension_level":18}