{"path_per_floor":["M","?","M","M","?","R","E","M","T","M","M","M","?","M","R","B",null,"M","M","$","M","T","R","E","?","T","R","?","M","M"],"character_chosen":"THE_SILENT","items_purchased":["Tiny Chest"],"gold_per_floor":[110,110,129,139,139,139,172,185,212,227,245,257,257,270,270,347,347,365,377,184,204,204,204,234,234,234,234,234,253,272,272],"floor_reached":31,"campfire_rested":3,"playtime":1295,"current_hp_per_floor":[56,51,51,51,51,51,15,15,15,15,12,12,27,26,44,38,55,41,27,27,21,21,38,5,5,5,22,22,15,6,0],"items_purged":["Parasite"],"gold":272,"score":457,"play_id":"d20b0fc7-718b-4cb3-8a54-e3e03384acf6","local_time":"20180404182852","is_prod":false,"is_daily":false,"is_ascension_mode":true,"campfire_upgraded":1,"timestamp":1522834132,"path_taken":["M","?","M","M","?","R","E","M","T","M","M","M","?","?","R","BOSS","M","M","$","M","?","R","E","?","T","R","?","M","?","E"],"build_version":"2018-03-29v2","purchased_purges":1,"victory":false,"master_deck":["Defend_G","Defend_G","Defend_G","Defend_G","Defend_G","Strike_G","Strike_G","Strike_G","Strike_G","Survivor","Neutralize","AscendersBane","Dagger Spray","Well Laid Plans","All Out Attack+1","Poisoned Stab","Riddle With Holes","Escape Plan","Leg Sweep","Dash","Bouncing Flask","Bullet Time","Deflect+1","Backflip","Skewer","Doppelganger","Blur"],"max_hp_per_floor":[60,60,60,60,60,60,60,60,60,60,60,60,60,60,60,60,60,60,60,57,57,57,57,57,57,57,57,57,57,57,57],"relics":["Ring of the Snake","Ice Cream","Gremlin Horn","Centennial Puzzle","Happy Flower","Sozu","Tiny Chest","Torii","Blue Candle","Dead Branch"],"card_choices":[{"not_picked":["Leg Sweep","Dodge and Roll"],"picked":"Dagger Spray","floor":1},{"not_picked":["Backflip","Sucker Punch"],"picked":"Well Laid Plans","floor":3},{"not_picked":["Cloak And Dagger","Malaise"],"picked":"All Out Attack","floor":4},{"not_picked":["Acrobatics","Prepared"],"picked":"Poisoned Stab","floor":7},{"not_picked":["Caltrops","Setup"],"picked":"Riddle With Holes","floor":8},{"not_picked":["Sucker Punch","Wraith Form"],"picked":"Escape Plan","floor":10},{"not_picked":["Riddle With Holes","Deadly Poison"],"picked":"Leg Sweep","floor":11},{"not_picked":["Quick Slash","Poisoned Stab"],"picked":"Dash","floor":12},{"not_picked":["Setup","Acrobatics"],"picked":"Bouncing Flask","floor":14},{"not_picked":["After Image","Glass Knife"],"picked":"Bullet Time","floor":16},{"not_picked":["Poisoned Stab","Outmaneuver"],"picked":"Deflect","floor":18},{"not_picked":["Quick Slash","Deflect"],"picked":"Backflip","floor":21},{"not_picked":["Quick Slash","Crippling Poison"],"picked":"Doppelganger","floor":29},{"not_picked":["Poisoned Stab","Underhanded Strike"],"picked":"Blur","floor":30}],"player_experience":403437,"potions_floor_usage":[16,16,18],"damage_taken":[{"damage":3,"enemies":"2 Louse","floor":1,"turns":3},{"damage":0,"enemies":"Small Slimes","floor":3,"turns":3},{"damage":0,"enemies":"Jaw Worm","floor":4,"turns":4},{"damage":36,"enemies":"Lagavulin","floor":7,"turns":9},{"damage":0,"enemies":"2 Fungi Beasts","floor":8,"turns":3},{"damage":0,"enemies":"Blue Slaver","floor":10,"turns":4},{"damage":3,"enemies":"3 Louse","floor":11,"turns":2},{"damage":0,"enemies":"2 Fungi Beasts","floor":12,"turns":2},{"damage":1,"enemies":"Looter","floor":14,"turns":3},{"damage":6,"enemies":"The Guardian","floor":16,"turns":9},{"damage":14,"enemies":"3 Byrds","floor":18,"turns":5},{"damage":14,"enemies":"2 Thieves","floor":19,"turns":5},{"damage":6,"enemies":"Slaver and Parasite","floor":21,"turns":6},{"damage":33,"enemies":"Gremlin Leader","floor":24,"turns":8},{"damage":7,"enemies":"3 Cultists","floor":29,"turns":5},{"damage":9,"enemies":"Sentry and Sphere","floor":30,"turns":6},{"damage":13,"enemies":"Slavers","floor":31,"turns":1}],"event_choices":[{"event_name":"Scrap Ooze","player_choice":"success","floor":2,"damage_taken":5},{"event_name":"Living Wall","player_choice":"Forget","floor":5,"damage_taken":0},{"event_name":"Mushrooms","player_choice":"Healed and dodged fight","floor":13,"damage_taken":0},{"event_name":"Match and Keep!","player_choice":"1 cards matched","floor":25,"damage_taken":0},{"event_name":"Cursed Tome","player_choice":"Ignored","floor":28,"damage_taken":0}],"boss_relics":[{"not_picked":["Runic Dome","Velvet Choker"],"picked":"Sozu"}],"potions_floor_spawned":[1,10,11,12,16,21,24],"seed_played":"7761853532305382901","killed_by":"Slavers","ascension_level":15,"is_trial":false}