{"gold_per_floor":[112,187,204,222,56,56,89,107,107,131,145,145,160,174,174,276,276,292,292,30,130,145,145,164,164,188,202,202,202,214,241,241,345,345,359,269,269,279,279,310,340,75,120,120,134,149,164,12,312,312],"floor_reached":51,"playtime":2791,"items_purged":["Writhe","Strike_B","Defend_B"],"score":911,"play_id":"280958bc-de8f-4198-9d29-a3c0f3b0548d","local_time":"20180916102452","is_ascension_mode":true,"campfire_choices":[{"data":"Zap","floor":6,"key":"SMITH"},{"data":"Scrape","floor":15,"key":"SMITH"},{"floor":23,"key":"DIG"},{"data":"Go for the Eyes","floor":25,"key":"SMITH"},{"floor":29,"key":"DIG"},{"floor":32,"key":"DIG"},{"floor":44,"key":"DIG"},{"floor":49,"key":"DIG"}],"neow_cost":"CURSE","seed_source_timestamp":142493581182769,"circlet_count":0,"master_deck":["Defend_B","Defend_B+1","Defend_B","Zap+1","Dualcast+1","Scrape+1","Beam Cell","Gash","Self Repair","Beam Cell","Steam+1","Beam Cell","Gash","Skim+1","Fission+1","Gash","Steam+1","Impatience+1","Hologram+1","Go for the Eyes+1","Rebound","Reprogram+1","Chill+1","Finesse+1","Apotheosis+1","Go for the Eyes","Beam Cell"],"relics":["Cracked Core","Unceasing Top","Toxic Egg 2","Shovel","Odd Mushroom","Busted Crown","Turnip","Art of War","StoneCalendar","Bronze Scales","Anchor","Empty Cage","MawBank","Vajra","Dead Branch","Old Coin"],"potions_floor_usage":[11,50,50,50],"damage_taken":[{"damage":6,"enemies":"2 Louse","floor":1,"turns":3},{"damage":7,"enemies":"Jaw Worm","floor":3,"turns":3},{"damage":0,"enemies":"Cultist","floor":4,"turns":3},{"damage":30,"enemies":"Lagavulin","floor":7,"turns":5},{"damage":0,"enemies":"2 Fungi Beasts","floor":8,"turns":2},{"damage":5,"enemies":"The Mushroom Lair","floor":10,"turns":3},{"damage":0,"enemies":"Looter","floor":11,"turns":1},{"damage":7,"enemies":"Exordium Wildlife","floor":13,"turns":3},{"damage":0,"enemies":"2 Fungi Beasts","floor":14,"turns":2},{"damage":23,"enemies":"The Guardian","floor":16,"turns":8},{"damage":7,"enemies":"Chosen","floor":18,"turns":3},{"damage":0,"enemies":"Spheric Guardian","floor":22,"turns":3},{"damage":0,"enemies":"Centurion and Healer","floor":24,"turns":3},{"damage":0,"enemies":"Snake Plant","floor":27,"turns":3},{"damage":3,"enemies":"Snecko","floor":30,"turns":3},{"damage":18,"enemies":"Gremlin Leader","floor":31,"turns":4},{"damage":27,"enemies":"Champ","floor":33,"turns":7},{"damage":0,"enemies":"3 Darklings","floor":35,"turns":3},{"damage":0,"enemies":"Orb Walker","floor":38,"turns":3},{"damage":5,"enemies":"Nemesis","floor":40,"turns":4},{"damage":0,"enemies":"4 Shapes","floor":41,"turns":3},{"damage":0,"enemies":"Maw","floor":45,"turns":5},{"damage":0,"enemies":"3 Darklings","floor":46,"turns":2},{"damage":0,"enemies":"Spire Growth","floor":47,"turns":3},{"damage":18,"enemies":"Awakened One","floor":50,"turns":5}],"seed_played":"-5672342322013538561","potions_obtained":[{"floor":4,"key":"Energy Potion"},{"floor":11,"key":"Strength Potion"},{"floor":13,"key":"Strength Potion"},{"floor":14,"key":"FairyPotion"},{"floor":28,"key":"EntropicBrew"}],"is_trial":false,"path_per_floor":["M","?","M","M","$","R","E","M","T","?","M","?","M","M","R","B",null,"M","?","$","?","M","R","M","R","T","M","?","R","M","E","R","B",null,"M","?","?","M","?","E","M","$","T","R","M","M","M","$","R","B"],"character_chosen":"DEFECT","items_purchased":["Self Repair","Beam Cell","Gash","Steam+1","Impatience+1","Finesse+1","Apotheosis+1","Beam Cell"],"campfire_rested":0,"item_purchase_floors":[5,5,20,20,20,42,42,48],"current_hp_per_floor":[69,58,51,51,51,51,28,28,28,30,30,30,30,37,37,21,75,75,75,75,75,75,75,75,75,75,75,75,75,75,57,57,37,75,75,75,75,75,75,75,75,75,75,75,75,75,75,75,75,67],"gold":312,"neow_bonus":"ONE_RARE_RELIC","is_prod":false,"is_daily":false,"chose_seed":false,"campfire_upgraded":3,"win_rate":0,"timestamp":1537107892,"path_taken":["M","?","M","M","$","R","E","?","T","?","M","?","?","M","R","BOSS","M","?","?","?","?","R","M","R","T","M","?","R","?","E","R","BOSS","M","?","?","M","?","E","M","$","T","R","M","M","?","$","R","BOSS"],"build_version":"2018-09-06","purchased_purges":3,"victory":true,"max_hp_per_floor":[75,75,75,75,75,75,75,75,75,75,75,75,75,75,75,75,75,75,75,75,75,75,75,75,75,75,75,75,75,75,75,75,75,75,75,75,75,75,75,75,75,75,75,75,75,75,75,75,75,75],"card_choices":[{"not_picked":["Compile Driver","Streamline"],"picked":"Scrape","floor":1},{"not_picked":["Hologram","Coolheaded"],"picked":"Beam Cell","floor":3},{"not_picked":["Barrage","Sunder"],"picked":"Gash","floor":4},{"not_picked":["Biased Cognition","Compile Driver"],"picked":"Steam","floor":7},{"not_picked":["Coolheaded+1","Redo+1"],"picked":"Beam Cell","floor":8},{"not_picked":["Undo+1","Chill+1"],"picked":"Gash","floor":10},{"not_picked":["Sunder","Coolheaded+1"],"picked":"Skim+1","floor":11},{"not_picked":["Turbo+1","Lockon","Reinforced Body+1"],"picked":"SKIP","floor":13},{"not_picked":["Reinforced Body+1","Rebound","Barrage"],"picked":"SKIP","floor":14},{"not_picked":["Hyperbeam","Amplify+1"],"picked":"Fission+1","floor":16},{"not_picked":["Rip and Tear+1"],"picked":"SKIP","floor":18},{"not_picked":[],"picked":"Hologram+1","floor":22},{"not_picked":[],"picked":"Go for the Eyes","floor":24},{"not_picked":["Sweeping Beam"],"picked":"SKIP","floor":27},{"not_picked":[],"picked":"Rebound","floor":30},{"not_picked":["Darkness+1"],"picked":"SKIP","floor":31},{"not_picked":["Turbo+1"],"picked":"SKIP","floor":35},{"not_picked":[],"picked":"Reprogram+1","floor":38},{"not_picked":[],"picked":"Chill+1","floor":40},{"not_picked":["Barrage"],"picked":"SKIP","floor":41},{"not_picked":["Hello World+1"],"picked":"SKIP","floor":45},{"not_picked":[],"picked":"Go for the Eyes","floor":46},{"not_picked":["Compile Driver"],"picked":"SKIP","floor":47}],"player_experience":185066,"relics_obtained":[{"floor":7,"key":"Toxic Egg 2"},{"floor":9,"key":"Shovel"},{"floor":10,"key":"Odd Mushroom"},{"floor":23,"key":"Turnip"},{"floor":26,"key":"Art of War"},{"floor":29,"key":"StoneCalendar"},{"floor":31,"key":"Bronze Scales"},{"floor":32,"key":"Anchor"},{"floor":40,"key":"MawBank"},{"floor":43,"key":"Vajra"},{"floor":44,"key":"Dead Branch"},{"floor":49,"key":"Old Coin"}],"event_choices":[{"event_name":"World of Goop","player_choice":"Gather Gold","floor":2,"damage_taken":0},{"event_name":"Mushrooms","player_choice":"Fought Mushrooms","floor":10,"damage_taken":0},{"event_name":"Shining Light","player_choice":"Ignored","floor":12,"damage_taken":0},{"event_name":"Accursed Blacksmith","player_choice":"Forge","floor":19,"damage_taken":0},{"event_name":"Golden Shrine","player_choice":"Pray","floor":21,"damage_taken":0},{"event_name":"The Lab","player_choice":"Got Potions","floor":28,"damage_taken":0},{"event_name":"Designer","player_choice":"Full Service","floor":36,"damage_taken":0},{"event_name":"Mysterious Sphere","player_choice":"Ignore","floor":37,"damage_taken":0},{"event_name":"The Woman in Blue","player_choice":"Bought 0 Potions","floor":39,"damage_taken":0}],"is_beta":false,"boss_relics":[{"not_picked":["Coffee Dripper","Philosopher\u0027s Stone"],"picked":"Busted Crown"},{"not_picked":["Velvet Choker","Calling Bell"],"picked":"Empty Cage"}],"items_purged_floors":[5,20,48],"is_endless":false,"potions_floor_spawned":[4,11,13,14,24,27,30,33,35,38,41,46],"ascension_level":4}