{"gold_per_floor":[115,115,133,153,328,328,240,240,263,263,282,300,300,324,324,447,447,462,500,521,521,501,501,522,543,543,543,543,543,543,543,543,543],"floor_reached":33,"playtime":1635,"items_purged":[],"score":462,"play_id":"27cf30d5-dc47-4b89-bd6f-3bb02610ae2b","local_time":"20180627204725","daily_mods":["Diverse","Brewmaster","Heirloom","Insanity","Specialized","Allstar","Vintage","Hoarder"],"is_ascension_mode":false,"campfire_choices":[{"data":"Cleave","floor":6,"key":"SMITH"},{"data":"Bandage Up","floor":8,"key":"SMITH"},{"floor":15,"key":"REST"},{"floor":23,"key":"REST"},{"floor":30,"key":"REST"},{"floor":32,"key":"REST"}],"neow_cost":"","seed_source_timestamp":0,"circlet_count":0,"master_deck":["Fire Breathing+1","Searing Blow","Clash","Pommel Strike","Barricade","Havoc+1","Battle Trance","Dark Embrace","Battle Trance","Spot Weakness","Flex","Disarm","Searing Blow","Twin Strike","Bludgeon","Dark Embrace","Fire Breathing","Twin Strike","Berserk","Clothesline","Impervious","Immolate+1","Searing Blow","Dark Embrace","Bloodletting","Dropkick","Anger","Sword Boomerang","Anger","Twin Strike","Cleave+1","Shockwave","Dark Embrace","Flex","Clash","Bash","Wild Strike","Fiend Fire","Exhume","Iron Wave","Rage","Defend_R","Combust","Clothesline","Flex","Metallicize","Headbutt","Combust","Second Wind","Warcry","Venomology","Venomology+1","Venomology","Venomology","Venomology","Venomology","Venomology","Venomology","Venomology","Venomology","Venomology","Venomology","Venomology","Venomology+1","Venomology","Doubt","Doubt","Doubt","Bandage Up","Bandage Up","Bandage Up+1","Barricade","Barricade","Barricade","BootSequence","BootSequence","BootSequence"],"special_seed":17709,"relics":["Burning Blood","Shovel","White Beast Statue","Blood Vial","Pen Nib","War Paint","Bag of Preparation","Bottled Tornado","Strawberry","Golden Idol","Potion Belt","Kunai","Lizard Tail","Shuriken","Red Mask","Smiling Mask","Ginger","Art of War","Dead Branch","Orichalcum"],"potions_floor_usage":[1,1,3,4,4,4,4,14,16,16,16,16,16,18,19,19,19,19,19,19,19,19,19,19,20,20,20,20,20,20,20,24,24,24,24,24,25,25,25,25,25,25,31,31,33,33,33,33,33],"damage_taken":[{"damage":4,"enemies":"Small Slimes","floor":1,"turns":3},{"damage":0,"enemies":"2 Louse","floor":3,"turns":3},{"damage":11,"enemies":"Jaw Worm","floor":4,"turns":2},{"damage":0,"enemies":"Blue Slaver","floor":11,"turns":1},{"damage":0,"enemies":"3 Louse","floor":12,"turns":1},{"damage":23,"enemies":"Gremlin Gang","floor":14,"turns":2},{"damage":48,"enemies":"Hexaghost","floor":16,"turns":9},{"damage":0,"enemies":"Spheric Guardian","floor":18,"turns":1},{"damage":64,"floor":19,"turns":6},{"damage":22,"enemies":"Shell Parasite","floor":20,"turns":5},{"damage":63,"enemies":"Cultist and Chosen","floor":24,"turns":4},{"damage":47,"enemies":"Centurion and Healer","floor":25,"turns":6},{"damage":0,"enemies":"Snake Plant","floor":31,"turns":1},{"damage":94,"enemies":"Automaton","floor":33,"turns":8}],"seed_played":"-5761987629643785794","potions_obtained":[{"floor":1,"key":"Block Potion"},{"floor":3,"key":"LiquidBronze"},{"floor":4,"key":"Swift Potion"},{"floor":14,"key":"EssenceOfSteel"},{"floor":16,"key":"AttackPotion"},{"floor":18,"key":"BloodPotion"},{"floor":19,"key":"SpeedPotion"},{"floor":20,"key":"Strength Potion"},{"floor":22,"key":"AttackPotion"},{"floor":24,"key":"SteroidPotion"},{"floor":25,"key":"Dexterity Potion"}],"is_trial":true,"path_per_floor":["M","?","M","M","?","R","$","R","T","?","M","M","?","M","R","B",null,"M","?","M","?","?","R","M","M","T","T","$","$","R","M","R"],"character_chosen":"IRONCLAD","items_purchased":["Bandage Up"],"campfire_rested":4,"item_purchase_floors":[7],"current_hp_per_floor":[80,80,80,75,75,75,75,75,75,59,67,82,81,64,81,58,81,81,35,21,21,21,45,42,38,38,38,38,38,62,70,81,0],"gold":543,"neow_bonus":"","is_prod":false,"is_daily":false,"chose_seed":false,"campfire_upgraded":2,"win_rate":0,"timestamp":1530096445,"path_taken":["M","?","M","M","?","R","$","R","T","?","M","M","?","?","R","BOSS","M","?","M","?","?","R","M","?","T","?","?","$","R","M","R","BOSS"],"build_version":"2018-06-26","purchased_purges":0,"victory":false,"max_hp_per_floor":[80,80,80,80,80,80,80,80,80,80,80,87,81,81,81,81,81,81,81,81,81,81,81,81,81,81,81,81,81,81,81,81,81],"card_choices":[{"not_picked":["Brutality","Impervious"],"picked":"Barricade","floor":16}],"player_experience":465721,"relics_obtained":[{"floor":1,"key":"Blood Vial"},{"floor":3,"key":"Pen Nib"},{"floor":4,"key":"War Paint"},{"floor":9,"key":"Bag of Preparation"},{"floor":11,"key":"Bottled Tornado"},{"floor":12,"key":"Strawberry"},{"floor":14,"key":"Potion Belt"},{"floor":16,"key":"Kunai"},{"floor":18,"key":"Shuriken"},{"floor":19,"key":"Red Mask"},{"floor":20,"key":"Smiling Mask"},{"floor":24,"key":"Ginger"},{"floor":25,"key":"Art of War"},{"floor":26,"key":"Dead Branch"},{"floor":27,"key":"Orichalcum"}],"event_choices":[{"event_name":"Living Wall","player_choice":"Grow","floor":2,"damage_taken":0},{"event_name":"Liars Game","player_choice":"agreed","floor":5,"damage_taken":0},{"event_name":"Shining Light","player_choice":"Entered Light","floor":10,"damage_taken":0},{"event_name":"Golden Idol","player_choice":"Lose Max HP","floor":13,"damage_taken":0},{"event_name":"Masked Bandits","player_choice":"Fought over 462 gold","floor":19,"damage_taken":0},{"event_name":"The Library","player_choice":"Read","floor":21,"damage_taken":0},{"event_name":"The Woman in Blue","player_choice":"Bought 1 Potion","floor":22,"damage_taken":0}],"boss_relics":[{"not_picked":["Velvet Choker","Snecko Eye"],"picked":"Lizard Tail"}],"items_purged_floors":[],"is_endless":true,"potions_floor_spawned":[1,3,4,11,12,14,16,18,19,20,24,25,31],"killed_by":"Automaton","ascension_level":0}