{"gold_per_floor":[112,126,144,63,79,114,134,134,161,180,196,371,371,371,371,500,500,518,9,30,30],"floor_reached":21,"playtime":1263,"items_purged":["Strike_B"],"score":183,"play_id":"bfe3db87-d3a6-4d75-9495-8119e5ae0f56","local_time":"20190304230134","is_ascension_mode":false,"campfire_choices":[{"floor":8,"key":"REST"},{"floor":15,"key":"REST"}],"neow_cost":"NONE","seed_source_timestamp":9252611186849,"circlet_count":0,"master_deck":["Strike_B","Strike_B","Strike_B","Defend_B","Defend_B","Defend_B","Defend_B+1","Zap","Dualcast","Hologram","Turbo","Ball Lightning","Capacitor","Cold Snap","Sunder","Cold Snap","Sunder","Loop+1","Biased Cognition","Doubt","Injury","Meteor Strike","Sunder","Redo","Ball Lightning","Hologram","Reinforced Body","Cold Snap+1","Rainbow","Loop","Consume"],"relics":["Cracked Core","NeowsBlessing","Darkstone Periapt","Golden Idol","Orrery","ClockworkSouvenir"],"potions_floor_usage":[6,16,16,20,21],"damage_taken":[{"damage":0,"enemies":"Cultist","floor":1,"turns":1},{"damage":0,"enemies":"2 Louse","floor":2,"turns":1},{"damage":0,"enemies":"Small Slimes","floor":3,"turns":1},{"damage":12,"enemies":"2 Fungi Beasts","floor":5,"turns":4},{"damage":40,"enemies":"Lagavulin","floor":6,"turns":6},{"damage":18,"enemies":"Exordium Wildlife","floor":7,"turns":5},{"damage":3,"enemies":"Blue Slaver","floor":10,"turns":4},{"damage":11,"enemies":"Large Slime","floor":11,"turns":4},{"damage":42,"enemies":"Hexaghost","floor":16,"turns":12},{"damage":32,"enemies":"Shell Parasite","floor":18,"turns":7},{"damage":29,"enemies":"2 Thieves","floor":20,"turns":4},{"damage":31,"enemies":"Snake Plant","floor":21,"turns":2}],"seed_played":"4835086248428557326","potions_obtained":[{"floor":2,"key":"GamblersBrew"},{"floor":5,"key":"Regen Potion"},{"floor":6,"key":"Energy Potion"},{"floor":16,"key":"GamblersBrew"},{"floor":18,"key":"Fire Potion"}],"is_trial":false,"path_per_floor":["M","M","M","$","M","E","M","R","T","M","M","?","?","?","R","B",null,"M","$","M","M"],"character_chosen":"DEFECT","items_purchased":["Capacitor","Cold Snap","Rainbow","ClockworkSouvenir","Loop"],"campfire_rested":2,"item_purchase_floors":[4,4,19,19,19],"current_hp_per_floor":[75,75,75,75,63,38,20,42,42,39,28,34,40,23,49,7,87,55,55,26,0],"gold":30,"neow_bonus":"THREE_ENEMY_KILL","is_prod":false,"is_daily":false,"chose_seed":false,"campfire_upgraded":0,"win_rate":0,"timestamp":1551708094,"path_taken":["M","M","M","$","M","E","?","R","T","M","M","?","?","?","R","BOSS","M","$","M","M"],"build_version":"2019-01-23","purchased_purges":1,"victory":false,"max_hp_per_floor":[75,75,75,75,75,75,75,75,75,75,75,81,87,87,87,87,87,87,87,87,87],"card_choices":[{"not_picked":["Gash","Beam Cell"],"picked":"Hologram","floor":1},{"not_picked":["Blizzard","Genetic Algorithm"],"picked":"Turbo","floor":2},{"not_picked":["Go for the Eyes","Recycle"],"picked":"Ball Lightning","floor":3},{"not_picked":["Sweeping Beam","Hologram"],"picked":"Sunder","floor":5},{"not_picked":["Chaos","Rebound"],"picked":"Cold Snap","floor":6},{"not_picked":["Steam Power","Barrage"],"picked":"Sunder","floor":7},{"not_picked":["Stack","Compile Driver"],"picked":"Loop","floor":10},{"not_picked":["Steam","Force Field"],"picked":"Biased Cognition","floor":11},{"not_picked":["Echo Form","Multi-Cast"],"picked":"Meteor Strike","floor":16},{"not_picked":["Chill","Barrage"],"picked":"Sunder","floor":17},{"not_picked":["Compile Driver","Reprogram"],"picked":"Redo","floor":17},{"not_picked":["Gash","Sweeping Beam"],"picked":"Ball Lightning","floor":17},{"not_picked":["Go for the Eyes","Undo"],"picked":"Hologram","floor":17},{"not_picked":["Glacier","Hologram"],"picked":"Reinforced Body","floor":17},{"not_picked":["Steam+1","Leap"],"picked":"Cold Snap+1","floor":18},{"not_picked":["Conserve Battery","Stack+1"],"picked":"Consume","floor":20}],"player_experience":65973,"relics_obtained":[{"floor":6,"key":"Darkstone Periapt"}],"event_choices":[{"damage_healed":0,"gold_gain":175,"player_choice":"AGREE","damage_taken":0,"max_hp_gain":0,"max_hp_loss":0,"event_name":"Liars Game","floor":12,"gold_loss":0,"cards_obtained":["Doubt"]},{"damage_healed":0,"gold_gain":0,"player_choice":"Take Wound","damage_taken":0,"relics_obtained":["Golden Idol"],"max_hp_gain":0,"max_hp_loss":0,"event_name":"Golden Idol","floor":13,"gold_loss":0,"cards_obtained":["Injury"]},{"damage_healed":0,"gold_gain":0,"player_choice":"Entered Light","damage_taken":17,"max_hp_gain":0,"max_hp_loss":0,"event_name":"Shining Light","floor":14,"gold_loss":0,"cards_upgraded":["Loop","Defend_B"]}],"is_beta":false,"boss_relics":[{"not_picked":["Runic Dome","Sozu"],"picked":"Orrery"}],"items_purged_floors":[19],"is_endless":false,"potions_floor_spawned":[2,5,6,16,18],"killed_by":"Snake Plant","ascension_level":0}