{"gold_per_floor":[110,110,110,129,143,143,41,61,61,61,61,61,11,26,26,26],"floor_reached":16,"playtime":1951,"items_purged":[],"score":90,"play_id":"804338ef-b11a-4af4-8e80-d40ed2b14ab1","local_time":"20180908062602","is_ascension_mode":false,"campfire_choices":[{"floor":6,"key":"REST"},{"data":"Unload","floor":10,"key":"SMITH"},{"data":"Defend_G","floor":12,"key":"SMITH"},{"data":"Defend_G","floor":15,"key":"SMITH"}],"neow_cost":"NONE","seed_source_timestamp":117084049183045,"circlet_count":0,"master_deck":["Defend_G","Defend_G+1","Defend_G","Defend_G+1","Defend_G","Strike_G","Strike_G","Strike_G","Strike_G","Strike_G","Survivor+1","Neutralize","Prepared","Unload+1","Flying Knee"],"relics":["Ring of the Snake","Pear"],"potions_floor_usage":[8,8,8,16,16],"damage_taken":[{"damage":10,"enemies":"Jaw Worm","floor":1,"turns":8},{"damage":3,"enemies":"Small Slimes","floor":4,"turns":4},{"damage":0,"enemies":"2 Louse","floor":5,"turns":3},{"damage":4,"enemies":"Large Slime","floor":8,"turns":11},{"damage":5,"enemies":"Blue Slaver","floor":14,"turns":4},{"damage":91,"enemies":"Hexaghost","floor":16,"turns":16}],"seed_played":"-6021907971134647486","potions_obtained":[{"floor":5,"key":"SpeedPotion"},{"floor":8,"key":"Regen Potion"}],"is_trial":false,"path_per_floor":["M","?","?","M","M","R","$","M","T","R","?","R","$","M","R"],"character_chosen":"THE_SILENT","items_purchased":["Block Potion","Strength Potion","SpeedPotion"],"campfire_rested":1,"item_purchase_floors":[7,7,13],"current_hp_per_floor":[60,60,60,57,57,70,70,66,76,76,76,76,76,71,71,0],"gold":26,"neow_bonus":"UPGRADE_CARD","is_prod":false,"is_daily":false,"chose_seed":false,"campfire_upgraded":3,"win_rate":0.0,"timestamp":1536402362,"path_taken":["M","?","?","M","?","R","$","M","T","R","?","R","?","M","R","BOSS"],"build_version":"2018-09-06","purchased_purges":0,"victory":false,"max_hp_per_floor":[70,70,70,70,70,70,70,70,80,80,80,80,80,80,80,80],"card_choices":[{"not_picked":["Deflect","Expertise","Acrobatics"],"picked":"SKIP","floor":1},{"not_picked":["Acrobatics","Eviscerate"],"picked":"Prepared","floor":4},{"not_picked":["Caltrops","Acrobatics"],"picked":"Unload","floor":5},{"not_picked":["Prepared","Backflip"],"picked":"Flying Knee","floor":8},{"not_picked":["Quick Slash","PiercingWail","Blur"],"picked":"SKIP","floor":14}],"player_experience":3478,"relics_obtained":[{"floor":9,"key":"Pear"}],"event_choices":[{"event_name":"Golden Idol","player_choice":"Ignored","floor":2,"damage_taken":0},{"event_name":"Scrap Ooze","player_choice":"unsuccessful","floor":3,"damage_taken":0},{"event_name":"FaceTrader","player_choice":"Leave","floor":11,"damage_taken":0}],"is_beta":false,"boss_relics":[],"items_purged_floors":[],"is_endless":false,"potions_floor_spawned":[5,8],"killed_by":"Hexaghost","ascension_level":0}