{"path_per_floor":["M","M","?","?","M","R","E","R","T","M","?","M","M","M","R","B",null,"M","$","M","?","M","E","R","M","T","M","M","T"],"character_chosen":"THE_SILENT","items_purchased":["Paper Crane"],"gold_per_floor":[114,127,127,77,91,91,117,117,117,132,132,150,165,179,179,277,277,293,55,74,74,84,115,115,128,128,143,162,162],"floor_reached":30,"campfire_rested":3,"playtime":1558,"current_hp_per_floor":[60,60,65,65,59,59,11,33,33,21,21,17,17,14,36,16,60,49,49,40,40,23,23,45,33,33,12,4,4],"items_purged":[],"gold":162,"score":346,"play_id":"06f26d72-e3b7-48bd-a0ce-8952553994ba","local_time":"20180302212510","is_prod":false,"is_daily":false,"is_ascension_mode":true,"campfire_upgraded":1,"timestamp":1519993510,"path_taken":["M","M","?","?","M","R","E","R","T","M","?","M","?","M","R","BOSS","M","$","M","?","M","E","R","M","T","M","M","?","?"],"build_version":"2018-03-01-PROD1","purchased_purges":0,"victory":false,"master_deck":["Survivor","Neutralize+1","Well Laid Plans","Outmaneuver","Finisher","Noxious Fumes","Cloak And Dagger+1","Decay","Backflip","Dagger Spray","PiercingWail","Grand Finale","Acrobatics","Quick Slash","Predator","Poisoned Stab","Poisoned Stab","Slice","Crippling Poison","Poisoned Stab","Accuracy","Flying Knee","Cloak And Dagger+1","Blur+1"],"max_hp_per_floor":[70,70,75,75,75,75,75,75,75,75,75,75,75,75,75,75,75,75,75,75,75,75,75,75,75,75,75,75,75],"relics":["Velvet Choker","Kunai","Vajra","Pandora\u0027s Box","Paper Crane","Ginger","Ice Cream","Unceasing Top"],"card_choices":[{"not_picked":["Prepared","Dodge and Roll"],"picked":"Well Laid Plans"},{"not_picked":["Night Terror","Heel Hook"],"picked":"Outmaneuver"},{"not_picked":["Crippling Poison","Reflex"],"picked":"Finisher"},{"not_picked":["Flechettes","Malaise"],"picked":"Noxious Fumes"},{"not_picked":["Outmaneuver","Expertise"],"picked":"Cloak And Dagger"},{"not_picked":["Poisoned Stab","Sucker Punch"],"picked":"Backflip"},{"not_picked":["Slice","Malaise"],"picked":"Dagger Spray"},{"not_picked":["Deflect","Malaise"],"picked":"PiercingWail"},{"not_picked":["A Thousand Cuts","Envenom"],"picked":"Grand Finale"},{"not_picked":["Outmaneuver","Dagger Spray"],"picked":"Flying Knee"},{"not_picked":["Blur","Dagger Throw"],"picked":"Cloak And Dagger"},{"not_picked":["Deadly Poison","Poisoned Stab"],"picked":"Blur"}],"player_experience":241572,"potions_floor_usage":[16,16,18,22,23,23,28],"damage_taken":[{"damage":3,"enemies":"Jaw Worm","floor":1,"turns":6},{"damage":0,"enemies":"Cultist","floor":2,"turns":5},{"damage":6,"enemies":"Small Slimes","floor":5,"turns":6},{"damage":48,"enemies":"Gremlin Nob","floor":7,"turns":7},{"damage":12,"enemies":"3 Louse","floor":10,"turns":3},{"damage":4,"enemies":"Exordium Wildlife","floor":12,"turns":6},{"damage":0,"enemies":"Looter","floor":13,"turns":4},{"damage":3,"enemies":"Lots of Slimes","floor":14,"turns":4},{"damage":20,"enemies":"Slime Boss","floor":16,"turns":12},{"damage":11,"enemies":"Chosen","floor":18,"turns":4},{"damage":9,"enemies":"Shell Parasite","floor":20,"turns":5},{"damage":17,"enemies":"3 Cultists","floor":22,"turns":4},{"damage":12,"enemies":"Book of Stabbing","floor":23,"turns":5},{"damage":12,"enemies":"Sentry and Sphere","floor":25,"turns":7},{"damage":21,"enemies":"Centurion and Healer","floor":27,"turns":6},{"damage":8,"enemies":"Chosen and Byrds","floor":28,"turns":5},{"damage":10,"enemies":"Snake Plant","floor":30,"turns":1}],"event_choices":[{"event_name":"Big Fish","player_choice":"Donut","floor":3,"damage_taken":0},{"event_name":"The Cleric","player_choice":"Card Removal","floor":4,"damage_taken":0},{"event_name":"Wheel of Change","player_choice":"Curse","floor":11,"damage_taken":0},{"event_name":"Upgrade Shrine","player_choice":"Upgraded","floor":21,"damage_taken":0}],"boss_relics":[{"not_picked":["Snecko Eye","Black Star"],"picked":"Pandora\u0027s Box"}],"potions_floor_spawned":[1,13,14,16,20,22,23,27,28],"seed_played":"-9055295198216897265","killed_by":"Snake Plant","ascension_level":7,"is_trial":false}