{"gold_per_floor":[111,111,130,130,144,144,169,169,169,169,190,190,190,213,213,343,343,361,381,381,381,404,404,503,503],"floor_reached":25,"playtime":1207,"items_purged":[],"score":232,"play_id":"5ce9a31a-bcd2-425a-9168-9cb1249fbaf5","local_time":"20180928031034","is_ascension_mode":true,"campfire_choices":[{"data":"Zap","floor":6,"key":"SMITH"},{"data":"Double Energy","floor":8,"key":"SMITH"},{"data":"1","floor":12,"key":"LIFT"},{"data":"2","floor":15,"key":"LIFT"},{"data":"3","floor":23,"key":"LIFT"}],"neow_cost":"","seed_source_timestamp":385902175214262,"circlet_count":0,"master_deck":["Strike_B+1","Strike_B+1","Strike_B+1","Strike_B+1","Defend_B+1","Defend_B+1","Defend_B+1","Defend_B+1","Zap+1","Dualcast","Ball Lightning","Go for the Eyes+1","Gash","Double Energy+1","Glacier","Beam Cell","Seek","Stack","Rebound+1","Necronomicurse","Redo"],"relics":["Cracked Core","Golden Idol","Shuriken","Girya","The Courier","Busted Crown","Necronomicon"],"potions_floor_usage":[25,25,25],"damage_taken":[{"damage":0,"enemies":"2 Louse","floor":1,"turns":3},{"damage":7,"enemies":"Jaw Worm","floor":3,"turns":3},{"damage":0,"enemies":"Cultist","floor":5,"turns":2},{"damage":8,"enemies":"Looter","floor":7,"turns":2},{"damage":16,"enemies":"Lots of Slimes","floor":11,"turns":3},{"damage":4,"enemies":"Blue Slaver","floor":14,"turns":3},{"damage":16,"enemies":"The Guardian","floor":16,"turns":9},{"damage":9,"enemies":"Chosen","floor":18,"turns":5},{"damage":26,"enemies":"2 Thieves","floor":19,"turns":4},{"damage":22,"enemies":"Shelled Parasite and Fungi","floor":22,"turns":5},{"damage":5,"enemies":"Centurion and Healer","floor":25,"turns":5}],"seed_played":"1044427685437152221","potions_obtained":[{"floor":1,"key":"FocusPotion"},{"floor":5,"key":"Weak Potion"},{"floor":14,"key":"Explosive Potion"},{"floor":16,"key":"SkillPotion"},{"floor":18,"key":"FocusPotion"}],"is_trial":false,"path_per_floor":["M","?","M","T","M","R","M","R","T","?","M","R","?","M","R","B",null,"M","M","?","?","M","R","?"],"character_chosen":"DEFECT","items_purchased":[],"campfire_rested":0,"item_purchase_floors":[],"current_hp_per_floor":[75,57,50,50,50,50,42,42,42,42,26,26,26,22,22,6,75,66,40,24,24,2,2,2,0],"gold":503,"neow_bonus":"","is_prod":false,"is_daily":false,"chose_seed":false,"campfire_upgraded":2,"win_rate":0,"timestamp":1538129434,"path_taken":["M","?","M","?","M","R","?","R","T","?","M","R","?","M","R","BOSS","M","M","?","?","M","R","?","M"],"build_version":"2018-09-27","purchased_purges":0,"victory":false,"max_hp_per_floor":[75,75,75,75,75,75,75,75,75,75,75,75,75,75,75,75,75,75,75,75,75,75,75,75,75],"card_choices":[{"not_picked":["Self Repair","Cold Snap"],"picked":"Ball Lightning","floor":1},{"not_picked":["Steam","Stack"],"picked":"Go for the Eyes","floor":3},{"not_picked":["Skim","Redo"],"picked":"Gash","floor":5},{"not_picked":["Stack","White Noise"],"picked":"Double Energy","floor":7},{"not_picked":["Steam","Barrage"],"picked":"Glacier","floor":11},{"not_picked":["Compile Driver","Stack"],"picked":"Beam Cell","floor":14},{"not_picked":["Fission","Core Surge"],"picked":"Seek","floor":16},{"not_picked":[],"picked":"Stack","floor":18},{"not_picked":[],"picked":"Rebound+1","floor":19},{"not_picked":[],"picked":"Redo","floor":22}],"player_experience":178757,"relics_obtained":[{"floor":4,"key":"Shuriken"},{"floor":9,"key":"Girya"},{"floor":10,"key":"The Courier"},{"floor":20,"key":"Necronomicon"}],"event_choices":[{"event_name":"Golden Idol","player_choice":"Take Damage","floor":2,"damage_taken":0},{"event_name":"Wheel of Change","player_choice":"Relic","floor":10,"damage_taken":0},{"event_name":"Upgrade Shrine","player_choice":"Upgraded","floor":13,"damage_taken":0},{"event_name":"Cursed Tome","player_choice":"Obtained Book","floor":20,"damage_taken":0},{"event_name":"Back to Basics","player_choice":"Simplicity","floor":21,"damage_taken":0},{"event_name":"Nest","player_choice":"Stole From Cult","floor":24,"damage_taken":0}],"is_beta":false,"boss_relics":[{"not_picked":["Coffee Dripper","Empty Cage"],"picked":"Busted Crown"}],"items_purged_floors":[],"is_endless":false,"potions_floor_spawned":[1,5,14,16,18,19],"killed_by":"Centurion and Healer","ascension_level":4}