{"gold_per_floor":[113,113,131,131,147,163,163,175,175,187,25,25,25,44,44,144,144,157,82,28,38,48,48,62,62,62,62,76,91,109,109],"floor_reached":31,"playtime":1373,"items_purged":["Defend_R"],"score":258,"play_id":"464faac1-cd34-4064-8823-6eb5d016d98e","local_time":"20181207012256","is_ascension_mode":false,"campfire_choices":[{"data":"Impervious","floor":7,"key":"SMITH"},{"data":"Perfected Strike","floor":12,"key":"SMITH"},{"data":"Swift Strike","floor":15,"key":"SMITH"},{"data":"Perfected Strike","floor":23,"key":"SMITH"},{"data":"Clash","floor":25,"key":"SMITH"}],"neow_cost":"PERCENT_DAMAGE","seed_source_timestamp":614809752143621,"circlet_count":0,"master_deck":["Strike_R","Strike_R","Strike_R","Strike_R","Strike_R+1","Defend_R+1","Impervious+1","Thunderclap","Iron Wave","Twin Strike","Sword Boomerang","Perfected Strike+1","Twin Strike","Swift Strike+1","Twin Strike","Bludgeon","Perfected Strike+1","Wild Strike","Clash+1","Spot Weakness","Combust","Twin Strike"],"relics":["Burning Blood","Pantograph","Paper Frog","Runic Pyramid","Matryoshka"],"potions_floor_usage":[6,16,28,30,31,31],"damage_taken":[{"damage":3,"enemies":"2 Louse","floor":1,"turns":4},{"damage":3,"enemies":"Jaw Worm","floor":3,"turns":4},{"damage":0,"enemies":"Cultist","floor":5,"turns":5},{"damage":9,"enemies":"Exordium Thugs","floor":6,"turns":7},{"damage":0,"enemies":"2 Fungi Beasts","floor":8,"turns":3},{"damage":2,"enemies":"Blue Slaver","floor":10,"turns":3},{"damage":5,"enemies":"Looter","floor":14,"turns":2},{"damage":45,"enemies":"Slime Boss","floor":16,"turns":11},{"damage":31,"enemies":"3 Byrds","floor":18,"turns":5},{"damage":2,"enemies":"Spheric Guardian","floor":21,"turns":4},{"damage":8,"enemies":"Cultist and Chosen","floor":22,"turns":6},{"damage":14,"enemies":"Centurion and Healer","floor":24,"turns":7},{"damage":16,"enemies":"Shelled Parasite and Fungi","floor":28,"turns":3},{"damage":21,"enemies":"Snake Plant","floor":29,"turns":2},{"damage":31,"enemies":"Centurion and Healer","floor":30,"turns":4},{"damage":32,"enemies":"3 Cultists","floor":31,"turns":5}],"seed_played":"-8470830531049584650","potions_obtained":[{"floor":1,"key":"Weak Potion"},{"floor":3,"key":"Swift Potion"},{"floor":22,"key":"SpeedPotion"},{"floor":24,"key":"Regen Potion"},{"floor":29,"key":"BloodPotion"},{"floor":30,"key":"Regen Potion"}],"is_trial":false,"path_per_floor":["M","?","M","?","M","M","R","M","T","M","$","R","T","M","R","B",null,"M","?","$","M","M","R","M","R","T","?","M","M","M","M"],"character_chosen":"IRONCLAD","items_purchased":["Swift Strike","Wild Strike"],"campfire_rested":0,"item_purchase_floors":[11,20],"current_hp_per_floor":[59,43,46,46,52,49,49,55,55,59,59,59,59,60,60,41,80,55,55,55,59,57,57,49,49,49,49,48,33,16,0],"gold":109,"neow_bonus":"THREE_RARE_CARDS","is_prod":false,"is_daily":false,"chose_seed":false,"campfire_upgraded":5,"win_rate":0,"timestamp":1544163776,"path_taken":["M","?","M","?","M","M","R","?","T","M","$","R","?","M","R","BOSS","M","?","$","M","M","R","M","R","T","?","M","M","M","M"],"build_version":"2018-12-06","purchased_purges":1,"victory":false,"max_hp_per_floor":[80,80,80,80,80,80,80,80,80,80,80,80,80,80,80,80,80,80,80,80,80,80,80,80,80,80,80,80,80,80,80],"card_choices":[{"not_picked":["Offering","Brutality"],"picked":"Impervious","floor":0},{"not_picked":["Fire Breathing","True Grit"],"picked":"Thunderclap","floor":1},{"not_picked":["Clothesline","Dropkick","Burning Pact"],"picked":"SKIP","floor":3},{"not_picked":["Warcry","Anger"],"picked":"Twin Strike","floor":5},{"not_picked":["Fire Breathing","Searing Blow"],"picked":"Sword Boomerang","floor":6},{"not_picked":["Clash","Sword Boomerang"],"picked":"Perfected Strike","floor":8},{"not_picked":["Thunderclap","Carnage"],"picked":"Twin Strike","floor":10},{"not_picked":["Whirlwind","Wild Strike"],"picked":"Twin Strike","floor":14},{"not_picked":["Fiend Fire","Demon Form"],"picked":"Bludgeon","floor":16},{"not_picked":["Sever Soul+1","Body Slam"],"picked":"Perfected Strike","floor":18},{"not_picked":["Power Through","Spot Weakness"],"picked":"Clash","floor":21},{"not_picked":["Clothesline","Pummel+1","Battle Trance"],"picked":"SKIP","floor":22},{"not_picked":["Clothesline","Sword Boomerang","Sentinel+1"],"picked":"SKIP","floor":24},{"not_picked":["Headbutt","Iron Wave","Shrug It Off+1"],"picked":"SKIP","floor":28},{"not_picked":["Disarm","Iron Wave"],"picked":"Twin Strike","floor":29},{"not_picked":["Evolve","Havoc","Corruption"],"picked":"SKIP","floor":30}],"player_experience":172246,"relics_obtained":[{"floor":9,"key":"Pantograph"},{"floor":13,"key":"Paper Frog"},{"floor":26,"key":"Matryoshka"}],"event_choices":[{"damage_healed":0,"gold_gain":0,"player_choice":"Entered Light","damage_taken":16,"max_hp_gain":0,"max_hp_loss":0,"event_name":"Shining Light","floor":2,"gold_loss":0,"cards_upgraded":["Defend_R","Strike_R"]},{"damage_healed":0,"gold_gain":0,"player_choice":"1 cards matched","damage_taken":0,"max_hp_gain":0,"max_hp_loss":0,"event_name":"Match and Keep!","floor":4,"gold_loss":0,"cards_obtained":["Iron Wave"]},{"cards_removed":["Defend_R"],"damage_healed":0,"gold_gain":0,"player_choice":"Gave Gold","damage_taken":0,"max_hp_gain":0,"max_hp_loss":0,"event_name":"Beggar","floor":19,"gold_loss":75},{"damage_healed":0,"gold_gain":0,"cards_transformed":["Defend_R","Bash"],"player_choice":"Became Test Subject","damage_taken":0,"max_hp_gain":0,"max_hp_loss":0,"event_name":"Drug Dealer","floor":27,"gold_loss":0,"cards_obtained":["Spot Weakness","Combust"]}],"is_beta":false,"boss_relics":[{"not_picked":["Black Star","Calling Bell"],"picked":"Runic Pyramid"}],"items_purged_floors":[11],"is_endless":false,"potions_floor_spawned":[1,3,22,24,29,30],"killed_by":"3 Cultists","ascension_level":0}