{"gold_per_floor":[211,229,229,239,254,254,39,65,65,79,107,107,132,32,32,136,136,151,165,264,281,281,307,307,332,384,410,410,435,453,52,52,150,150,168,268,279,279,279,309,319,319,391,420,420,420,437,448,448,448,448,448,110,145,145],"floor_reached":56,"playtime":5059,"items_purged":["Strike_G","Strike_G","Strike_G","Strike_G"],"score":1780,"play_id":"ee09b140-99eb-4e4c-84b0-422b829b0340","local_time":"20190204195420","is_ascension_mode":true,"campfire_choices":[{"data":"All Out Attack","floor":6.0,"key":"SMITH"},{"data":"After Image","floor":15.0,"key":"SMITH"},{"data":"Well Laid Plans","floor":24.0,"key":"SMITH"},{"floor":28.0,"key":"REST"},{"floor":32.0,"key":"REST"},{"data":"Madness","floor":42,"key":"SMITH"},{"floor":45,"key":"RECALL"},{"data":"Noxious Fumes","floor":49,"key":"SMITH"},{"data":"Adrenaline","floor":52,"key":"SMITH"}],"neow_cost":"NONE","seed_source_timestamp":0,"circlet_count":0,"master_deck":["AscendersBane","Defend_G","Defend_G","Defend_G","Survivor","Neutralize+1","Leg Sweep","Noxious Fumes+1","Blade Dance+1","Infinite Blades","All Out Attack+1","After Image+1","Dagger Throw+1","Well Laid Plans+1","Poisoned Stab","Deadly Poison","Madness+1","Cloak And Dagger","Corpse Explosion","Heel Hook","Acrobatics+1","Backflip+1","Blade Dance+1","Catalyst+1","Footwork","Footwork","Adrenaline+1","PiercingWail+1","Footwork","Expertise+1","Terror+1","Noxious Fumes+1","Infinite Blades+1"],"special_seed":0,"relics":["Ring of the Serpent","Ancient Tea Set","PreservedInsect","Bottled Tornado","Whetstone","Philosopher\u0027s Stone","Art of War","Singing Bowl","FossilizedHelix","Bag of Marbles","Oddly Smooth Stone","Shovel","Strawberry","Ornamental Fan","Frozen Egg 2","War Paint","Boot"],"potions_floor_usage":[55,55,55],"damage_taken":[{"damage":0.0,"enemies":"Jaw Worm","floor":1.0,"turns":5.0},{"damage":0.0,"enemies":"Cultist","floor":2.0,"turns":5.0},{"damage":4.0,"enemies":"Small Slimes","floor":4.0,"turns":4.0},{"damage":4.0,"enemies":"2 Fungi Beasts","floor":5.0,"turns":4.0},{"damage":7.0,"enemies":"3 Sentries","floor":8.0,"turns":5.0},{"damage":6.0,"enemies":"Blue Slaver","floor":10.0,"turns":4.0},{"damage":12.0,"enemies":"Gremlin Nob","floor":11.0,"turns":4.0},{"damage":4.0,"enemies":"3 Sentries","floor":13.0,"turns":4.0},{"damage":13.0,"enemies":"Hexaghost","floor":16.0,"turns":10.0},{"damage":11.0,"enemies":"2 Thieves","floor":18.0,"turns":3.0},{"damage":20.0,"enemies":"3 Byrds","floor":19.0,"turns":3.0},{"damage":19.0,"enemies":"Centurion and Healer","floor":21.0,"turns":6.0},{"damage":11.0,"enemies":"Gremlin Leader","floor":23.0,"turns":6.0},{"damage":22.0,"enemies":"Slavers","floor":25.0,"turns":3.0},{"damage":7.0,"enemies":"Book of Stabbing","floor":27.0,"turns":5.0},{"damage":18.0,"enemies":"Slavers","floor":29.0,"turns":2.0},{"damage":0.0,"enemies":"Sentry and Sphere","floor":30.0,"turns":4.0},{"damage":37.0,"enemies":"Collector","floor":33.0,"turns":8.0},{"damage":27.0,"enemies":"3 Darklings","floor":35.0,"turns":2.0},{"damage":0.0,"enemies":"Mind Bloom Boss Battle","floor":36.0,"turns":4.0},{"damage":19.0,"enemies":"3 Shapes","floor":37.0,"turns":3.0},{"damage":4.0,"enemies":"Nemesis","floor":40.0,"turns":7.0},{"damage":0.0,"enemies":"Spire Growth","floor":41.0,"turns":9.0},{"damage":20,"enemies":"Reptomancer","floor":44,"turns":9},{"damage":0,"enemies":"Maw","floor":47,"turns":8},{"damage":0,"enemies":"3 Darklings","floor":48,"turns":4},{"damage":42,"enemies":"Donu and Deca","floor":50,"turns":7},{"damage":16,"enemies":"Shield and Spear","floor":54,"turns":5},{"damage":45,"enemies":"The Heart","floor":55,"turns":10}],"seed_played":"835152454708529121","potions_obtained":[{"floor":2.0,"key":"Explosive Potion"},{"floor":4.0,"key":"SteroidPotion"},{"floor":10.0,"key":"GamblersBrew"},{"floor":11.0,"key":"SpeedPotion"},{"floor":16.0,"key":"EntropicBrew"},{"floor":21.0,"key":"Weak Potion"},{"floor":25.0,"key":"SpeedPotion"},{"floor":29.0,"key":"Swift Potion"},{"floor":33.0,"key":"LiquidBronze"},{"floor":40.0,"key":"Ancient Potion"},{"floor":41.0,"key":"GhostInAJar"}],"is_trial":false,"path_per_floor":["M","M","?","M","M","R","$","E","T","M","E","?","E","$","R","B",null,"M","M","?","M","?","E","R","E","T","E","R","E","M","$","R","B",null,"M","?","M","?","?","E","M","R","T","E","R","?","M","M","R","B",null,"R","$","E","B",null],"character_chosen":"THE_SILENT","items_purchased":["After Image","Oddly Smooth Stone","Footwork","Dexterity Potion","Noxious Fumes+1","War Paint"],"campfire_rested":2,"item_purchase_floors":[7,31,31,31,53,53],"current_hp_per_floor":[63,63,63,59,55,55,55,48,48,42,30,30,26,26,26,13,56,45,25,25,51,51,40,40,18,18,13,34,16,18,18,40,3,56,31,33,14,14,68,71,73,73,73,55,55,55,55,55,55,13,63,63,63,47,2],"gold":145,"neow_bonus":"HUNDRED_GOLD","is_prod":false,"is_daily":false,"chose_seed":false,"campfire_upgraded":6,"win_rate":0,"timestamp":1549328060,"path_taken":["M","M","?","?","M","R","$","E","T","M","E","?","E","?","R","BOSS","M","M","?","M","?","E","R","E","T","E","R","E","M","$","R","BOSS","M","?","M","?","?","E","M","R","T","E","R","?","M","?","R","BOSS","R","$","E","BOSS"],"build_version":"2019-01-23","purchased_purges":4,"victory":true,"max_hp_per_floor":[70,70,70,70,70,70,70,70,70,70,70,70,70,70,70,70,70,70,70,70,70,70,70,70,70,70,72,72,72,74,74,74,74,74,76,78,78,78,68,75,77,77,77,79,79,79,79,79,79,79,79,79,79,79,79],"card_choices":[{"not_picked":["Dagger Spray","Dodge and Roll"],"picked":"Leg Sweep","floor":1.0},{"not_picked":["Backflip","Dodge and Roll"],"picked":"Noxious Fumes","floor":2.0},{"not_picked":["Crippling Poison","Masterful Stab"],"picked":"Infinite Blades","floor":4.0},{"not_picked":["PiercingWail","Dagger Spray"],"picked":"All Out Attack","floor":5.0},{"not_picked":["Backflip","Blade Dance"],"picked":"Dagger Throw","floor":8.0},{"not_picked":["Sucker Punch","Endless Agony"],"picked":"Well Laid Plans","floor":10.0},{"not_picked":["Outmaneuver","Well Laid Plans"],"picked":"Poisoned Stab","floor":11.0},{"not_picked":["Quick Slash","Tools of the Trade"],"picked":"Cloak And Dagger","floor":13.0},{"not_picked":["Tools of the Trade","Storm of Steel"],"picked":"Corpse Explosion","floor":16.0},{"not_picked":["Masterful Stab","Dash"],"picked":"Heel Hook","floor":18.0},{"not_picked":["Underhanded Strike","Deadly Poison","Deflect"],"picked":"SKIP","floor":19.0},{"not_picked":["Blur","Quick Slash"],"picked":"Acrobatics+1","floor":21.0},{"not_picked":["A Thousand Cuts","Deadly Poison"],"picked":"Blade Dance+1","floor":23.0},{"not_picked":["Dodge and Roll+1","Noxious Fumes+1"],"picked":"Catalyst+1","floor":25.0},{"not_picked":["Outmaneuver","Dodge and Roll","Deflect"],"picked":"Singing Bowl","floor":27.0},{"not_picked":["Bouncing Flask","Well Laid Plans+1"],"picked":"Footwork","floor":29.0},{"not_picked":["Skewer","Blade Dance","Heel Hook"],"picked":"Singing Bowl","floor":30.0},{"not_picked":["Envenom","Wraith Form v2"],"picked":"Adrenaline","floor":33.0},{"not_picked":["Bane+1","Poisoned Stab","Slice+1"],"picked":"Singing Bowl","floor":35.0},{"not_picked":["Prepared","Slice+1","Infinite Blades+1"],"picked":"Singing Bowl","floor":36.0},{"not_picked":["Endless Agony","Masterful Stab"],"picked":"PiercingWail+1","floor":37.0},{"not_picked":["Glass Knife","Outmaneuver"],"picked":"Footwork","floor":40.0},{"not_picked":["Bane+1","Backflip","Dagger Spray"],"picked":"Singing Bowl","floor":41.0},{"not_picked":["Riddle With Holes","Prepared+1","Slice+1"],"picked":"Singing Bowl","floor":44},{"not_picked":["Poisoned Stab","Skewer"],"picked":"Expertise+1","floor":47},{"not_picked":["Masterful Stab","Slice+1"],"picked":"Terror+1","floor":48},{"not_picked":["Skewer+1","Dagger Throw+1"],"picked":"Infinite Blades+1","floor":54}],"player_experience":335714,"relics_obtained":[{"floor":8.0,"key":"Ancient Tea Set"},{"floor":9.0,"key":"PreservedInsect"},{"floor":11.0,"key":"Bottled Tornado"},{"floor":13.0,"key":"Whetstone"},{"floor":23.0,"key":"Art of War"},{"floor":25.0,"key":"Singing Bowl"},{"floor":27.0,"key":"FossilizedHelix"},{"floor":29.0,"key":"Bag of Marbles"},{"floor":36.0,"key":"Shovel"},{"floor":40.0,"key":"Strawberry"},{"floor":43,"key":"Ornamental Fan"},{"floor":44,"key":"Frozen Egg 2"},{"floor":54,"key":"Boot"}],"event_choices":[{"damage_healed":0.0,"max_hp_gain":0.0,"max_hp_loss":0.0,"gold_gain":0.0,"cards_transformed":["Defend_G"],"event_name":"Transmorgrifier","player_choice":"Transformed","floor":3.0,"gold_loss":0.0,"damage_taken":0.0,"cards_obtained":["Blade Dance"]},{"damage_healed":0.0,"max_hp_gain":0.0,"max_hp_loss":0.0,"gold_gain":0.0,"event_name":"Match and Keep!","player_choice":"2 cards matched","floor":12.0,"gold_loss":0.0,"damage_taken":0.0,"cards_obtained":["Deadly Poison","Madness"]},{"damage_healed":0.0,"max_hp_gain":0.0,"max_hp_loss":0.0,"gold_gain":99.0,"event_name":"Nest","player_choice":"Stole From Cult","floor":20.0,"gold_loss":0.0,"damage_taken":0.0},{"damage_healed":0.0,"max_hp_gain":0.0,"max_hp_loss":0.0,"gold_gain":0.0,"cards_transformed":["Strike_G","Defend_G"],"event_name":"Drug Dealer","player_choice":"Became Test Subject","floor":22.0,"gold_loss":0.0,"damage_taken":0.0,"cards_obtained":["Backflip","Tools of the Trade"]},{"damage_healed":0.0,"max_hp_gain":0.0,"max_hp_loss":0.0,"gold_gain":0.0,"event_name":"MindBloom","player_choice":"Fight","floor":36.0,"gold_loss":0.0,"damage_taken":0.0},{"cards_removed":["Tools of the Trade"],"damage_healed":0.0,"max_hp_gain":0.0,"max_hp_loss":0.0,"gold_gain":0.0,"event_name":"Falling","player_choice":"Removed Power","floor":38.0,"gold_loss":0.0,"damage_taken":0.0},{"damage_healed":68.0,"max_hp_gain":0.0,"max_hp_loss":10.0,"gold_gain":0.0,"event_name":"The Moai Head","player_choice":"Heal","floor":39.0,"gold_loss":0.0,"damage_taken":0.0},{"damage_healed":0,"gold_gain":0,"player_choice":"Bought 0 Potions","damage_taken":0,"max_hp_gain":0,"max_hp_loss":0,"event_name":"The Woman in Blue","floor":46,"gold_loss":0}],"is_beta":false,"boss_relics":[{"not_picked":["WristBlade","Black Star"],"picked":"Philosopher\u0027s Stone"},{"not_picked":["Pandora\u0027s Box","White Beast Statue"],"picked":"Ring of the Serpent"}],"items_purged_floors":[7,14,31,53],"is_endless":false,"potions_floor_spawned":[2,4,10,11,16,21,25,29,33,40,41,44,48,54],"ascension_level":10}