{"gold_per_floor":[119,130,205,220,145,145,170,170,223,236,250,250,264,298,298,371,371,388,400,410,421,10,43,73,116,154,193,205,244,154,79,79,154,154,169,180,230,247,267,267,301,301,373,401,413,443,455,455,455,455,455,455,10,38,38],"floor_reached":55,"playtime":4191,"items_purged":["Coolheaded"],"score":2163,"play_id":"47c58482-a8d6-4e6c-b78d-d8df56e63b1f","local_time":"20190226211908","is_ascension_mode":true,"campfire_choices":[{"data":"Zap","floor":6.0,"key":"SMITH"},{"data":"Dualcast","floor":8.0,"key":"SMITH"},{"data":"Streamline","floor":15.0,"key":"SMITH"},{"floor":32.0,"key":"RECALL"},{"floor":40.0,"key":"REST"},{"floor":42.0,"key":"REST"},{"floor":49.0,"key":"REST"},{"floor":52.0,"key":"REST"}],"neow_cost":"NONE","seed_source_timestamp":249624294004461,"circlet_count":0,"master_deck":["AscendersBane","Zap+1","Dualcast+1","Turbo","Glacier","Turbo","Hologram","Genetic Algorithm+1","Rebound+1","Ball Lightning+1","Skim","Genetic Algorithm","Streamline+1","Turbo","Skim","Turbo","All For One","Compile Driver","Steam Power","Finesse+1","Chill","White Noise+1","Hologram","Double Energy","Steam Power+1","Impatience","Electrodynamics","White Noise+1","Core Surge","Compile Driver+1","Seek","Chill","Defragment+1","Core Surge","Fission"],"special_seed":0,"relics":["Pandora\u0027s Box","Orichalcum","Whetstone","Letter Opener","Fusion Hammer","Prayer Wheel","MawBank","Bronze Scales","Omamori","Turnip","Juzu Bracelet","Cursed Key","Calipers","Strawberry","Pear","Gremlin Horn","Runic Capacitor","War Paint"],"potions_floor_usage":[55,55],"damage_taken":[{"damage":1.0,"enemies":"Jaw Worm","floor":1.0,"turns":8.0},{"damage":10.0,"enemies":"2 Louse","floor":2.0,"turns":3.0},{"damage":0.0,"enemies":"Small Slimes","floor":4.0,"turns":3.0},{"damage":10.0,"enemies":"Lagavulin","floor":7.0,"turns":6.0},{"damage":4.0,"enemies":"Gremlin Gang","floor":10.0,"turns":5.0},{"damage":0.0,"enemies":"Exordium Wildlife","floor":11.0,"turns":3.0},{"damage":5.0,"enemies":"Exordium Thugs","floor":13.0,"turns":3.0},{"damage":0.0,"enemies":"Gremlin Nob","floor":14.0,"turns":3.0},{"damage":0.0,"enemies":"Slime Boss","floor":16.0,"turns":4.0},{"damage":0.0,"enemies":"3 Byrds","floor":18.0,"turns":1.0},{"damage":0.0,"enemies":"2 Thieves","floor":19.0,"turns":2.0},{"damage":0.0,"enemies":"Centurion and Healer","floor":20.0,"turns":4.0},{"damage":1.0,"enemies":"Chosen and Byrds","floor":21.0,"turns":5.0},{"damage":0.0,"enemies":"Slavers","floor":23.0,"turns":3.0},{"damage":0.0,"enemies":"Snake Plant","floor":24.0,"turns":2.0},{"damage":0.0,"enemies":"Book of Stabbing","floor":25.0,"turns":1.0},{"damage":0.0,"enemies":"Gremlin Leader","floor":27.0,"turns":2.0},{"damage":0.0,"enemies":"Book of Stabbing","floor":29.0,"turns":4.0},{"damage":50.0,"enemies":"Collector","floor":33.0,"turns":5.0},{"damage":3.0,"enemies":"Orb Walker","floor":35.0,"turns":2.0},{"damage":0.0,"enemies":"3 Shapes","floor":36.0,"turns":1.0},{"damage":16.0,"enemies":"2 Orb Walkers","floor":37.0,"turns":2.0},{"damage":0.0,"enemies":"Maw","floor":38.0,"turns":4.0},{"damage":0.0,"enemies":"4 Shapes","floor":39.0,"turns":2.0},{"damage":0.0,"enemies":"Nemesis","floor":41.0,"turns":3.0},{"damage":0.0,"enemies":"Giant Head","floor":44.0,"turns":4.0},{"damage":0.0,"enemies":"Spire Growth","floor":45.0,"turns":3.0},{"damage":0.0,"enemies":"Reptomancer","floor":46.0,"turns":3.0},{"damage":0.0,"enemies":"Maw","floor":47.0,"turns":5.0},{"damage":76.0,"enemies":"Time Eater","floor":50.0,"turns":10.0},{"damage":0.0,"enemies":"Shield and Spear","floor":54.0,"turns":4.0},{"damage":104,"enemies":"The Heart","floor":55,"turns":9}],"seed_played":"-8600548163328534062","potions_obtained":[{"floor":10.0,"key":"Swift Potion"},{"floor":11.0,"key":"Swift Potion"},{"floor":13.0,"key":"Fire Potion"},{"floor":14.0,"key":"PowerPotion"},{"floor":16.0,"key":"AttackPotion"},{"floor":18.0,"key":"Fire Potion"},{"floor":23.0,"key":"EssenceOfSteel"},{"floor":33.0,"key":"SkillPotion"},{"floor":35.0,"key":"FocusPotion"},{"floor":37.0,"key":"Swift Potion"},{"floor":41.0,"key":"SkillPotion"},{"floor":46.0,"key":"LiquidBronze"}],"is_trial":false,"path_per_floor":["M","M","?","M","?","R","E","R","T","M","M","?","M","E","R","B",null,"M","M","M","M","$","E","M","E","T","E","?","E","$","$","R","B",null,"M","M","?","M","M","R","E","R","T","E","M","E","M","?","R","B",null,"R","$","E","B"],"character_chosen":"DEFECT","items_purchased":["Finesse","Prayer Wheel","Impatience","Runic Capacitor","Core Surge","Regen Potion"],"campfire_rested":4,"item_purchase_floors":[22,22,30,53,53,53],"current_hp_per_floor":[63,53,42,42,42,42,32,32,32,28,28,28,23,23,23,23,59,59,59,59,58,58,58,58,58,58,58,58,58,58,58,58,8,55,52,52,36,36,36,57,64,78,78,88,88,88,88,88,88,12,69,88,88,88,0],"gold":38,"neow_bonus":"BOSS_RELIC","is_prod":false,"is_daily":false,"chose_seed":false,"campfire_upgraded":3,"win_rate":0,"timestamp":1551233948,"path_taken":["M","M","?","M","?","R","E","R","T","M","M","?","M","E","R","BOSS","M","M","M","M","$","E","?","E","T","E","?","E","?","$","R","BOSS","M","M","?","M","M","R","E","R","T","E","M","E","M","?","R","BOSS","R","$","E","BOSS"],"build_version":"2019-01-23","purchased_purges":1,"victory":false,"max_hp_per_floor":[71,71,71,71,71,71,71,71,71,71,71,71,71,71,71,71,71,71,71,71,71,71,71,71,71,71,71,71,71,71,71,71,71,71,71,71,71,71,71,71,78,78,78,88,88,88,88,88,88,88,88,88,88,88,88],"card_choices":[{"not_picked":["Coolheaded","Steam"],"picked":"Rebound","floor":1.0},{"not_picked":["FTL","Leap"],"picked":"Ball Lightning","floor":2.0},{"not_picked":["BootSequence","Stack"],"picked":"Skim","floor":4.0},{"not_picked":["Creative AI","Leap"],"picked":"Genetic Algorithm","floor":7.0},{"not_picked":["Rebound","Redo"],"picked":"Streamline","floor":10.0},{"not_picked":["Reprogram","Rebound"],"picked":"Turbo","floor":11.0},{"not_picked":["Doom and Gloom","Genetic Algorithm"],"picked":"Skim","floor":13.0},{"not_picked":["Fusion","Gash"],"picked":"Turbo","floor":14.0},{"not_picked":["Creative AI","Seek"],"picked":"All For One","floor":16.0},{"not_picked":["Chaos","Barrage"],"picked":"Compile Driver","floor":18.0},{"not_picked":["Static Discharge","Beam Cell","Sweeping Beam"],"picked":"SKIP","floor":19.0},{"not_picked":["Rebound","Fusion","Stack"],"picked":"SKIP","floor":20.0},{"not_picked":["Leap","Auto Shields"],"picked":"Steam Power","floor":21.0},{"not_picked":["Undo+1","Steam"],"picked":"Chill","floor":23.0},{"not_picked":["Multi-Cast","Chill+1"],"picked":"White Noise+1","floor":24.0},{"not_picked":["Stack+1","Hologram","Undo"],"picked":"SKIP","floor":24.0},{"not_picked":["Coolheaded","Stack+1"],"picked":"Hologram","floor":25.0},{"not_picked":["Barrage","Steam"],"picked":"Double Energy","floor":27.0},{"not_picked":["White Noise","Sweeping Beam"],"picked":"Steam Power+1","floor":29.0},{"not_picked":["Machine Learning","Buffer"],"picked":"Electrodynamics","floor":33.0},{"not_picked":["Lockon+1","Hologram","Leap"],"picked":"SKIP","floor":35.0},{"not_picked":["Chaos","Barrage","Go for the Eyes"],"picked":"SKIP","floor":35.0},{"not_picked":["Gash","Doom and Gloom"],"picked":"White Noise+1","floor":36.0},{"not_picked":["FTL","Coolheaded","Cold Snap"],"picked":"SKIP","floor":36.0},{"not_picked":["Sweeping Beam","Lockon"],"picked":"Core Surge","floor":38.0},{"not_picked":["Aggregate","Fusion","Leap"],"picked":"SKIP","floor":38.0},{"not_picked":["Leap","Blizzard+1","Rebound"],"picked":"SKIP","floor":39.0},{"not_picked":["Ball Lightning","Compile Driver","Stack"],"picked":"SKIP","floor":39.0},{"not_picked":["Steam+1","Redo"],"picked":"Compile Driver+1","floor":41.0},{"not_picked":["Sweeping Beam","Conserve Battery+1","Auto Shields+1"],"picked":"SKIP","floor":44.0},{"not_picked":["Glacier+1","Leap"],"picked":"Seek","floor":45.0},{"not_picked":["FTL","Cold Snap"],"picked":"Chill","floor":45.0},{"not_picked":["Defragment","Redo","FTL"],"picked":"SKIP","floor":46.0},{"not_picked":["Compile Driver","Leap"],"picked":"Defragment+1","floor":47.0},{"not_picked":["Sweeping Beam","Compile Driver+1","Gash+1"],"picked":"SKIP","floor":47.0},{"not_picked":["Compile Driver","Fission","Leap"],"picked":"SKIP","floor":54.0},{"not_picked":["Compile Driver","Leap"],"picked":"Fission","floor":54.0}],"player_experience":584993,"relics_obtained":[{"floor":7.0,"key":"Orichalcum"},{"floor":9.0,"key":"Whetstone"},{"floor":14.0,"key":"Letter Opener"},{"floor":23.0,"key":"MawBank"},{"floor":25.0,"key":"Bronze Scales"},{"floor":26.0,"key":"Omamori"},{"floor":27.0,"key":"Turnip"},{"floor":29.0,"key":"Juzu Bracelet"},{"floor":37.0,"key":"Calipers"},{"floor":41.0,"key":"Strawberry"},{"floor":44.0,"key":"Pear"},{"floor":46.0,"key":"Gremlin Horn"},{"floor":54.0,"key":"War Paint"}],"event_choices":[{"damage_healed":0.0,"max_hp_gain":0.0,"max_hp_loss":0.0,"gold_gain":75.0,"event_name":"World of Goop","player_choice":"Gather Gold","floor":3.0,"gold_loss":0.0,"damage_taken":11.0},{"cards_removed":["Storm"],"damage_healed":0.0,"max_hp_gain":0.0,"max_hp_loss":0.0,"gold_gain":0.0,"event_name":"The Cleric","player_choice":"Card Removal","floor":5.0,"gold_loss":75.0,"damage_taken":0.0},{"cards_removed":["Force Field"],"damage_healed":0.0,"max_hp_gain":0.0,"max_hp_loss":0.0,"gold_gain":0.0,"event_name":"Purifier","player_choice":"Purged","floor":12.0,"gold_loss":0.0,"damage_taken":0.0},{"damage_healed":0.0,"max_hp_gain":0.0,"max_hp_loss":0.0,"gold_gain":0.0,"event_name":"Ghosts","player_choice":"Ignored","floor":28.0,"gold_loss":0.0,"damage_taken":0.0},{"damage_healed":0.0,"max_hp_gain":0.0,"max_hp_loss":0.0,"gold_gain":0.0,"event_name":"Mysterious Sphere","player_choice":"Fight","floor":37.0,"gold_loss":0.0,"damage_taken":0.0},{"damage_healed":0.0,"max_hp_gain":0.0,"max_hp_loss":0.0,"gold_gain":0.0,"event_name":"Match and Keep!","player_choice":"0 cards matched","floor":48.0,"gold_loss":0.0,"damage_taken":0.0,"cards_obtained":[]}],"is_beta":false,"boss_relics":[{"not_picked":["Snecko Eye","White Beast Statue"],"picked":"Fusion Hammer"},{"not_picked":["Orrery","Tiny House"],"picked":"Cursed Key"}],"items_purged_floors":[31],"is_endless":false,"potions_floor_spawned":[10,11,13,14,16,18,23,29,33,35,37,41,46,54],"killed_by":"The Heart","ascension_level":18}