{"gold_per_floor":[109,121,52,52,29,55,67,67,67,85,117,129,129,143,143,246,246,259,259,259,270,43,43],"floor_reached":23,"playtime":1001,"items_purged":[],"score":211,"play_id":"11f7e640-c13d-4e44-9087-cef84063b599","local_time":"20190224105003","is_ascension_mode":true,"campfire_choices":[{"data":"Bouncing Flask","floor":8,"key":"SMITH"},{"data":"Venomology","floor":13,"key":"SMITH"},{"floor":15,"key":"REST"}],"neow_cost":"TEN_PERCENT_HP_LOSS","seed_source_timestamp":834224999294814,"circlet_count":0,"master_deck":["Defend_G","Defend_G+1","Defend_G","Defend_G+1","Defend_G","Strike_G","Strike_G","Strike_G","Strike_G","Strike_G","Survivor","Neutralize","Venomology+1","Bouncing Flask+1","Poisoned Stab","Footwork","Bane","Poisoned Stab","Footwork","Caltrops","Bullet Time","PiercingWail","Noxious Fumes"],"relics":["Ring of the Snake","The Specimen","Ninja Scroll","War Paint","Black Star","Vajra"],"potions_floor_usage":[6,6,10,11,12,16,18,18,21,21,23,23],"damage_taken":[{"damage":1,"enemies":"2 Louse","floor":1,"turns":3},{"damage":0,"enemies":"Jaw Worm","floor":2,"turns":4},{"damage":16,"enemies":"3 Sentries","floor":6,"turns":6},{"damage":1,"enemies":"Cultist","floor":7,"turns":3},{"damage":11,"enemies":"Exordium Thugs","floor":10,"turns":5},{"damage":16,"enemies":"Gremlin Nob","floor":11,"turns":3},{"damage":3,"enemies":"Exordium Wildlife","floor":12,"turns":2},{"damage":0,"enemies":"2 Fungi Beasts","floor":14,"turns":3},{"damage":7,"enemies":"Hexaghost","floor":16,"turns":8},{"damage":11,"enemies":"2 Thieves","floor":18,"turns":4},{"damage":4,"enemies":"Chosen","floor":21,"turns":5},{"damage":53,"enemies":"Slavers","floor":23,"turns":4}],"seed_played":"4565537573929678643","potions_obtained":[{"floor":1,"key":"Fire Potion"},{"floor":6,"key":"Swift Potion"},{"floor":12,"key":"Block Potion"},{"floor":18,"key":"Explosive Potion"}],"is_trial":false,"path_per_floor":["M","M","$","?","$","E","M","R","T","M","E","M","R","M","R","B",null,"M","?","?","M","$","E"],"character_chosen":"THE_SILENT","items_purchased":["Footwork","Bane","Vajra","Noxious Fumes"],"campfire_rested":1,"item_purchase_floors":[3,5,22,22],"current_hp_per_floor":[62,62,62,62,62,46,45,45,45,34,18,15,15,15,33,26,63,52,52,52,48,48,0],"gold":43,"neow_bonus":"THREE_RARE_CARDS","is_prod":false,"is_daily":false,"chose_seed":false,"campfire_upgraded":2,"win_rate":0,"timestamp":1551023403,"path_taken":["M","M","$","?","$","E","M","R","T","M","E","M","R","M","R","BOSS","M","?","?","M","$","E"],"build_version":"2019-01-23","purchased_purges":0,"victory":false,"max_hp_per_floor":[63,63,63,63,63,63,63,63,63,63,63,63,63,63,63,63,63,63,63,63,63,63,63],"card_choices":[{"not_picked":["Malaise","Unload"],"picked":"Venomology","floor":0},{"not_picked":["Deflect","Riddle With Holes"],"picked":"Bouncing Flask","floor":1},{"not_picked":["Concentrate","Riddle With Holes"],"picked":"Poisoned Stab","floor":2},{"not_picked":["Grand Finale","Outmaneuver"],"picked":"Poisoned Stab","floor":6},{"not_picked":["Slice","Expertise"],"picked":"Footwork","floor":7},{"not_picked":["Cloak And Dagger","A Thousand Cuts","Setup"],"picked":"SKIP","floor":10},{"not_picked":["Bane","Blade Dance"],"picked":"Caltrops","floor":11},{"not_picked":["Choke","Underhanded Strike","Flying Knee"],"picked":"SKIP","floor":12},{"not_picked":["Flechettes","Blade Dance","Riddle With Holes"],"picked":"SKIP","floor":14},{"not_picked":["Die Die Die","Storm of Steel"],"picked":"Bullet Time","floor":16},{"not_picked":["Slice","Dagger Throw"],"picked":"PiercingWail","floor":18},{"not_picked":["Cloak And Dagger","Sucker Punch","Slice+1"],"picked":"SKIP","floor":21}],"player_experience":234212,"relics_obtained":[{"floor":6,"key":"The Specimen"},{"floor":9,"key":"Ninja Scroll"},{"floor":11,"key":"War Paint"}],"event_choices":[{"damage_healed":0,"gold_gain":0,"player_choice":"Leave","damage_taken":0,"max_hp_gain":0,"max_hp_loss":0,"event_name":"The Cleric","floor":4,"gold_loss":0},{"damage_healed":0,"gold_gain":0,"player_choice":"Ignored","damage_taken":0,"max_hp_gain":0,"max_hp_loss":0,"event_name":"Ghosts","floor":19,"gold_loss":0},{"damage_healed":0,"gold_gain":0,"player_choice":"Ignored","damage_taken":0,"max_hp_gain":0,"max_hp_loss":0,"event_name":"Beggar","floor":20,"gold_loss":0}],"is_beta":false,"boss_relics":[{"not_picked":["HoveringKite","Ring of the Serpent"],"picked":"Black Star"}],"items_purged_floors":[],"is_endless":false,"potions_floor_spawned":[1,6,7,11,12,18],"killed_by":"Slavers","ascension_level":1}