{"gold_per_floor":[109,128,53,128,128,162,162,181,206,206,206,217,235,254,254,358,358,370,370,384,400,325,325,341,341,411,411,311,325,353,353,353,452,452,462,462,474,474,485,485,485,485,511,314,325,336,356,372,372,372,372,372,10,37,37],"floor_reached":56,"playtime":3717,"items_purged":["Defend_G","Strike_G","Writhe"],"score":1171,"play_id":"dce698a7-af5e-411c-b0e6-661c96824022","local_time":"20190110180234","is_ascension_mode":false,"campfire_choices":[{"data":"Noxious Fumes","floor":10,"key":"SMITH"},{"floor":15,"key":"REST"},{"floor":23,"key":"REST"},{"floor":25,"key":"REST"},{"floor":32,"key":"REST"},{"floor":40,"key":"RECALL"},{"data":"After Image","floor":42,"key":"SMITH"},{"data":"Well Laid Plans","floor":49,"key":"SMITH"},{"data":"Adrenaline","floor":52,"key":"SMITH"}],"neow_cost":"NONE","seed_source_timestamp":2173245578259173,"circlet_count":0,"master_deck":["Defend_G","Defend_G","Defend_G","Strike_G+1","Neutralize","Blur","Noxious Fumes+1","Cloak And Dagger","Footwork","Poisoned Stab+1","Adrenaline+1","Catalyst+1","Infinite Blades+1","Sucker Punch+1","Quick Slash+1","Backflip","Deadly Poison","Noxious Fumes","Footwork","After Image+1","Backflip+1","Blur+1","Catalyst+1","Footwork","Well Laid Plans+1"],"relics":["Ring of the Snake","NeowsBlessing","Bronze Scales","GremlinMask","Astrolabe","Enchiridion","Darkstone Periapt","Nunchaku","Mummified Hand","WristBlade","Whetstone","Dodecahedron","Ornamental Fan"],"potions_floor_usage":[33,33,54,54,55],"damage_taken":[{"damage":0,"enemies":"Jaw Worm","floor":1,"turns":1},{"damage":0,"enemies":"2 Louse","floor":2,"turns":1},{"damage":0,"enemies":"Gremlin Nob","floor":6,"turns":1},{"damage":0,"enemies":"Small Slimes","floor":8,"turns":3},{"damage":14,"enemies":"Exordium Thugs","floor":12,"turns":5},{"damage":2,"enemies":"Exordium Wildlife","floor":13,"turns":4},{"damage":1,"enemies":"Blue Slaver","floor":14,"turns":4},{"damage":39,"enemies":"Slime Boss","floor":16,"turns":12},{"damage":0,"enemies":"Chosen","floor":18,"turns":6},{"damage":18,"enemies":"2 Thieves","floor":20,"turns":4},{"damage":1,"enemies":"Snecko","floor":21,"turns":5},{"damage":0,"enemies":"Chosen and Byrds","floor":24,"turns":5},{"damage":1,"enemies":"Centurion and Healer","floor":29,"turns":6},{"damage":40,"enemies":"Slavers","floor":30,"turns":5},{"damage":1,"enemies":"Champ","floor":33,"turns":8},{"damage":19,"enemies":"3 Darklings","floor":35,"turns":5},{"damage":0,"enemies":"Orb Walker","floor":37,"turns":3},{"damage":0,"enemies":"Transient","floor":39,"turns":5},{"damage":0,"enemies":"Maw","floor":45,"turns":6},{"damage":0,"enemies":"Writhing Mass","floor":46,"turns":5},{"damage":1,"enemies":"Sphere and 2 Shapes","floor":47,"turns":5},{"damage":0,"enemies":"Maw","floor":48,"turns":6},{"damage":11,"enemies":"Donu and Deca","floor":50,"turns":9},{"damage":0,"enemies":"Shield and Spear","floor":54,"turns":8},{"damage":71,"enemies":"The Heart","floor":55,"turns":9}],"seed_played":"-8274052884038362092","potions_obtained":[{"floor":1,"key":"Ancient Potion"},{"floor":2,"key":"Strength Potion"},{"floor":6,"key":"Ancient Potion"},{"floor":18,"key":"Fire Potion"},{"floor":21,"key":"EssenceOfSteel"},{"floor":33,"key":"Poison Potion"},{"floor":35,"key":"Fire Potion"}],"is_trial":false,"path_per_floor":["M","M","$","?","?","E","$","M","T","R","?","M","M","M","R","B",null,"M","?","M","M","?","R","M","R","T","?","$","M","E","T","R","B",null,"M","?","M","?","M","R","?","R","T","$","M","M","M","M","R","B",null,"R","$","E","B",null],"character_chosen":"THE_SILENT","items_purchased":["Footwork","Dexterity Potion","Dexterity Potion","Dodecahedron"],"campfire_rested":4,"item_purchase_floors":[44,53,53,53],"current_hp_per_floor":[70,70,70,59,59,59,59,59,59,59,59,45,43,42,63,24,70,70,54,36,35,35,56,56,70,70,70,70,69,29,29,50,49,70,51,51,51,51,51,51,75,75,75,75,75,75,74,74,74,63,76,76,76,76,5],"gold":37,"neow_bonus":"THREE_ENEMY_KILL","is_prod":false,"is_daily":false,"chose_seed":false,"campfire_upgraded":4,"win_rate":0,"timestamp":1547161354,"path_taken":["M","M","$","?","?","E","$","M","T","R","?","M","M","?","R","BOSS","M","?","M","M","?","R","M","R","T","?","$","M","E","?","R","BOSS","M","?","M","?","M","R","?","R","T","?","M","?","M","M","R","BOSS","R","$","E","BOSS"],"build_version":"2019-01-03v4","purchased_purges":3,"victory":true,"max_hp_per_floor":[70,70,70,70,70,70,70,70,70,70,70,70,70,70,70,70,70,70,70,70,70,70,70,70,70,70,70,70,70,70,70,70,70,70,70,70,70,70,70,70,76,76,76,76,76,76,76,76,76,76,76,76,76,76,76],"card_choices":[{"not_picked":["Sucker Punch","Calculated Gamble"],"picked":"Blur","floor":1},{"not_picked":["PiercingWail","Riddle With Holes"],"picked":"Noxious Fumes","floor":2},{"not_picked":["Finisher","Terror","Reflex"],"picked":"SKIP","floor":6},{"not_picked":["Leg Sweep","Finisher"],"picked":"Cloak And Dagger","floor":8},{"not_picked":["Flying Knee","Prepared"],"picked":"Footwork","floor":12},{"not_picked":["Outmaneuver","Underhanded Strike"],"picked":"Poisoned Stab","floor":13},{"not_picked":["Sucker Punch","Dagger Throw","Night Terror"],"picked":"SKIP","floor":14},{"not_picked":["Bullet Time","Die Die Die"],"picked":"Adrenaline","floor":16},{"not_picked":["Predator","Masterful Stab"],"picked":"Quick Slash+1","floor":18},{"not_picked":["Finisher+1","Poisoned Stab","Flying Knee"],"picked":"SKIP","floor":20},{"not_picked":["Accuracy","Blade Dance"],"picked":"Backflip","floor":21},{"not_picked":["Backflip","Poisoned Stab"],"picked":"Deadly Poison","floor":24},{"not_picked":["Dagger Spray+1","Quick Slash+1","Acrobatics"],"picked":"SKIP","floor":29},{"not_picked":["Bouncing Flask","Wraith Form v2"],"picked":"Footwork","floor":30},{"not_picked":["Bullet Time","Unload"],"picked":"After Image","floor":33},{"not_picked":["Deflect","Flying Knee"],"picked":"Backflip+1","floor":35},{"not_picked":["Calculated Gamble+1","Masterful Stab"],"picked":"Blur+1","floor":37},{"not_picked":["Choke+1","Predator+1"],"picked":"Catalyst+1","floor":39},{"not_picked":["Flying Knee","Distraction","Underhanded Strike"],"picked":"SKIP","floor":45},{"not_picked":["Deadly Poison+1","All Out Attack+1"],"picked":"Well Laid Plans","floor":46},{"not_picked":["Choke+1","Prepared+1","Crippling Poison"],"picked":"SKIP","floor":47},{"not_picked":["Poisoned Stab+1","Outmaneuver","Prepared"],"picked":"SKIP","floor":48},{"not_picked":["Dash+1","Prepared","Burst"],"picked":"SKIP","floor":54}],"player_experience":36808,"relics_obtained":[{"floor":6,"key":"Bronze Scales"},{"floor":19,"key":"Enchiridion"},{"floor":26,"key":"Darkstone Periapt"},{"floor":30,"key":"Nunchaku"},{"floor":31,"key":"Mummified Hand"},{"floor":43,"key":"Whetstone"},{"floor":54,"key":"Ornamental Fan"}],"event_choices":[{"damage_healed":0,"gold_gain":75,"player_choice":"Gather Gold","damage_taken":11,"max_hp_gain":0,"max_hp_loss":0,"event_name":"World of Goop","floor":4,"gold_loss":0},{"damage_healed":0,"gold_gain":0,"player_choice":"Ignored","damage_taken":0,"max_hp_gain":0,"max_hp_loss":0,"event_name":"Liars Game","floor":5,"gold_loss":0},{"damage_healed":0,"gold_gain":0,"player_choice":"Trade","damage_taken":0,"relics_obtained":["GremlinMask"],"max_hp_gain":0,"max_hp_loss":0,"event_name":"FaceTrader","floor":11,"gold_loss":0},{"damage_healed":0,"gold_gain":0,"player_choice":"Obtained Book","damage_taken":16,"max_hp_gain":0,"max_hp_loss":0,"event_name":"Cursed Tome","floor":19,"gold_loss":0},{"cards_removed":["Defend_G"],"damage_healed":0,"gold_gain":0,"player_choice":"Gave Gold","damage_taken":0,"max_hp_gain":0,"max_hp_loss":0,"event_name":"Beggar","floor":22,"gold_loss":75},{"damage_healed":0,"gold_gain":0,"player_choice":"Read","damage_taken":0,"max_hp_gain":0,"max_hp_loss":0,"event_name":"The Library","floor":27,"gold_loss":0,"cards_obtained":["Noxious Fumes"]},{"damage_healed":0,"gold_gain":0,"player_choice":"Ignored","damage_taken":0,"max_hp_gain":0,"max_hp_loss":0,"event_name":"Tomb of Lord Red Mask","floor":36,"gold_loss":0},{"cards_removed":["Survivor"],"damage_healed":0,"gold_gain":0,"player_choice":"Removed Skill","damage_taken":0,"max_hp_gain":0,"max_hp_loss":0,"event_name":"Falling","floor":38,"gold_loss":0},{"damage_healed":18,"gold_gain":0,"player_choice":"Writhe","damage_taken":0,"max_hp_gain":0,"max_hp_loss":0,"event_name":"Winding Halls","floor":41,"gold_loss":0,"cards_obtained":["Writhe"]}],"is_beta":false,"boss_relics":[{"not_picked":["Runic Dome","HoveringKite"],"picked":"Astrolabe"},{"not_picked":["Snecko Eye","White Beast Statue"],"picked":"WristBlade"}],"items_purged_floors":[3,28,44],"is_endless":false,"potions_floor_spawned":[1,2,6,13,18,21,24,33,35,39],"ascension_level":0}