{"gold_per_floor":[119,119,194,250,266,266,283,52,52,52,64,64,99,114,114,215,215,197,197,212,58,58,58,58,58,133,146,46,76,96,107,107,207,207,224,240,240,240,340,373,373,392,392,410,32,32,51,29,29,29,29,29,29,58,58],"floor_reached":56,"playtime":2460,"items_purged":["Strike_B","Strike_B","Strike_B"],"score":1296,"play_id":"12eaad3a-c99a-4026-859b-97c6c6a2f0c3","local_time":"20181102122607","is_ascension_mode":true,"campfire_choices":[{"data":"Zap","floor":6,"key":"SMITH"},{"data":"Defragment","floor":15,"key":"SMITH"},{"data":"Redo","floor":23,"key":"SMITH"},{"data":"Recycle","floor":25,"key":"SMITH"},{"floor":32,"key":"RECALL"},{"floor":41,"key":"REST"},{"data":"Coolheaded","floor":49,"key":"SMITH"},{"data":"Coolheaded","floor":52,"key":"SMITH"}],"neow_cost":"NONE","seed_source_timestamp":1992085824973343,"circlet_count":0,"master_deck":["Defend_B","Defend_B","Defend_B","Defend_B","Zap+1","Dualcast","Coolheaded+1","Conserve Battery","Darkness","Defragment+1","Redo+1","Multi-Cast","Rebound","Recycle+1","Capacitor+1","Auto Shields","Compile Driver","Storm+1","Electrodynamics","Stack+1","Madness","Madness","Compile Driver+1","Self Repair+1","Force Field+1","Coolheaded+1","Thunder Strike"],"relics":["Cracked Core","DataDisk","Tiny Chest","ClockworkSouvenir","Mummified Hand","StoneCalendar","Nuclear Battery","Enchiridion","Pear","Mercury Hourglass","Singing Bowl","Sozu","Ginger","Gambling Chip","Darkstone Periapt","Bottled Tornado","Dream Catcher"],"potions_floor_usage":[55,55],"damage_taken":[{"damage":0,"enemies":"Cultist","floor":1,"turns":4},{"damage":0,"enemies":"Small Slimes","floor":5,"turns":2},{"damage":1,"enemies":"Jaw Worm","floor":7,"turns":3},{"damage":0,"enemies":"Large Slime","floor":11,"turns":4},{"damage":12,"enemies":"3 Sentries","floor":13,"turns":10},{"damage":0,"enemies":"Looter","floor":14,"turns":3},{"damage":6,"enemies":"Slime Boss","floor":16,"turns":7},{"damage":12,"enemies":"2 Thieves","floor":18,"turns":4},{"damage":13,"enemies":"Shell Parasite","floor":20,"turns":4},{"damage":10,"enemies":"Cultist and Chosen","floor":27,"turns":3},{"damage":19,"enemies":"Book of Stabbing","floor":29,"turns":5},{"damage":0,"enemies":"Snecko","floor":30,"turns":2},{"damage":0,"enemies":"Snake Plant","floor":31,"turns":2},{"damage":55,"enemies":"Automaton","floor":33,"turns":7},{"damage":0,"enemies":"3 Darklings","floor":35,"turns":3},{"damage":11,"enemies":"3 Shapes","floor":36,"turns":3},{"damage":0,"enemies":"Mind Bloom Boss Battle","floor":39,"turns":6},{"damage":47,"enemies":"Giant Head","floor":40,"turns":8},{"damage":5,"enemies":"Jaw Worm Horde","floor":42,"turns":2},{"damage":0,"enemies":"Transient","floor":44,"turns":5},{"damage":0,"enemies":"Sphere and 2 Shapes","floor":47,"turns":3},{"damage":22,"enemies":"Donu and Deca","floor":50,"turns":4},{"damage":0,"enemies":"Shield and Spear","floor":54,"turns":2},{"damage":59,"enemies":"The Heart","floor":55,"turns":4}],"seed_played":"-1035277807587915229","potions_obtained":[{"floor":1,"key":"PowerPotion"},{"floor":11,"key":"Fire Potion"},{"floor":14,"key":"FairyPotion"},{"floor":33,"key":"FocusPotion"}],"is_trial":false,"path_per_floor":["M","?","?","T","M","R","M","$","T","?","M","T","E","M","R","B",null,"M","?","M","$","T","R","$","R","T","M","$","E","M","M","R","B",null,"M","M","?","?","?","E","R","M","T","M","$","?","M","$","R","B",null,"R","$","E","B",null],"character_chosen":"DEFECT","items_purchased":["Defragment","ClockworkSouvenir","Capacitor","Bottled Tornado","Coolheaded"],"campfire_rested":1,"item_purchase_floors":[8,8,21,45,48],"current_hp_per_floor":[75,72,61,61,61,61,60,60,60,65,65,65,53,53,53,47,80,68,52,39,39,49,49,49,49,49,39,39,20,20,22,22,9,92,94,83,83,71,71,26,54,49,49,59,59,59,71,71,71,59,98,98,98,98,49],"gold":58,"neow_bonus":"REMOVE_CARD","is_prod":false,"is_daily":false,"chose_seed":false,"campfire_upgraded":6,"win_rate":0,"timestamp":1541175967,"path_taken":["M","?","?","?","M","R","M","$","T","?","M","?","E","M","R","BOSS","M","?","M","$","?","R","$","R","T","?","$","E","M","M","R","BOSS","M","M","?","?","?","E","R","M","T","M","$","?","M","$","R","BOSS","R","$","E","BOSS"],"build_version":"2018-11-01v2","purchased_purges":3,"victory":true,"max_hp_per_floor":[75,75,75,75,75,75,75,75,75,80,80,80,80,80,80,80,80,80,80,80,80,90,90,90,90,90,90,90,90,90,92,92,92,92,94,94,94,94,94,96,96,96,96,96,96,96,98,98,98,98,98,98,98,98,98],"card_choices":[{"not_picked":["Ball Lightning","Sunder"],"picked":"Coolheaded","floor":1},{"not_picked":["Static Discharge","Genetic Algorithm"],"picked":"Conserve Battery","floor":5},{"not_picked":["Hologram","Barrage"],"picked":"Darkness","floor":7},{"not_picked":["Stack","Undo","Sweeping Beam"],"picked":"SKIP","floor":11},{"not_picked":["Hologram","Steam","Leap"],"picked":"SKIP","floor":13},{"not_picked":["Melter","Beam Cell"],"picked":"Redo","floor":14},{"not_picked":["Hyperbeam","Core Surge"],"picked":"Multi-Cast","floor":16},{"not_picked":["Gash","Go for the Eyes"],"picked":"Rebound","floor":18},{"not_picked":["Heatsinks","Fusion"],"picked":"Recycle","floor":20},{"not_picked":["Steam+1","Streamline"],"picked":"Auto Shields","floor":27},{"not_picked":["Sweeping Beam","Rainbow"],"picked":"Compile Driver","floor":29},{"not_picked":["Beam Cell","Coolheaded"],"picked":"Storm+1","floor":30},{"not_picked":["Sunder","Steam+1","Chill+1"],"picked":"Singing Bowl","floor":31},{"not_picked":["Machine Learning","Fission"],"picked":"Electrodynamics","floor":33},{"not_picked":["Conserve Battery","Rebound+1","Consume"],"picked":"Singing Bowl","floor":35},{"not_picked":["BootSequence+1","Darkness"],"picked":"Stack+1","floor":36},{"not_picked":["Rebound","Streamline+1"],"picked":"Compile Driver+1","floor":39},{"not_picked":["Heatsinks","Go for the Eyes+1","Beam Cell"],"picked":"Singing Bowl","floor":40},{"not_picked":["Rainbow","Gash+1"],"picked":"Self Repair+1","floor":42},{"not_picked":["Steam","Beam Cell+1"],"picked":"Force Field+1","floor":44},{"not_picked":["Lockon","Aggregate","Darkness"],"picked":"Singing Bowl","floor":47},{"not_picked":["Darkness+1","Chill+1"],"picked":"Thunder Strike","floor":54}],"player_experience":328035,"relics_obtained":[{"floor":4,"key":"Tiny Chest"},{"floor":9,"key":"Mummified Hand"},{"floor":13,"key":"StoneCalendar"},{"floor":19,"key":"Enchiridion"},{"floor":22,"key":"Pear"},{"floor":26,"key":"Mercury Hourglass"},{"floor":29,"key":"Singing Bowl"},{"floor":39,"key":"Ginger"},{"floor":40,"key":"Gambling Chip"},{"floor":43,"key":"Darkstone Periapt"},{"floor":54,"key":"Dream Catcher"}],"event_choices":[{"damage_healed":0,"gold_gain":0,"player_choice":"Success","damage_taken":3,"relics_obtained":["DataDisk"],"max_hp_gain":0,"max_hp_loss":0,"event_name":"Scrap Ooze","floor":2,"gold_loss":0},{"damage_healed":0,"gold_gain":75,"player_choice":"Gather Gold","damage_taken":11,"max_hp_gain":0,"max_hp_loss":0,"event_name":"World of Goop","floor":3,"gold_loss":0},{"damage_healed":0,"gold_gain":0,"player_choice":"Donut","damage_taken":0,"max_hp_gain":5,"max_hp_loss":0,"event_name":"Big Fish","floor":10,"gold_loss":0},{"damage_healed":0,"gold_gain":0,"player_choice":"Obtained Book","damage_taken":16,"max_hp_gain":0,"max_hp_loss":0,"event_name":"Cursed Tome","floor":19,"gold_loss":0},{"damage_healed":0,"gold_gain":0,"player_choice":"Ignored","damage_taken":0,"max_hp_gain":0,"max_hp_loss":0,"event_name":"Tomb of Lord Red Mask","floor":37,"gold_loss":0},{"damage_healed":0,"gold_gain":0,"player_choice":"Embrace Madness","damage_taken":12,"max_hp_gain":0,"max_hp_loss":0,"event_name":"Winding Halls","floor":38,"gold_loss":0,"cards_obtained":["Madness","Madness"]},{"damage_healed":0,"gold_gain":0,"player_choice":"Fight","damage_taken":0,"max_hp_gain":0,"max_hp_loss":0,"event_name":"MindBloom","floor":39,"gold_loss":0},{"damage_healed":0,"gold_gain":0,"player_choice":"Upgraded","damage_taken":0,"max_hp_gain":0,"max_hp_loss":0,"event_name":"Upgrade Shrine","floor":46,"gold_loss":0,"cards_upgraded":["Capacitor"]}],"is_beta":true,"boss_relics":[{"not_picked":["Tiny House","Lizard Tail"],"picked":"Nuclear Battery"},{"not_picked":["Cursed Key","Astrolabe"],"picked":"Sozu"}],"items_purged_floors":[21,28,45],"is_endless":false,"potions_floor_spawned":[1,11,14,29,31,33,40,44,47],"ascension_level":1}