{"gold_per_floor":[109,45,62,79,98,98,44,60,136,155,170,123,140,152,152,251,251,266,284,301,301,321,321,321,352,364,390,65,85,85,85,85,189,189,206,216,63,74,74,74,74],"floor_reached":41,"playtime":1705,"items_purged":["Normality"],"score":461,"play_id":"d33ced58-1590-4595-b748-9b8a8fc59152","local_time":"20180911015024","is_ascension_mode":false,"campfire_choices":[{"data":"Perfected Strike","floor":6,"key":"SMITH"},{"data":"Perfected Strike","floor":15,"key":"SMITH"},{"data":"Perfected Strike","floor":23,"key":"SMITH"},{"data":"Double Tap","floor":30,"key":"SMITH"},{"data":"Clash","floor":32,"key":"SMITH"},{"floor":40,"key":"REST"}],"neow_cost":"NONE","seed_source_timestamp":359992076361335,"circlet_count":0,"master_deck":["Strike_R","Strike_R","Strike_R","Strike_R","Strike_R","Defend_R","Defend_R","Defend_R","Defend_R","Bash+1","Perfected Strike+1","Pommel Strike","Perfected Strike+1","Twin Strike","Pommel Strike","Perfected Strike+1","Pommel Strike","Clash","Wild Strike","Double Tap+1","Pommel Strike","Pommel Strike","Clash+1","Clash"],"relics":["Burning Blood","Incense Burner","Dodecahedron","Cursed Key","MawBank","Frozen Egg 2","Mercury Hourglass","Sozu","Oddly Smooth Stone"],"potions_floor_usage":[27,29,33,38],"damage_taken":[{"damage":5,"enemies":"Small Slimes","floor":1,"turns":4},{"damage":1,"enemies":"Cultist","floor":3,"turns":3},{"damage":6,"enemies":"Jaw Worm","floor":4,"turns":3},{"damage":22,"enemies":"Lots of Slimes","floor":5,"turns":5},{"damage":1,"enemies":"2 Fungi Beasts","floor":8,"turns":2},{"damage":7,"enemies":"Blue Slaver","floor":10,"turns":2},{"damage":10,"enemies":"Exordium Thugs","floor":11,"turns":4},{"damage":10,"enemies":"Looter","floor":13,"turns":3},{"damage":0,"enemies":"2 Fungi Beasts","floor":14,"turns":2},{"damage":22,"enemies":"Slime Boss","floor":16,"turns":7},{"damage":0,"enemies":"Spheric Guardian","floor":18,"turns":1},{"damage":10,"enemies":"2 Thieves","floor":19,"turns":3},{"damage":9,"enemies":"Shelled Parasite and Fungi","floor":20,"turns":3},{"damage":0,"enemies":"Cultist and Chosen","floor":22,"turns":2},{"damage":0,"enemies":"Colosseum Slavers","floor":24,"turns":1},{"damage":0,"enemies":"Gremlin Leader","floor":25,"turns":2},{"damage":0,"enemies":"Snecko","floor":27,"turns":3},{"damage":9,"enemies":"Centurion and Healer","floor":29,"turns":3},{"damage":14,"enemies":"Automaton","floor":33,"turns":4},{"damage":17,"enemies":"3 Darklings","floor":35,"turns":4},{"damage":0,"enemies":"Orb Walker","floor":36,"turns":1},{"damage":30,"enemies":"4 Shapes","floor":38,"turns":4},{"damage":63,"enemies":"Nemesis","floor":41,"turns":5}],"seed_played":"8059817409595551794","potions_obtained":[{"floor":3,"key":"SteroidPotion"},{"floor":5,"key":"Swift Potion"},{"floor":11,"key":"SneckoOil"},{"floor":13,"key":"Regen Potion"},{"floor":25,"key":"SteroidPotion"},{"floor":33,"key":"SpeedPotion"}],"is_trial":false,"path_per_floor":["M","?","M","M","M","R","$","M","T","M","M","$","M","M","R","B",null,"M","M","M","?","M","R","?","E","T","M","$","M","R","?","R","B",null,"M","M","$","M","?","R"],"character_chosen":"IRONCLAD","items_purchased":["Perfected Strike","Pommel Strike","Mercury Hourglass","Oddly Smooth Stone"],"campfire_rested":1,"item_purchase_floors":[7,12,28,37],"current_hp_per_floor":[80,80,80,80,64,64,64,69,69,68,64,64,60,66,66,50,80,80,76,73,58,64,64,70,76,76,82,82,85,85,85,85,77,85,74,80,80,56,56,81,18],"gold":74,"neow_bonus":"UPGRADE_CARD","is_prod":false,"is_daily":false,"chose_seed":false,"campfire_upgraded":5,"win_rate":0,"timestamp":1536645024,"path_taken":["M","?","M","M","M","R","$","M","T","M","M","$","?","M","R","BOSS","M","M","M","?","M","R","?","E","T","M","$","M","R","?","R","BOSS","M","M","$","M","?","R","E"],"build_version":"2018-09-06","purchased_purges":1,"victory":false,"max_hp_per_floor":[80,80,80,80,80,80,80,80,80,80,80,80,80,80,80,80,80,80,80,80,85,85,85,85,85,85,85,85,85,85,85,85,85,85,85,85,85,85,85,85,85],"card_choices":[{"not_picked":["Anger","Clash"],"picked":"Perfected Strike","floor":1},{"not_picked":["Flex","True Grit","Headbutt"],"picked":"SKIP","floor":3},{"not_picked":["Twin Strike","Iron Wave"],"picked":"Pommel Strike","floor":4},{"not_picked":["Power Through","Reckless Charge","Iron Wave"],"picked":"SKIP","floor":5},{"not_picked":["Intimidate","Fire Breathing"],"picked":"Twin Strike","floor":8},{"not_picked":["Seeing Red","Clash"],"picked":"Pommel Strike","floor":10},{"not_picked":["Pommel Strike","Juggernaut"],"picked":"Perfected Strike","floor":11},{"not_picked":["Heavy Blade","Sever Soul"],"picked":"Clash","floor":13},{"not_picked":["Warcry","True Grit"],"picked":"Wild Strike","floor":14},{"not_picked":["Demon Form","Impervious"],"picked":"Double Tap","floor":16},{"not_picked":["Clothesline","Headbutt"],"picked":"Pommel Strike","floor":18},{"not_picked":["Body Slam+1","Sword Boomerang","Spot Weakness+1"],"picked":"SKIP","floor":19},{"not_picked":["Shrug It Off","Sword Boomerang","Blood for Blood"],"picked":"SKIP","floor":20},{"not_picked":["Sever Soul+1","Warcry+1"],"picked":"Pommel Strike","floor":22},{"not_picked":["Sever Soul+1","Blood for Blood","Headbutt"],"picked":"SKIP","floor":25},{"not_picked":["Havoc+1","Reckless Charge"],"picked":"Clash","floor":27},{"not_picked":["Spot Weakness","Blood for Blood+1","Sword Boomerang"],"picked":"SKIP","floor":29},{"not_picked":["Inflame+1","Blood for Blood","Bloodletting+1"],"picked":"SKIP","floor":35},{"not_picked":["Clothesline","Headbutt"],"picked":"Clash","floor":36},{"not_picked":["Clothesline","Body Slam"],"picked":"Perfected Strike+1","floor":38}],"player_experience":83702,"relics_obtained":[{"floor":9,"key":"Dodecahedron"},{"floor":25,"key":"MawBank"},{"floor":26,"key":"Frozen Egg 2"}],"event_choices":[{"event_name":"WeMeetAgain","player_choice":"Gold","floor":2,"damage_taken":0},{"event_name":"Forgotten Altar","player_choice":"Shed Blood","floor":21,"damage_taken":0},{"event_name":"Colosseum","player_choice":"Fight","floor":24,"damage_taken":0},{"event_name":"Colosseum","player_choice":"Fled From Nobs","floor":24,"damage_taken":0},{"event_name":"Ghosts","player_choice":"Ignored","floor":31,"damage_taken":0},{"event_name":"Falling","player_choice":"Removed Attack","floor":39,"damage_taken":0}],"is_beta":false,"boss_relics":[{"not_picked":["Velvet Choker","Mark of Pain"],"picked":"Cursed Key"},{"not_picked":["Eternal Feather","Orrery"],"picked":"Sozu"}],"items_purged_floors":[28],"is_endless":false,"potions_floor_spawned":[3,5,11,13,18,25,33,36,38],"killed_by":"Nemesis","ascension_level":0}