{"path_per_floor":["M","M","?","M","M","E","R","E","T","R","?","M","E","?","R","B",null,"M","?","$","M","M","E","M"],"character_chosen":"IRONCLAD","items_purchased":["Oddly Smooth Stone","Singing Bowl","Metallicize"],"gold_per_floor":[17,35,35,54,71,99,99,131,157,157,223,238,269,295,295,366,366,377,377,38,43,60,88,104,104],"floor_reached":25,"campfire_rested":0,"playtime":1653,"current_hp_per_floor":[76,80,80,80,74,50,50,54,54,54,54,58,53,53,53,55,79,56,56,56,57,15,9,8,0],"items_purged":[],"gold":104,"score":401,"play_id":"860d858d-5c2c-4a30-8ba3-941117815215","local_time":"20180502234949","is_prod":false,"is_daily":false,"chose_seed":false,"is_ascension_mode":true,"campfire_upgraded":3,"timestamp":1525297789,"path_taken":["M","M","?","M","M","E","R","E","T","R","?","M","E","?","R","BOSS","M","?","$","M","M","E","?","?"],"build_version":"2018-05-01v2","seed_source_timestamp":284837758579645,"purchased_purges":0,"victory":false,"master_deck":["Strike_R","Strike_R","Strike_R","Strike_R","Defend_R","Defend_R","Defend_R+1","Defend_R+1","Bash","AscendersBane","True Grit+1","Clothesline","Berserk","Headbutt","Armaments+1","Wild Strike","Flame Barrier","Demon Form+1","Shockwave","Burning Pact","Fiend Fire","Clothesline","Metallicize","Thunderclap","Second Wind"],"max_hp_per_floor":[80,80,80,80,80,80,80,80,80,80,80,80,87,87,87,87,87,87,87,87,89,89,91,91,91],"relics":["Burning Blood","Torii","Vajra","Blood Vial","War Paint","Strawberry","Odd Mushroom","Mark of Pain","Oddly Smooth Stone","Singing Bowl","Kunai"],"card_choices":[{"not_picked":["Sentinel","Sever Soul"],"picked":"True Grit","floor":1},{"not_picked":["Heavy Blade","Wild Strike"],"picked":"Clothesline","floor":2},{"not_picked":["Shrug It Off","Spot Weakness"],"picked":"Headbutt","floor":4},{"not_picked":["Wild Strike","Body Slam"],"picked":"Armaments","floor":5},{"not_picked":["Iron Wave","Seeing Red"],"picked":"Wild Strike","floor":6},{"not_picked":["Seeing Red","Reckless Charge"],"picked":"Flame Barrier","floor":8},{"not_picked":["Flex","True Grit"],"picked":"Demon Form","floor":12},{"not_picked":["Flex","Corruption"],"picked":"Shockwave","floor":13},{"not_picked":["Rupture","Heavy Blade"],"picked":"Burning Pact","floor":14},{"not_picked":["Limit Break","Berserk"],"picked":"Fiend Fire","floor":16},{"not_picked":["Fire Breathing","Pommel Strike"],"picked":"Clothesline","floor":18},{"not_picked":["Pommel Strike","Shockwave"],"picked":"Thunderclap","floor":22},{"not_picked":["Warcry","Pommel Strike"],"picked":"Second Wind","floor":24}],"player_experience":502935,"potions_floor_usage":[8,14,16,22,23,24],"damage_taken":[{"damage":2,"enemies":"Jaw Worm","floor":1,"turns":4},{"damage":2,"enemies":"2 Louse","floor":2,"turns":3},{"damage":2,"enemies":"Small Slimes","floor":4,"turns":5},{"damage":12,"enemies":"2 Fungi Beasts","floor":5,"turns":4},{"damage":30,"enemies":"Gremlin Nob","floor":6,"turns":5},{"damage":14,"enemies":"3 Sentries","floor":8,"turns":9},{"damage":4,"enemies":"Exordium Wildlife","floor":12,"turns":6},{"damage":20,"enemies":"Lagavulin","floor":13,"turns":9},{"damage":8,"enemies":"The Mushroom Lair","floor":14,"turns":5},{"damage":18,"enemies":"Hexaghost","floor":16,"turns":9},{"damage":31,"enemies":"Shell Parasite","floor":18,"turns":8},{"damage":9,"enemies":"2 Thieves","floor":21,"turns":4},{"damage":50,"enemies":"Sentry and Sphere","floor":22,"turns":8},{"damage":16,"enemies":"Book of Stabbing","floor":23,"turns":6},{"damage":9,"enemies":"Snake Plant","floor":24,"turns":5}],"event_choices":[{"event_name":"Living Wall","player_choice":"Change","floor":3,"damage_taken":0},{"event_name":"Golden Wing","player_choice":"Gained Gold","floor":11,"damage_taken":0},{"event_name":"Mushrooms","player_choice":"Fought Mushrooms","floor":14,"damage_taken":0},{"event_name":"Ghosts","player_choice":"Ignored","floor":19,"damage_taken":0}],"boss_relics":[{"not_picked":["Ectoplasm","Sozu"],"picked":"Mark of Pain"}],"potions_floor_spawned":[1,4,5,6,14,21,22],"seed_played":"7967165357067545406","ascension_level":13,"is_trial":false}