{"gold_per_floor":[115,115,115,128,60,60,60,94,147,147,147,162,162,181,181,277,277,290,310,326,346,271,271,286,286,286,299,317,317,335,35,35,139,139,150,164,264,164,0,0,18,95,122,122,133,85,99,110,110,110],"floor_reached":51,"playtime":4259,"items_purged":["Strike_R","Strike_R"],"score":927,"play_id":"2dcbf9e3-28be-46ff-a5f5-6d6241d31e6f","local_time":"20181115153015","is_ascension_mode":true,"campfire_choices":[{"data":"Metallicize","floor":6,"key":"SMITH"},{"data":"Shrug It Off","floor":10,"key":"SMITH"},{"data":"True Grit","floor":13,"key":"SMITH"},{"data":"Bash","floor":15,"key":"SMITH"},{"data":"Demon Form","floor":23,"key":"SMITH"},{"data":"Offering","floor":25,"key":"SMITH"},{"floor":32,"key":"REST"},{"data":"True Grit","floor":40,"key":"SMITH"},{"data":"Juggernaut","floor":44,"key":"SMITH"},{"floor":49,"key":"REST"}],"neow_cost":"NONE","seed_source_timestamp":16726175239866,"circlet_count":0,"master_deck":["AscendersBane","Strike_R+1","Strike_R","Strike_R+1","Defend_R","Defend_R","Defend_R","Defend_R","Bash+1","Hemokinesis","Feel No Pain","Metallicize+1","Shrug It Off+1","Pain","True Grit+1","Pummel","Demon Form+1","Warcry","Inflame","Offering+1","Havoc","Juggernaut","Second Wind","Juggernaut+1","True Grit+1","Twin Strike+1","Iron Wave+1","Body Slam+1","Blood for Blood+1","Metallicize"],"relics":["Burning Blood","PreservedInsect","Meat on the Bone","Blue Candle","Regal Pillow","WarpedTongs","Runic Pyramid","Bottled Lightning","Bottled Tornado","Mark of Pain","Thread and Needle","Red Mask","Pear","Orichalcum"],"potions_floor_usage":[16,18,18,27,41,50,50],"damage_taken":[{"damage":7,"enemies":"Small Slimes","floor":1,"turns":4},{"damage":3,"enemies":"2 Louse","floor":4,"turns":2},{"damage":14,"enemies":"3 Sentries","floor":8,"turns":8},{"damage":4,"enemies":"Cultist","floor":12,"turns":2},{"damage":1,"enemies":"3 Louse","floor":14,"turns":3},{"damage":67,"enemies":"Slime Boss","floor":16,"turns":18},{"damage":13,"enemies":"2 Thieves","floor":18,"turns":5},{"damage":7,"enemies":"Chosen","floor":19,"turns":6},{"damage":31,"enemies":"Snake Plant","floor":20,"turns":5},{"damage":16,"enemies":"Chosen and Byrds","floor":21,"turns":8},{"damage":16,"enemies":"Shelled Parasite and Fungi","floor":24,"turns":10},{"damage":18,"enemies":"Snake Plant","floor":27,"turns":5},{"damage":15,"enemies":"Cultist and Chosen","floor":28,"turns":9},{"damage":21,"enemies":"Sentry and Sphere","floor":30,"turns":8},{"damage":44,"enemies":"Automaton","floor":33,"turns":10},{"damage":21,"enemies":"Orb Walker","floor":35,"turns":3},{"damage":33,"enemies":"3 Shapes","floor":36,"turns":5},{"damage":7,"enemies":"Mind Bloom Boss Battle","floor":37,"turns":5},{"damage":7,"enemies":"Maw","floor":41,"turns":5},{"damage":16,"enemies":"4 Shapes","floor":45,"turns":4},{"damage":4,"enemies":"3 Darklings","floor":47,"turns":4},{"damage":24,"enemies":"Jaw Worm Horde","floor":48,"turns":4},{"damage":39,"enemies":"Donu and Deca","floor":50,"turns":5}],"seed_played":"-8729493858401224506","potions_obtained":[{"floor":8,"key":"Block Potion"},{"floor":14,"key":"Fruit Juice"},{"floor":16,"key":"SteroidPotion"},{"floor":19,"key":"Energy Potion"},{"floor":20,"key":"SpeedPotion"},{"floor":21,"key":"PowerPotion"},{"floor":28,"key":"SpeedPotion"},{"floor":29,"key":"SteroidPotion"},{"floor":35,"key":"BloodPotion"}],"is_trial":false,"path_per_floor":["M","?","?","M","$","R","?","E","T","R","?","M","R","M","R","B",null,"M","M","M","M","$","R","M","R","T","M","M","?","M","$","R","B",null,"M","M","?","$","?","R","M","T","T","R","M","$","M","M","R","B",null],"character_chosen":"IRONCLAD","items_purchased":["Metallicize","Bottled Tornado","Second Wind","Strength Potion"],"campfire_rested":2,"item_purchase_floors":[5,31,31,46],"current_hp_per_floor":[71,55,37,52,52,52,78,70,70,70,70,72,72,77,77,33,72,65,64,51,53,53,53,55,55,55,55,58,58,55,55,85,59,79,64,49,60,60,60,60,67,77,77,77,67,67,69,63,95,62],"gold":110,"neow_bonus":"RANDOM_COMMON_RELIC","is_prod":false,"is_daily":false,"chose_seed":false,"campfire_upgraded":8,"win_rate":0,"timestamp":1542313815,"path_taken":["M","?","?","M","$","R","?","E","T","R","?","M","R","M","R","BOSS","M","M","M","M","$","R","M","R","T","?","M","?","M","?","R","BOSS","M","M","?","$","?","R","M","?","T","R","?","?","M","M","R","BOSS"],"build_version":"2018-11-14","purchased_purges":2,"victory":true,"max_hp_per_floor":[80,80,80,80,80,80,80,80,80,80,80,80,80,80,80,85,85,85,85,85,85,85,85,85,85,85,85,85,85,85,85,85,85,85,85,85,85,85,85,85,85,95,95,95,95,95,95,95,95,95],"card_choices":[{"not_picked":["Wild Strike","Flex"],"picked":"Hemokinesis","floor":1},{"not_picked":["Flex","Anger"],"picked":"Feel No Pain","floor":4},{"not_picked":["Armaments","Clash"],"picked":"Shrug It Off","floor":8},{"not_picked":["Metallicize","Uppercut"],"picked":"True Grit","floor":12},{"not_picked":["Second Wind","Ghostly Armor"],"picked":"Pummel","floor":14},{"not_picked":["Offering","Reaper"],"picked":"Demon Form","floor":16},{"not_picked":["Sword Boomerang","Armaments"],"picked":"Warcry","floor":18},{"not_picked":["Thunderclap+1","Clash"],"picked":"Inflame","floor":19},{"not_picked":["Twin Strike","Iron Wave","Fire Breathing+1"],"picked":"SKIP","floor":20},{"not_picked":["Anger","Rupture","Clash"],"picked":"SKIP","floor":21},{"not_picked":["Clothesline","Havoc"],"picked":"Offering","floor":24},{"not_picked":["Armaments","Searing Blow"],"picked":"Havoc","floor":27},{"not_picked":["Shrug It Off","Clothesline+1"],"picked":"Juggernaut","floor":28},{"not_picked":["Clothesline","Pommel Strike","Headbutt"],"picked":"SKIP","floor":30},{"not_picked":["Impervious","Brutality"],"picked":"Juggernaut","floor":33},{"not_picked":["Thunderclap","Havoc","Cleave"],"picked":"SKIP","floor":35},{"not_picked":["Twin Strike","Warcry"],"picked":"True Grit","floor":36},{"not_picked":["Sentinel+1","Havoc"],"picked":"Twin Strike+1","floor":37},{"not_picked":["Thunderclap","Pommel Strike+1"],"picked":"Iron Wave+1","floor":41},{"not_picked":["Dark Embrace","Armaments+1"],"picked":"Body Slam+1","floor":45},{"not_picked":["Cleave+1","Sword Boomerang"],"picked":"Blood for Blood+1","floor":47},{"not_picked":["Searing Blow","Rampage+1"],"picked":"Metallicize","floor":48}],"player_experience":365852,"relics_obtained":[{"floor":8,"key":"Blue Candle"},{"floor":9,"key":"Regal Pillow"},{"floor":26,"key":"Bottled Lightning"},{"floor":37,"key":"Thread and Needle"},{"floor":42,"key":"Pear"},{"floor":43,"key":"Orichalcum"}],"event_choices":[{"damage_healed":0,"gold_gain":0,"player_choice":"Entered Light","damage_taken":16,"max_hp_gain":0,"max_hp_loss":0,"event_name":"Shining Light","floor":2,"gold_loss":0,"cards_upgraded":["Strike_R","Strike_R"]},{"damage_healed":0,"gold_gain":0,"player_choice":"Success","damage_taken":18,"relics_obtained":["Meat on the Bone"],"max_hp_gain":0,"max_hp_loss":0,"event_name":"Scrap Ooze","floor":3,"gold_loss":0},{"damage_healed":26,"gold_gain":0,"player_choice":"Banana","damage_taken":0,"max_hp_gain":0,"max_hp_loss":0,"event_name":"Big Fish","floor":7,"gold_loss":0},{"damage_healed":0,"gold_gain":0,"player_choice":"Rummage","damage_taken":0,"relics_obtained":["WarpedTongs"],"max_hp_gain":0,"max_hp_loss":0,"event_name":"Accursed Blacksmith","floor":11,"gold_loss":0,"cards_obtained":["Pain"]},{"damage_healed":0,"gold_gain":0,"player_choice":"Got Potions","damage_taken":0,"max_hp_gain":0,"max_hp_loss":0,"event_name":"Lab","floor":29,"gold_loss":0},{"damage_healed":0,"gold_gain":0,"player_choice":"Fight","damage_taken":0,"max_hp_gain":0,"max_hp_loss":0,"event_name":"MindBloom","floor":37,"gold_loss":0},{"damage_healed":0,"gold_gain":0,"player_choice":"Paid","damage_taken":0,"relics_obtained":["Red Mask"],"max_hp_gain":0,"max_hp_loss":0,"event_name":"Tomb of Lord Red Mask","floor":39,"gold_loss":164}],"is_beta":true,"boss_relics":[{"not_picked":["Runic Cube","Lizard Tail"],"picked":"Runic Pyramid"},{"not_picked":["Runic Dome","Orrery"],"picked":"Mark of Pain"}],"items_purged_floors":[22,38],"is_endless":false,"potions_floor_spawned":[8,14,16,19,20,21,28,33,35,36,47,48],"ascension_level":10}