{"gold_per_floor":[110,75,90,90,7,51,64,89,89,89,122,47,47,60,60,151,151,166,182,25,38,38,38,38,38,38,38],"floor_reached":27,"playtime":887,"items_purged":["Strike_B"],"score":431,"play_id":"397b8cdd-f558-4e57-b28f-45a34e442da5","local_time":"20190203180235","is_ascension_mode":true,"campfire_choices":[{"floor":10,"key":"REST"},{"data":"Loop","floor":13,"key":"SMITH"},{"data":"Loop","floor":15,"key":"SMITH"},{"floor":23,"key":"REST"},{"data":"Ghostly","floor":25,"key":"SMITH"}],"neow_cost":"PERCENT_DAMAGE","seed_source_timestamp":84935226990900,"circlet_count":0,"master_deck":["AscendersBane","Strike_B","Strike_B","Strike_B","Defend_B","Defend_B","Defend_B","Defend_B","Zap","Dualcast","Electrodynamics","Loop+1","Conserve Battery","Loop+1","Cold Snap","Loop","Chill","Ball Lightning","Ball Lightning","Seek","Ball Lightning+1","Ghostly+1","Ghostly","Ghostly"],"relics":["Cracked Core","Golden Idol","Blood Vial","Bronze Scales","Frozen Egg 2","Nuclear Battery","Centennial Puzzle","MutagenicStrength","Ice Cream"],"potions_floor_usage":[11,16,19,27],"damage_taken":[{"damage":16,"enemies":"Small Slimes","floor":1,"turns":3},{"damage":0,"enemies":"2 Louse","floor":3,"turns":1},{"damage":31,"enemies":"Lagavulin","floor":6,"turns":7},{"damage":5,"enemies":"Jaw Worm","floor":7,"turns":3},{"damage":10,"enemies":"3 Louse","floor":8,"turns":2},{"damage":17,"enemies":"3 Sentries","floor":11,"turns":4},{"damage":4,"enemies":"Looter","floor":14,"turns":3},{"damage":5,"enemies":"The Guardian","floor":16,"turns":9},{"damage":10,"enemies":"3 Byrds","floor":18,"turns":3},{"damage":10,"enemies":"2 Thieves","floor":19,"turns":2},{"damage":18,"enemies":"3 Cultists","floor":21,"turns":4},{"damage":41,"enemies":"Gremlin Leader","floor":27,"turns":4}],"seed_played":"822390935661018045","potions_obtained":[{"floor":6,"key":"Regen Potion"},{"floor":11,"key":"SteroidPotion"},{"floor":14,"key":"Swift Potion"},{"floor":18,"key":"SkillPotion"},{"floor":19,"key":"SneckoOil"}],"is_trial":false,"path_per_floor":["M","?","M","?","$","E","M","M","T","R","E","$","R","M","R","B",null,"M","M","$","M","?","R","?","R","T","E"],"character_chosen":"DEFECT","items_purchased":["Loop","Centennial Puzzle"],"campfire_rested":2,"item_purchase_floors":[5,20],"current_hp_per_floor":[30,47,47,47,47,16,13,5,5,24,18,18,18,16,16,13,51,43,35,35,19,19,38,32,32,32,0],"gold":38,"neow_bonus":"THREE_RARE_CARDS","is_prod":false,"is_daily":false,"chose_seed":false,"campfire_upgraded":3,"win_rate":0,"timestamp":1549245755,"path_taken":["M","?","M","?","?","E","M","M","T","R","E","$","R","M","R","BOSS","M","M","$","M","?","R","?","R","T","E"],"build_version":"2019-01-23","purchased_purges":1,"victory":false,"max_hp_per_floor":[71,71,71,64,64,64,64,64,64,64,64,64,64,64,64,64,64,64,64,64,64,64,64,32,32,32,32],"card_choices":[{"not_picked":["Multi-Cast","Machine Learning"],"picked":"Electrodynamics","floor":0},{"not_picked":["Sweeping Beam","Go for the Eyes"],"picked":"Loop","floor":1},{"not_picked":["Reinforced Body","Beam Cell"],"picked":"Conserve Battery","floor":3},{"not_picked":["Skim","Turbo"],"picked":"Cold Snap","floor":6},{"not_picked":["Cold Snap","Double Energy"],"picked":"Loop","floor":7},{"not_picked":["Gash","Streamline"],"picked":"Chill","floor":8},{"not_picked":["Streamline","Double Energy"],"picked":"Ball Lightning","floor":11},{"not_picked":["Redo","Go for the Eyes"],"picked":"Ball Lightning","floor":14},{"not_picked":["Fission","Thunder Strike"],"picked":"Seek","floor":16},{"not_picked":["Cold Snap","Streamline","Turbo"],"picked":"SKIP","floor":18},{"not_picked":["Streamline+1","Go for the Eyes"],"picked":"Ball Lightning+1","floor":19},{"not_picked":["Go for the Eyes","Rip and Tear","Turbo"],"picked":"SKIP","floor":21}],"player_experience":614695,"relics_obtained":[{"floor":6,"key":"Blood Vial"},{"floor":9,"key":"Bronze Scales"},{"floor":11,"key":"Frozen Egg 2"},{"floor":26,"key":"Ice Cream"}],"event_choices":[{"damage_healed":17,"gold_gain":0,"player_choice":"Healed","damage_taken":0,"max_hp_gain":0,"max_hp_loss":0,"event_name":"The Cleric","floor":2,"gold_loss":35},{"damage_healed":0,"gold_gain":0,"player_choice":"Lose Max HP","damage_taken":0,"relics_obtained":["Golden Idol"],"max_hp_gain":0,"max_hp_loss":7,"event_name":"Golden Idol","floor":4,"gold_loss":0},{"damage_healed":0,"gold_gain":0,"player_choice":"Inject Mutagens","damage_taken":0,"relics_obtained":["MutagenicStrength"],"max_hp_gain":0,"max_hp_loss":0,"event_name":"Drug Dealer","floor":22,"gold_loss":0},{"damage_healed":0,"gold_gain":0,"player_choice":"Became a Ghost","damage_taken":0,"max_hp_gain":0,"max_hp_loss":32,"event_name":"Ghosts","floor":24,"gold_loss":0,"cards_obtained":["Ghostly","Ghostly","Ghostly"]}],"is_beta":false,"boss_relics":[{"not_picked":["Cursed Key","Lizard Tail"],"picked":"Nuclear Battery"}],"items_purged_floors":[12],"is_endless":false,"potions_floor_spawned":[6,11,14,18,19],"killed_by":"Gremlin Leader","ascension_level":19}