{"gold_per_floor":[110,129,149,166,166,192,207,207,234,234,309,320,355,371,371,442,442,458,348,364,375,375,375,375,388,388,423,423],"floor_reached":28,"playtime":762,"items_purged":[],"score":454,"play_id":"5634a541-d220-4373-b38a-f4ae6645dd4e","local_time":"20181015203008","is_ascension_mode":true,"campfire_choices":[{"data":"Armaments","floor":8,"key":"SMITH"},{"data":"Whirlwind","floor":10,"key":"SMITH"},{"data":"Bash","floor":15,"key":"SMITH"},{"data":"True Grit","floor":23,"key":"SMITH"}],"neow_cost":"NONE","seed_source_timestamp":11519388382237,"circlet_count":0,"master_deck":["Strike_R","Strike_R","Strike_R","Strike_R","Defend_R","Defend_R","Defend_R","Bash+1","AscendersBane","Sword Boomerang","Twin Strike","Whirlwind+1","Metallicize+1","Armaments+1","Clash","Clothesline","Double Tap","True Grit+1","Metallicize","Flex"],"special_seed":0,"relics":["Burning Blood","Mercury Hourglass","Ancient Tea Set","Happy Flower","Runic Dome","MutagenicStrength","Torii","Bronze Scales"],"potions_floor_usage":[6,6,13,13],"damage_taken":[{"damage":8.0,"enemies":"2 Louse","floor":1.0,"turns":3.0},{"damage":1.0,"enemies":"Cultist","floor":2.0,"turns":3.0},{"damage":0.0,"enemies":"Small Slimes","floor":3.0,"turns":2.0},{"damage":40.0,"enemies":"Exordium Wildlife","floor":4.0,"turns":7.0},{"damage":15,"enemies":"3 Sentries","floor":6,"turns":5},{"damage":0,"enemies":"3 Louse","floor":7,"turns":1},{"damage":6,"enemies":"Lots of Slimes","floor":12,"turns":2},{"damage":10,"enemies":"Lagavulin","floor":13,"turns":6},{"damage":1,"enemies":"2 Fungi Beasts","floor":14,"turns":2},{"damage":19,"enemies":"Hexaghost","floor":16,"turns":10},{"damage":13,"enemies":"Shell Parasite","floor":18,"turns":3},{"damage":12,"enemies":"Chosen","floor":20,"turns":3},{"damage":18,"enemies":"Shelled Parasite and Fungi","floor":21,"turns":6},{"damage":0,"enemies":"Snecko","floor":25,"turns":2},{"damage":37,"enemies":"Book of Stabbing","floor":27,"turns":5},{"damage":18,"enemies":"Centurion and Healer","floor":28,"turns":1}],"seed_played":"5505214576335494229","potions_obtained":[{"floor":0.0,"key":"PowerPotion"},{"floor":0.0,"key":"Ancient Potion"},{"floor":3.0,"key":"SteroidPotion"},{"floor":6,"key":"Dexterity Potion"},{"floor":7,"key":"Fire Potion"},{"floor":14,"key":"GamblersBrew"},{"floor":21,"key":"EntropicBrew"}],"is_trial":false,"path_per_floor":["M","M","M","M","?","E","M","R","T","R","?","M","E","M","R","B",null,"M","?","M","M","?","R","?","M","T","E"],"character_chosen":"IRONCLAD","items_purchased":[],"campfire_rested":0,"item_purchase_floors":[],"current_hp_per_floor":[66,71,75,41,41,32,38,38,38,38,27,27,23,28,28,15,60,53,53,47,35,35,35,35,41,41,10,0],"gold":423,"neow_bonus":"THREE_SMALL_POTIONS","is_prod":false,"is_daily":false,"chose_seed":false,"campfire_upgraded":4,"win_rate":0,"timestamp":1539603008,"path_taken":["M","M","M","M","?","E","M","R","T","R","?","M","E","M","R","BOSS","M","?","?","M","?","R","?","M","T","E","M"],"build_version":"2018-10-11","purchased_purges":0,"victory":false,"max_hp_per_floor":[75,75,75,75,75,75,75,75,75,75,75,75,75,75,75,75,75,75,75,75,75,75,75,75,75,75,75,75],"card_choices":[{"not_picked":["Thunderclap","Seeing Red"],"picked":"Sword Boomerang","floor":1.0},{"not_picked":["Anger","Sword Boomerang"],"picked":"Twin Strike","floor":2.0},{"not_picked":["Rupture","Metallicize"],"picked":"Whirlwind","floor":3.0},{"not_picked":["Bludgeon","True Grit"],"picked":"Metallicize","floor":4.0},{"not_picked":["Wild Strike","Rage"],"picked":"Armaments","floor":6},{"not_picked":["True Grit","Disarm"],"picked":"Clash","floor":7},{"not_picked":["Shrug It Off","Headbutt","Hemokinesis"],"picked":"SKIP","floor":12},{"not_picked":["Fire Breathing","Heavy Blade"],"picked":"Clothesline","floor":13},{"not_picked":["Havoc","Sentinel","Reckless Charge"],"picked":"SKIP","floor":14},{"not_picked":["Impervious","Immolate"],"picked":"Double Tap","floor":16},{"not_picked":["Iron Wave","Heavy Blade"],"picked":"True Grit","floor":18},{"not_picked":["Shrug It Off","Headbutt","Sword Boomerang"],"picked":"SKIP","floor":20},{"not_picked":["Twin Strike","Searing Blow","Clothesline"],"picked":"SKIP","floor":21},{"not_picked":["Infernal Blade","Corruption"],"picked":"Metallicize","floor":25},{"not_picked":["Uppercut","Warcry"],"picked":"Flex","floor":27}],"player_experience":703924,"relics_obtained":[{"floor":6,"key":"Mercury Hourglass"},{"floor":9,"key":"Ancient Tea Set"},{"floor":13,"key":"Happy Flower"},{"floor":26,"key":"Torii"},{"floor":27,"key":"Bronze Scales"}],"event_choices":[{"event_name":"Wheel of Change","player_choice":"Card Removal","floor":5.0,"damage_taken":0.0},{"event_name":"World of Goop","player_choice":"Gather Gold","floor":11,"damage_taken":0},{"event_name":"Designer","player_choice":"Full Service","floor":19,"damage_taken":0},{"event_name":"Match and Keep!","player_choice":"0 cards matched","floor":22,"damage_taken":0},{"event_name":"Drug Dealer","player_choice":"Inject Mutagens","floor":24,"damage_taken":0}],"is_beta":false,"boss_relics":[{"not_picked":["Orrery","Velvet Choker"],"picked":"Runic Dome"}],"items_purged_floors":[],"is_endless":false,"potions_floor_spawned":[2,3,6,7,14,21,27],"killed_by":"Centurion and Healer","ascension_level":16}