{"gold_per_floor":[211,211,225,10,27,27,52,52,78,78,78,78,78,97,97,200,200,218,40,0,13,31,31,106,106,106,106,106,106,135,135,135,235,235,255,255,268,268,143,143,157,157,235,248,248,0,0,13,13,13],"floor_reached":51,"playtime":1614,"items_purged":["Pain","Strike_R","Defend_R"],"score":949,"play_id":"c6ef7cf8-cb88-4c2f-9ebe-0de967bc778e","local_time":"20190209180349","is_ascension_mode":true,"campfire_choices":[{"data":"Seeing Red","floor":6,"key":"SMITH"},{"data":"Searing Blow","floor":10,"key":"SMITH"},{"data":"Searing Blow+1","floor":12,"key":"SMITH"},{"data":"Searing Blow+3","floor":15,"key":"SMITH"},{"data":"Searing Blow+4","floor":23,"key":"SMITH"},{"data":"Searing Blow+5","floor":25,"key":"SMITH"},{"data":"Searing Blow+6","floor":32,"key":"SMITH"},{"data":"Searing Blow+7","floor":40,"key":"SMITH"},{"data":"Searing Blow+8","floor":42,"key":"SMITH"},{"data":"Searing Blow+10","floor":47,"key":"SMITH"},{"data":"Searing Blow+11","floor":49,"key":"SMITH"}],"neow_cost":"NONE","seed_source_timestamp":245578872196740,"circlet_count":0,"master_deck":["Strike_R+1","Defend_R+1","Defend_R+1","Defend_R+1","Bash","Thunderclap","Feed","Seeing Red+1","Searing Blow+12","Battle Trance","Offering","Cleave","Feed","Clothesline","Double Tap+1","Ghostly Armor+1","Headbutt+1","Shrug It Off+1"],"relics":["Burning Blood","WarpedTongs","War Paint","Singing Bowl","Juzu Bracelet","Empty Cage","Du-Vu Doll","Toxic Egg 2","MutagenicStrength","Vajra","Lantern","White Beast Statue","Frozen Egg 2","Red Mask"],"potions_floor_usage":[7,7,16,30,30,30,30,48,50,50],"damage_taken":[{"damage":9,"enemies":"Jaw Worm","floor":1,"turns":4},{"damage":3,"enemies":"Cultist","floor":3,"turns":3},{"damage":0,"enemies":"2 Louse","floor":5,"turns":2},{"damage":15,"enemies":"Lagavulin","floor":7,"turns":4},{"damage":0,"enemies":"Large Slime","floor":14,"turns":1},{"damage":20,"enemies":"Hexaghost","floor":16,"turns":5},{"damage":10,"enemies":"Chosen","floor":18,"turns":2},{"damage":6,"enemies":"3 Byrds","floor":21,"turns":2},{"damage":6,"enemies":"Shelled Parasite and Fungi","floor":22,"turns":4},{"damage":30,"enemies":"Slavers","floor":30,"turns":6},{"damage":48,"enemies":"Champ","floor":33,"turns":7},{"damage":9,"enemies":"Orb Walker","floor":35,"turns":3},{"damage":8,"enemies":"3 Shapes","floor":37,"turns":3},{"damage":6,"enemies":"3 Darklings","floor":41,"turns":2},{"damage":5,"enemies":"Spire Growth","floor":44,"turns":3},{"damage":0,"enemies":"Transient","floor":48,"turns":5},{"damage":93,"enemies":"Time Eater","floor":50,"turns":7}],"seed_played":"5642600824138936636","potions_obtained":[{"floor":1,"key":"AttackPotion"},{"floor":3,"key":"Fire Potion"},{"floor":7,"key":"SkillPotion"},{"floor":16,"key":"Energy Potion"},{"floor":21,"key":"PowerPotion"},{"floor":22,"key":"EntropicBrew"},{"floor":35,"key":"Fire Potion"},{"floor":37,"key":"GamblersBrew"},{"floor":41,"key":"SkillPotion"},{"floor":44,"key":"PowerPotion"},{"floor":48,"key":"GamblersBrew"}],"is_trial":false,"path_per_floor":["M","?","M","$","M","R","E","?","T","R","?","R","?","M","R","B",null,"M","$","?","M","M","R","?","R","T","?","?","?","E","?","R","B",null,"M","?","M","?","$","R","M","R","T","M","?","?","R","M","R","B",null],"character_chosen":"IRONCLAD","items_purchased":["Feed","Feed"],"campfire_rested":0,"item_purchase_floors":[4,19],"current_hp_per_floor":[69,69,72,72,81,81,75,72,72,72,55,55,55,61,61,47,76,75,75,75,81,90,90,80,80,80,80,80,80,80,80,80,38,94,91,91,98,98,98,98,98,98,98,99,99,99,99,107,107,20],"gold":13,"neow_bonus":"HUNDRED_GOLD","is_prod":false,"is_daily":false,"chose_seed":false,"campfire_upgraded":11,"win_rate":0,"timestamp":1549753429,"path_taken":["M","?","M","$","?","R","E","?","T","R","?","R","?","M","R","BOSS","M","$","?","M","M","R","?","R","T","?","?","?","E","?","R","BOSS","M","?","M","?","?","R","M","R","T","M","?","?","R","M","R","BOSS"],"build_version":"2019-01-23","purchased_purges":3,"victory":true,"max_hp_per_floor":[80,80,80,80,83,83,86,86,86,86,86,86,86,86,86,86,86,89,89,89,95,104,104,104,104,104,104,104,104,113,113,113,113,113,113,113,122,122,122,122,122,122,122,122,122,122,122,124,124,124],"card_choices":[{"not_picked":["Burning Pact","Corruption"],"picked":"Thunderclap","floor":1},{"not_picked":["Reckless Charge","Clash","Armaments"],"picked":"SKIP","floor":3},{"not_picked":["Rupture","Entrench"],"picked":"Seeing Red","floor":5},{"not_picked":["Anger","Perfected Strike"],"picked":"Searing Blow","floor":7},{"not_picked":["Havoc","Ghostly Armor"],"picked":"Battle Trance","floor":14},{"not_picked":["Juggernaut","Demon Form"],"picked":"Offering","floor":16},{"not_picked":["Warcry","Battle Trance"],"picked":"Cleave","floor":18},{"not_picked":["Cleave","Burning Pact"],"picked":"Clothesline","floor":21},{"not_picked":["Clash","Body Slam","Perfected Strike"],"picked":"Singing Bowl","floor":22},{"not_picked":["Body Slam","Hemokinesis+1","Havoc+1"],"picked":"Singing Bowl","floor":30},{"not_picked":["Juggernaut","Exhume+1"],"picked":"Double Tap+1","floor":33},{"not_picked":["Clash","Havoc+1"],"picked":"Ghostly Armor+1","floor":35},{"not_picked":["Rampage","Twin Strike","Cleave"],"picked":"Singing Bowl","floor":37},{"not_picked":["Warcry+1","Rampage+1"],"picked":"Headbutt+1","floor":41},{"not_picked":["Combust+1","Pommel Strike+1"],"picked":"Shrug It Off+1","floor":44},{"not_picked":["Twin Strike+1","Body Slam+1","Offering+1"],"picked":"Singing Bowl","floor":48}],"player_experience":166382,"relics_obtained":[{"floor":7,"key":"War Paint"},{"floor":9,"key":"Juzu Bracelet"},{"floor":26,"key":"Du-Vu Doll"},{"floor":30,"key":"Vajra"},{"floor":43,"key":"Frozen Egg 2"}],"event_choices":[{"damage_healed":0,"gold_gain":0,"player_choice":"Rummage","damage_taken":0,"relics_obtained":["WarpedTongs"],"max_hp_gain":0,"max_hp_loss":0,"event_name":"Accursed Blacksmith","floor":2,"gold_loss":0,"cards_obtained":["Pain"]},{"damage_healed":0,"gold_gain":0,"player_choice":"Success","damage_taken":3,"relics_obtained":["Singing Bowl"],"max_hp_gain":0,"max_hp_loss":0,"event_name":"Scrap Ooze","floor":8,"gold_loss":0},{"damage_healed":0,"gold_gain":0,"player_choice":"Entered Light","damage_taken":17,"max_hp_gain":0,"max_hp_loss":0,"event_name":"Shining Light","floor":11,"gold_loss":0,"cards_upgraded":["Strike_R","Defend_R"]},{"damage_healed":0,"gold_gain":0,"player_choice":"Grow","damage_taken":0,"max_hp_gain":0,"max_hp_loss":0,"event_name":"Living Wall","floor":13,"gold_loss":0,"cards_upgraded":["Searing Blow"]},{"damage_healed":0,"gold_gain":0,"player_choice":"Paid Fearfully","damage_taken":0,"max_hp_gain":0,"max_hp_loss":0,"event_name":"Masked Bandits","floor":20,"gold_loss":40},{"damage_healed":0,"gold_gain":75,"player_choice":"Touch","damage_taken":10,"max_hp_gain":0,"max_hp_loss":0,"event_name":"FaceTrader","floor":24,"gold_loss":0},{"damage_healed":0,"gold_gain":0,"player_choice":"Gave Potion","damage_taken":0,"relics_obtained":["Toxic Egg 2"],"max_hp_gain":0,"max_hp_loss":0,"event_name":"WeMeetAgain","floor":27,"gold_loss":0},{"damage_healed":0,"gold_gain":0,"player_choice":"Inject Mutagens","damage_taken":0,"relics_obtained":["MutagenicStrength"],"max_hp_gain":0,"max_hp_loss":0,"event_name":"Drug Dealer","floor":28,"gold_loss":0},{"cards_removed":["Strike_R"],"damage_healed":0,"gold_gain":0,"player_choice":"Elegance","damage_taken":0,"max_hp_gain":0,"max_hp_loss":0,"event_name":"Back to Basics","floor":29,"gold_loss":0},{"damage_healed":0,"gold_gain":0,"player_choice":"Opened","damage_taken":0,"relics_obtained":["Lantern"],"max_hp_gain":0,"max_hp_loss":0,"event_name":"The Mausoleum","floor":31,"gold_loss":0},{"damage_healed":0,"gold_gain":0,"player_choice":"0 cards matched","damage_taken":0,"max_hp_gain":0,"max_hp_loss":0,"event_name":"Match and Keep!","floor":36,"gold_loss":0,"cards_obtained":[]},{"damage_healed":0,"gold_gain":0,"player_choice":"Bought 0 Potions","damage_taken":0,"max_hp_gain":0,"max_hp_loss":0,"event_name":"The Woman in Blue","floor":38,"gold_loss":0},{"damage_healed":0,"gold_gain":0,"player_choice":"Upgraded","damage_taken":0,"max_hp_gain":0,"max_hp_loss":0,"event_name":"Upgrade Shrine","floor":45,"gold_loss":0,"cards_upgraded":["Searing Blow"]},{"damage_healed":0,"gold_gain":0,"player_choice":"Paid","damage_taken":0,"relics_obtained":["Red Mask"],"max_hp_gain":0,"max_hp_loss":0,"event_name":"Tomb of Lord Red Mask","floor":46,"gold_loss":248}],"is_beta":false,"boss_relics":[{"not_picked":["Black Star","Tiny House"],"picked":"Empty Cage"},{"not_picked":["Fusion Hammer","Eternal Feather"],"picked":"White Beast Statue"}],"items_purged_floors":[4,19,39],"is_endless":false,"potions_floor_spawned":[1,3,7,16,21,22,35,37,41,44,48],"ascension_level":6}