{"path_per_floor":["M","?","?","M","M","E","$","R","T","E","?","R","M","E","R","B",null,"M","$","?","M","M","R","?","E","T","R","?","M","?","$","R","B",null,"M","?","?","$","?","E","$","?","T","?","E","M","M","M","R","B"],"character_chosen":"THE_SILENT","items_purchased":["Noxious Fumes","Sucker Punch","Whetstone","Footwork","Footwork"],"gold_per_floor":[110,35,35,55,72,105,2,2,2,27,0,0,17,44,44,116,116,130,80,80,97,117,117,117,151,151,151,186,204,204,8,8,86,86,101,155,155,80,80,106,33,33,33,33,68,82,101,114,114,114],"floor_reached":51,"campfire_rested":3,"playtime":3790,"item_purchase_floors":[7,7,31,38,41],"current_hp_per_floor":[59,59,52,52,52,41,41,41,41,27,27,46,46,42,42,6,51,42,42,42,37,31,51,51,26,26,47,19,21,21,21,21,1,27,27,21,29,29,29,40,40,42,42,42,42,46,43,48,48,43],"items_purged":["Strike_G","Strike_G"],"gold":114,"score":1806,"play_id":"cb345af1-957a-480e-bc50-22874ade1164","local_time":"20180611233859","is_prod":false,"is_daily":false,"chose_seed":false,"is_ascension_mode":true,"campfire_upgraded":4,"win_rate":0,"timestamp":1528753139,"campfire_choices":[{"data":"Neutralize","floor":8,"key":"SMITH"},{"floor":12,"key":"REST"},{"data":"Noxious Fumes","floor":15,"key":"SMITH"},{"floor":23,"key":"REST"},{"floor":27,"key":"REST"},{"data":"Footwork","floor":32,"key":"SMITH"},{"data":"A Thousand Cuts","floor":49,"key":"SMITH"}],"path_taken":["M","?","?","M","?","E","$","R","T","E","?","R","M","E","R","BOSS","M","$","?","M","M","R","?","E","T","R","?","M","?","$","R","BOSS","M","?","?","?","?","E","$","?","T","?","E","M","M","M","R","BOSS"],"build_version":"2018-06-07v3","seed_source_timestamp":742000531177635,"purchased_purges":2,"victory":true,"master_deck":["Defend_G","Defend_G","Defend_G","Defend_G","Defend_G","Strike_G+1","Survivor","Neutralize+1","AscendersBane","Dagger Throw","Predator","Well Laid Plans","Noxious Fumes+1","Sucker Punch+1","Dash","Footwork+1","Dash","Venomology","Backflip+1","Noxious Fumes","Backflip","Ghostly","Ghostly","Ghostly","Ghostly","Ghostly","A Thousand Cuts+1","Riddle With Holes","Footwork","Footwork","Decay","Footwork+1","Footwork","Quick Slash","Well Laid Plans+1","Phantasmal Killer"],"max_hp_per_floor":[66,66,66,66,66,66,66,66,66,66,66,66,66,66,66,66,66,68,68,68,68,68,68,68,70,70,70,70,72,36,36,36,36,36,36,38,38,38,38,40,40,42,42,42,42,46,46,48,48,48],"relics":["Ring of the Snake","Matryoshka","Juzu Bracelet","Smiling Mask","Omamori","Singing Bowl","Velvet Choker","Shuriken","Bronze Scales","Calipers","Red Mask","Whetstone","Cursed Key","Bird Faced Urn","Blood Vial","Prayer Wheel","Potion Belt","Vajra"],"card_choices":[{"not_picked":["Choke","Cloak And Dagger"],"picked":"Dagger Throw","floor":1},{"not_picked":["Dagger Spray","Poisoned Stab"],"picked":"All Out Attack","floor":4},{"not_picked":["Footwork","Calculated Gamble"],"picked":"Predator","floor":5},{"not_picked":["Endless Agony","Reflex"],"picked":"Well Laid Plans","floor":6},{"not_picked":["Escape Plan","Blur"],"picked":"Dash","floor":10},{"not_picked":["Cloak And Dagger","Slice"],"picked":"Footwork","floor":13},{"not_picked":["Bane","Escape Plan"],"picked":"Dash","floor":14},{"not_picked":["Phantasmal Killer","Corpse Explosion"],"picked":"Venomology","floor":16},{"not_picked":["Deflect","Bouncing Flask","Slice"],"picked":"Singing Bowl","floor":18},{"not_picked":["Prepared","Flying Knee"],"picked":"Backflip+1","floor":21},{"not_picked":["Flying Knee","Sucker Punch"],"picked":"Noxious Fumes","floor":22},{"not_picked":["Prepared","Endless Agony","Sucker Punch"],"picked":"Singing Bowl","floor":25},{"not_picked":["Sucker Punch","Dagger Throw"],"picked":"Backflip","floor":28},{"not_picked":["Dagger Throw","Slice","All Out Attack+1"],"picked":"Singing Bowl","floor":29},{"not_picked":["Tactician","Tools of the Trade"],"picked":"A Thousand Cuts","floor":33},{"not_picked":["Underhanded Strike","All Out Attack"],"picked":"Riddle With Holes","floor":35},{"not_picked":["Noxious Fumes+1","Dagger Spray+1","All Out Attack"],"picked":"Singing Bowl","floor":36},{"not_picked":["Grand Finale","Bouncing Flask","A Thousand Cuts"],"picked":"Singing Bowl","floor":40},{"not_picked":["Deflect+1","Leg Sweep","Reflex+1"],"picked":"Singing Bowl","floor":42},{"not_picked":["Prepared","Dash"],"picked":"Footwork","floor":45},{"not_picked":["Crippling Poison","Quick Slash","Eviscerate"],"picked":"Singing Bowl","floor":46},{"not_picked":["Crippling Poison","Bane","PiercingWail+1"],"picked":"Singing Bowl","floor":46},{"not_picked":["Backflip","Dagger Spray"],"picked":"Quick Slash","floor":47},{"not_picked":["Reflex+1","Dagger Throw"],"picked":"Well Laid Plans+1","floor":47},{"not_picked":["Quick Slash","Deadly Poison+1"],"picked":"Phantasmal Killer","floor":48},{"not_picked":["Dagger Throw","Deadly Poison","Sucker Punch+1"],"picked":"Singing Bowl","floor":48}],"player_experience":630799,"potions_floor_usage":[10,16,18,22,22,25,28,28,29,29,33,33,36,40,40,46,47,50,50,50,50],"damage_taken":[{"damage":0,"enemies":"Small Slimes","floor":1,"turns":4},{"damage":0,"enemies":"2 Louse","floor":4,"turns":2},{"damage":0,"enemies":"Jaw Worm","floor":5,"turns":4},{"damage":11,"enemies":"3 Sentries","floor":6,"turns":8},{"damage":14,"enemies":"Gremlin Nob","floor":10,"turns":4},{"damage":0,"enemies":"Large Slime","floor":13,"turns":6},{"damage":4,"enemies":"3 Sentries","floor":14,"turns":6},{"damage":36,"enemies":"The Guardian","floor":16,"turns":11},{"damage":11,"enemies":"Shell Parasite","floor":18,"turns":5},{"damage":5,"enemies":"3 Byrds","floor":21,"turns":5},{"damage":6,"enemies":"Snake Plant","floor":22,"turns":6},{"damage":27,"enemies":"Book of Stabbing","floor":25,"turns":7},{"damage":28,"floor":28,"turns":5},{"damage":0,"enemies":"Centurion and Healer","floor":29,"turns":6},{"damage":20,"enemies":"Collector","floor":33,"turns":12},{"damage":0,"enemies":"Orb Walker","floor":35,"turns":5},{"damage":8,"floor":36,"turns":6},{"damage":0,"enemies":"2 Orb Walkers","floor":40,"turns":6},{"damage":0,"floor":42,"turns":7},{"damage":0,"enemies":"Giant Head","floor":45,"turns":11},{"damage":0,"enemies":"3 Shapes","floor":46,"turns":7},{"damage":5,"enemies":"Maw","floor":47,"turns":9},{"damage":1,"enemies":"4 Shapes","floor":48,"turns":5},{"damage":5,"enemies":"Time Eater","floor":50,"turns":14}],"relics_obtained":[{"floor":6,"key":"Matryoshka"},{"floor":9,"key":"Juzu Bracelet"},{"floor":9,"key":"Smiling Mask"},{"floor":10,"key":"Omamori"},{"floor":14,"key":"Singing Bowl"},{"floor":25,"key":"Shuriken"},{"floor":26,"key":"Bronze Scales"},{"floor":26,"key":"Calipers"},{"floor":28,"key":"Red Mask"},{"floor":36,"key":"Bird Faced Urn"},{"floor":40,"key":"Blood Vial"},{"floor":42,"key":"Prayer Wheel"},{"floor":43,"key":"Potion Belt"},{"floor":45,"key":"Vajra"}],"event_choices":[{"event_name":"The Cleric","player_choice":"Card Removal","floor":2,"damage_taken":0},{"event_name":"Golden Wing","player_choice":"Card Removal","floor":3,"damage_taken":0},{"event_name":"World of Goop","player_choice":"Left","floor":11,"damage_taken":0},{"event_name":"The Mausoleum","player_choice":"No","floor":20,"damage_taken":0},{"event_name":"Forgotten Altar","player_choice":"Smashed Altar","floor":24,"damage_taken":0},{"event_name":"Masked Bandits","player_choice":"Fought over 151 gold","floor":28,"damage_taken":0},{"event_name":"Ghosts","player_choice":"Became a Ghost","floor":30,"damage_taken":0},{"event_name":"Mysterious Sphere","player_choice":"Fight","floor":36,"damage_taken":0},{"event_name":"Winding Halls","player_choice":"Writhe","floor":37,"damage_taken":0},{"event_name":"Purifier","player_choice":"One Purge","floor":39,"damage_taken":0},{"event_name":"MindBloom","player_choice":"Fight","floor":42,"damage_taken":0},{"event_name":"Duplicator","player_choice":"One dupe","floor":44,"damage_taken":0}],"boss_relics":[{"not_picked":["Lizard Tail","White Beast Statue"],"picked":"Velvet Choker"},{"not_picked":["Runic Pyramid","Sozu"],"picked":"Cursed Key"}],"items_purged_floors":[19,31],"potions_floor_spawned":[4,14,16,25,28,35,45,46,47],"seed_played":"-8266235669339961923","ascension_level":15,"potions_obtained":[{"floor":4,"key":"Energy Potion"},{"floor":14,"key":"AttackPotion"},{"floor":16,"key":"FearPotion"},{"floor":25,"key":"PowerPotion"},{"floor":28,"key":"Energy Potion"},{"floor":35,"key":"PowerPotion"},{"floor":45,"key":"FearPotion"},{"floor":46,"key":"EssenceOfSteel"},{"floor":47,"key":"EssenceOfSteel"}],"is_trial":false}