{"gold_per_floor":[18,18,33,53,73,108,108,119,119,79,42,42,42,75,75,199,199,217,241,15,39,39,83,83,118,145,159,179,0,35,35,35,154,154,169,196,529,5,17,46,46,73,73,99,24,24,36,48,48,48,48,48,24,56,56],"floor_reached":55,"playtime":3232,"items_purged":["Strike_R"],"score":1048,"play_id":"774a5d48-6bef-424a-9549-7428cbc23c9a","local_time":"20190119152716","is_ascension_mode":true,"campfire_choices":[{"data":"Disarm","floor":7,"key":"SMITH"},{"data":"Armaments","floor":15,"key":"SMITH"},{"floor":24,"key":"REST"},{"data":"Feel No Pain","floor":32,"key":"SMITH"},{"data":"Juggernaut","floor":41,"key":"SMITH"},{"floor":46,"key":"RECALL"},{"data":"Demon Form","floor":49,"key":"SMITH"},{"data":"Feel No Pain","floor":52,"key":"SMITH"}],"neow_cost":"NO_GOLD","seed_source_timestamp":771727409424900,"circlet_count":0,"master_deck":["Strike_R","Strike_R","Strike_R","Defend_R","Defend_R","Defend_R","Bash","Reaper","Burning Pact","Whirlwind","Disarm+1","Flame Barrier","Wild Strike","Spot Weakness","Armaments+1","Feel No Pain+1","Heavy Blade","Demon Form+1","Whirlwind","Heavy Blade","Rage+1","Warcry","Reaper","Corruption","Inflame","Iron Wave","Inflame","Warcry","Exhume","Juggernaut+1","Corruption","Feel No Pain+1","Entrench","Disarm+1","Spot Weakness+1","Body Slam","Disarm+1","Parasite","True Grit+1","Shrug It Off+1","Twin Strike","Anger"],"relics":["Burning Blood","Paper Frog","Torii","Peace Pipe","Runic Pyramid","Brimstone","Charon\u0027s Ashes","Gambling Chip","PreservedInsect","Juzu Bracelet","CultistMask","Snecko Eye","Red Skull","OrangePellets","Bag of Preparation","Letter Opener","Pen Nib","Regal Pillow","Shuriken"],"potions_floor_usage":[6,10,14,14,23,25,27,30,30,47,50,55,55],"damage_taken":[{"damage":6,"enemies":"Cultist","floor":1,"turns":4},{"damage":12,"enemies":"Small Slimes","floor":3,"turns":4},{"damage":16,"enemies":"Jaw Worm","floor":4,"turns":7},{"damage":13,"enemies":"Blue Slaver","floor":5,"turns":5},{"damage":56,"enemies":"Lagavulin","floor":6,"turns":9},{"damage":16,"enemies":"2 Fungi Beasts","floor":8,"turns":3},{"damage":24,"enemies":"3 Sentries","floor":14,"turns":8},{"damage":4,"enemies":"Hexaghost","floor":16,"turns":11},{"damage":2,"enemies":"3 Byrds","floor":18,"turns":5},{"damage":52,"enemies":"Spheric Guardian","floor":19,"turns":11},{"damage":17,"enemies":"3 Cultists","floor":21,"turns":3},{"damage":39,"enemies":"Book of Stabbing","floor":23,"turns":4},{"damage":42,"enemies":"Slavers","floor":25,"turns":3},{"damage":9,"enemies":"Sentry and Sphere","floor":27,"turns":4},{"damage":0,"enemies":"Snecko","floor":28,"turns":3},{"damage":45,"enemies":"Book of Stabbing","floor":30,"turns":5},{"damage":15,"enemies":"Champ","floor":33,"turns":9},{"damage":21,"enemies":"Orb Walker","floor":35,"turns":5},{"damage":13,"enemies":"3 Shapes","floor":39,"turns":5},{"damage":9,"enemies":"Giant Head","floor":40,"turns":6},{"damage":1,"enemies":"Nemesis","floor":42,"turns":5},{"damage":33,"enemies":"Giant Head","floor":44,"turns":6},{"damage":0,"enemies":"Writhing Mass","floor":47,"turns":2},{"damage":35,"enemies":"Jaw Worm Horde","floor":48,"turns":4},{"damage":91,"enemies":"Awakened One","floor":50,"turns":7},{"damage":31,"enemies":"Shield and Spear","floor":54,"turns":4},{"damage":45,"enemies":"The Heart","floor":55,"turns":3}],"seed_played":"7281922642460414158","potions_obtained":[{"floor":4,"key":"SteroidPotion"},{"floor":10,"key":"Weak Potion"},{"floor":10,"key":"Fruit Juice"},{"floor":10,"key":"Weak Potion"},{"floor":14,"key":"SneckoOil"},{"floor":18,"key":"EssenceOfSteel"},{"floor":23,"key":"Weak Potion"},{"floor":25,"key":"Energy Potion"},{"floor":27,"key":"PowerPotion"},{"floor":33,"key":"Strength Potion"},{"floor":35,"key":"Fire Potion"},{"floor":39,"key":"Poison Potion"},{"floor":47,"key":"Ancient Potion"}],"is_trial":false,"path_per_floor":["M","?","M","M","M","E","R","M","T","?","$","?","$","E","R","B",null,"M","M","$","M","?","E","R","E","T","M","M","$","E","?","R","B",null,"M","T","?","$","M","E","R","E","T","E","$","R","M","M","R","B",null,"R","$","E","B"],"character_chosen":"IRONCLAD","items_purchased":["Feel No Pain","Brimstone","Heavy Blade","Iron Wave","Inflame","Warcry","OrangePellets","Bag of Preparation","Feel No Pain","Entrench","Twin Strike"],"campfire_rested":1,"item_purchase_floors":[11,20,20,29,29,29,38,38,38,38,53],"current_hp_per_floor":[80,80,74,70,63,13,13,17,17,22,22,22,22,16,16,25,66,79,33,33,49,49,16,39,30,30,27,69,69,49,49,49,40,69,54,54,54,54,51,79,79,79,79,73,73,73,79,79,79,35,68,68,68,43,0],"gold":56,"neow_bonus":"TRANSFORM_TWO_CARDS","is_prod":false,"is_daily":false,"chose_seed":false,"campfire_upgraded":6,"win_rate":0,"timestamp":1547940436,"path_taken":["M","?","M","?","M","E","R","M","T","?","?","?","$","E","R","BOSS","M","M","$","M","?","E","R","E","T","M","M","$","E","?","R","BOSS","M","?","?","$","M","E","R","E","T","E","$","R","M","M","R","BOSS","R","$","E","BOSS"],"build_version":"2019-01-17v2","purchased_purges":1,"victory":false,"max_hp_per_floor":[80,80,80,80,80,80,80,80,80,85,85,79,79,79,79,79,79,79,79,79,79,79,79,79,79,79,79,79,79,79,79,79,79,79,79,79,79,79,79,79,79,79,79,79,79,79,79,79,79,79,79,79,79,79,79],"card_choices":[{"not_picked":["Cleave","Fire Breathing"],"picked":"Whirlwind","floor":1},{"not_picked":["Dropkick","Warcry"],"picked":"Disarm","floor":3},{"not_picked":["Fire Breathing","Infernal Blade"],"picked":"Flame Barrier","floor":4},{"not_picked":["Perfected Strike","Heavy Blade"],"picked":"Wild Strike","floor":5},{"not_picked":["Sword Boomerang","Berserk"],"picked":"Spot Weakness","floor":6},{"not_picked":["Sword Boomerang","Second Wind"],"picked":"Armaments","floor":8},{"not_picked":["Rampage","Shrug It Off"],"picked":"Heavy Blade","floor":14},{"not_picked":["Feed","Double Tap"],"picked":"Demon Form","floor":16},{"not_picked":["Intimidate","Searing Blow+1"],"picked":"Whirlwind","floor":18},{"not_picked":["Headbutt","Wild Strike","Perfected Strike"],"picked":"SKIP","floor":19},{"not_picked":["Sentinel","Havoc"],"picked":"Rage+1","floor":21},{"not_picked":["Twin Strike","Sword Boomerang"],"picked":"Warcry","floor":23},{"not_picked":["Wild Strike","Evolve"],"picked":"Reaper","floor":25},{"not_picked":["Carnage+1","Whirlwind"],"picked":"Corruption","floor":27},{"not_picked":["Dual Wield","Sword Boomerang"],"picked":"Inflame","floor":28},{"not_picked":["Battle Trance","Second Wind+1"],"picked":"Exhume","floor":30},{"not_picked":["Limit Break","Barricade"],"picked":"Juggernaut","floor":33},{"not_picked":["True Grit+1","Cleave+1"],"picked":"Corruption","floor":35},{"not_picked":["Second Wind+1","Cleave"],"picked":"Disarm+1","floor":39},{"not_picked":["Sword Boomerang","Immolate"],"picked":"Spot Weakness+1","floor":40},{"not_picked":["Heavy Blade","Burning Pact+1"],"picked":"Body Slam","floor":42},{"not_picked":["Reckless Charge+1","Rampage+1"],"picked":"Disarm+1","floor":44},{"not_picked":["Hemokinesis","Combust+1"],"picked":"True Grit+1","floor":47},{"not_picked":["Warcry","Sword Boomerang"],"picked":"Shrug It Off+1","floor":48},{"not_picked":["Evolve","Burning Pact"],"picked":"Anger","floor":54}],"player_experience":547770,"relics_obtained":[{"floor":6,"key":"Paper Frog"},{"floor":9,"key":"Torii"},{"floor":14,"key":"Peace Pipe"},{"floor":23,"key":"Charon\u0027s Ashes"},{"floor":25,"key":"Gambling Chip"},{"floor":26,"key":"PreservedInsect"},{"floor":30,"key":"Juzu Bracelet"},{"floor":36,"key":"Red Skull"},{"floor":40,"key":"Letter Opener"},{"floor":42,"key":"Pen Nib"},{"floor":44,"key":"Regal Pillow"},{"floor":54,"key":"Shuriken"}],"event_choices":[{"damage_healed":0,"gold_gain":0,"player_choice":"Ignored","damage_taken":0,"max_hp_gain":0,"max_hp_loss":0,"event_name":"WeMeetAgain","floor":2,"gold_loss":0},{"damage_healed":0,"gold_gain":0,"player_choice":"Bought 3 Potions","damage_taken":0,"max_hp_gain":0,"max_hp_loss":0,"event_name":"The Woman in Blue","floor":10,"gold_loss":0},{"damage_healed":0,"gold_gain":0,"player_choice":"Lose Max HP","damage_taken":0,"relics_obtained":["Golden Idol"],"max_hp_gain":0,"max_hp_loss":6,"event_name":"Golden Idol","floor":12,"gold_loss":0},{"damage_healed":0,"gold_gain":0,"player_choice":"Ignored","damage_taken":0,"max_hp_gain":0,"max_hp_loss":0,"event_name":"Ghosts","floor":22,"gold_loss":0},{"damage_healed":0,"gold_gain":0,"player_choice":"Trade","damage_taken":0,"relics_obtained":["CultistMask"],"max_hp_gain":0,"max_hp_loss":0,"event_name":"FaceTrader","floor":31,"gold_loss":0},{"damage_healed":0,"gold_gain":333,"player_choice":"Gave Idol","damage_taken":0,"max_hp_gain":0,"max_hp_loss":0,"event_name":"The Moai Head","floor":37,"relics_lost":["Golden Idol"],"gold_loss":0}],"is_beta":false,"boss_relics":[{"not_picked":["Lizard Tail","Fusion Hammer"],"picked":"Runic Pyramid"},{"not_picked":["Tiny House","Cursed Key"],"picked":"Snecko Eye"}],"items_purged_floors":[45],"is_endless":false,"potions_floor_spawned":[4,14,18,23,25,27,33,35,39,47],"killed_by":"The Heart","ascension_level":5}