{"gold_per_floor":[112,112,129,147,73,107,124,49,49,59,59,76,94,111,111,111],"floor_reached":16,"playtime":511,"items_purged":["Strike_R"],"score":111,"play_id":"c7c591bc-7789-4af1-9fd4-d9de2047d90e","local_time":"20181001151901","is_ascension_mode":true,"campfire_choices":[{"floor":11,"key":"REST"},{"data":"Offering","floor":15,"key":"SMITH"}],"neow_cost":"PERCENT_DAMAGE","seed_source_timestamp":1458532783881025,"circlet_count":0,"master_deck":["Strike_R","Strike_R","Strike_R","Defend_R","Defend_R","Defend_R","Bash","Dropkick","Offering+1"],"relics":["Burning Blood","Dodecahedron"],"potions_floor_usage":[16,16],"damage_taken":[{"damage":5,"enemies":"Jaw Worm","floor":1,"turns":4},{"damage":6,"enemies":"Cultist","floor":3,"turns":3},{"damage":5,"enemies":"2 Louse","floor":4,"turns":3},{"damage":36,"enemies":"Lagavulin","floor":6,"turns":5},{"damage":11,"enemies":"Looter","floor":7,"turns":3},{"damage":17,"enemies":"Exordium Wildlife","floor":10,"turns":5},{"damage":15,"enemies":"Blue Slaver","floor":12,"turns":3},{"damage":9,"enemies":"Red Slaver","floor":13,"turns":2},{"damage":6,"enemies":"Exordium Wildlife","floor":14,"turns":3},{"damage":6,"enemies":"Hexaghost","floor":16,"turns":1}],"seed_played":"-3240494674958264930","potions_obtained":[{"floor":3,"key":"FearPotion"},{"floor":4,"key":"Explosive Potion"},{"floor":6,"key":"GamblersBrew"}],"is_trial":false,"path_per_floor":["M","?","M","M","$","E","M","$","T","M","R","M","M","M","R"],"character_chosen":"IRONCLAD","items_purchased":["Dropkick"],"campfire_rested":1,"item_purchase_floors":[5],"current_hp_per_floor":[57,57,57,58,58,28,23,23,23,12,36,27,24,24,24,18],"gold":111,"neow_bonus":"REMOVE_TWO","is_prod":false,"is_daily":false,"chose_seed":false,"campfire_upgraded":1,"win_rate":0,"timestamp":1538421541,"path_taken":["M","?","M","M","$","E","M","$","T","M","R","M","M","M","R","BOSS"],"build_version":"2018-09-27","purchased_purges":1,"victory":false,"max_hp_per_floor":[80,80,80,80,80,80,80,80,80,80,80,80,80,80,80,80],"card_choices":[{"not_picked":["Cleave","Pommel Strike","Burning Pact"],"picked":"SKIP","floor":1},{"not_picked":["Sever Soul","Warcry","Armaments"],"picked":"SKIP","floor":3},{"not_picked":["Sword Boomerang","Thunderclap","Body Slam"],"picked":"SKIP","floor":4},{"not_picked":["Shockwave","Impervious"],"picked":"Offering","floor":6},{"not_picked":["Clash","Rupture","Shockwave"],"picked":"SKIP","floor":7},{"not_picked":["Thunderclap","Shockwave","Reckless Charge"],"picked":"SKIP","floor":10},{"not_picked":["Twin Strike","Evolve","Seeing Red"],"picked":"SKIP","floor":12},{"not_picked":["Twin Strike","Evolve","Seeing Red"],"picked":"SKIP","floor":12},{"not_picked":["Feel No Pain","Wild Strike","Sword Boomerang"],"picked":"SKIP","floor":13},{"not_picked":["Sever Soul","Havoc","Wild Strike"],"picked":"SKIP","floor":14}],"player_experience":296079,"relics_obtained":[{"floor":6,"key":"Dodecahedron"}],"event_choices":[{"event_name":"The Woman in Blue","player_choice":"Bought 0 Potions","floor":2,"damage_taken":0}],"is_beta":false,"boss_relics":[],"items_purged_floors":[8],"is_endless":false,"potions_floor_spawned":[3,4,6],"killed_by":"Hexaghost","ascension_level":1}