{"gold_per_floor":[168,243,36,53,67,97,108,108,134,167,167,167,167,187,187,187],"floor_reached":16,"playtime":725,"items_purged":[],"score":110,"play_id":"1fc19b1f-cc3f-4077-a900-842f8ab02fae","local_time":"20180817163105","is_ascension_mode":false,"campfire_choices":[{"data":"Mayhem","floor":8,"key":"SMITH"},{"data":"Blade Dance","floor":11,"key":"SMITH"},{"data":"Backstab","floor":15,"key":"SMITH"}],"neow_cost":"NONE","seed_source_timestamp":133751652687196,"circlet_count":0,"master_deck":["Defend_G","Defend_G","Defend_G","Defend_G","Defend_G","Strike_G","Strike_G","Strike_G","Strike_G","Survivor","Neutralize+1","Blade Dance+1","Mayhem+1","Quick Slash","Backstab+1","Deflect","Prepared","Blade Dance"],"relics":["Tiny House","Strawberry","Centennial Puzzle","Orichalcum"],"potions_floor_usage":[6,14],"damage_taken":[{"damage":10,"enemies":"Jaw Worm","floor":1,"turns":4},{"damage":4,"enemies":"2 Louse","floor":4,"turns":4},{"damage":0,"enemies":"Small Slimes","floor":5,"turns":4},{"damage":20,"enemies":"Gremlin Nob","floor":6,"turns":5},{"damage":7,"enemies":"Exordium Wildlife","floor":7,"turns":4},{"damage":17,"enemies":"3 Sentries","floor":10,"turns":11},{"damage":0,"enemies":"Lots of Slimes","floor":14,"turns":4},{"damage":8,"enemies":"Hexaghost","floor":16,"turns":9}],"seed_played":"8966637160392329281","potions_obtained":[{"floor":0,"key":"Poison Potion"},{"floor":6,"key":"Dexterity Potion"},{"floor":7,"key":"FearPotion"}],"is_trial":false,"path_per_floor":["M","?","$","M","M","E","M","R","T","E","R","?","?","M","R"],"character_chosen":"THE_SILENT","items_purchased":["Mayhem"],"campfire_rested":0,"item_purchase_floors":[3],"current_hp_per_floor":[65,54,54,50,50,37,30,30,30,13,13,6,6,6,6,0],"gold":187,"neow_bonus":"BOSS_RELIC","is_prod":false,"is_daily":false,"chose_seed":false,"campfire_upgraded":3,"win_rate":0,"timestamp":1534537865,"path_taken":["M","?","$","M","M","E","M","R","T","E","R","?","?","M","R","BOSS"],"build_version":"2018-08-16","purchased_purges":0,"victory":false,"max_hp_per_floor":[75,75,75,75,75,82,82,82,82,82,82,82,82,82,82,82],"card_choices":[{"not_picked":["PiercingWail","Bane"],"picked":"Blade Dance","floor":0},{"not_picked":["Dagger Spray","Leg Sweep","Underhanded Strike"],"picked":"SKIP","floor":1},{"not_picked":["Dagger Spray","Eviscerate"],"picked":"Quick Slash","floor":4},{"not_picked":["Sucker Punch","Dash","Noxious Fumes"],"picked":"SKIP","floor":5},{"not_picked":["Noxious Fumes","Underhanded Strike"],"picked":"Backstab","floor":6},{"not_picked":["Underhanded Strike","Deadly Poison"],"picked":"Deflect","floor":7},{"not_picked":["Outmaneuver","Blur"],"picked":"Prepared","floor":10},{"not_picked":["Dodge and Roll","Dagger Spray"],"picked":"Blade Dance","floor":14}],"player_experience":74762,"relics_obtained":[{"floor":6,"key":"Strawberry"},{"floor":9,"key":"Centennial Puzzle"},{"floor":10,"key":"Orichalcum"}],"event_choices":[{"event_name":"World of Goop","player_choice":"Gather Gold","floor":2,"damage_taken":0},{"event_name":"Golden Wing","player_choice":"Card Removal","floor":12,"damage_taken":0},{"event_name":"Liars Game","player_choice":"disagreed","floor":13,"damage_taken":0}],"is_beta":false,"boss_relics":[],"items_purged_floors":[],"is_endless":false,"potions_floor_spawned":[6,7],"killed_by":"Hexaghost","ascension_level":0}