{"gold_per_floor":[119,194,209,12,12,12,47,47,74,101,119,131,144,164,164,236,236,251,251,251],"floor_reached":20,"playtime":924,"items_purged":["Strike_B"],"score":304,"play_id":"ec7fa6eb-96a2-4b3c-9eeb-8c73741da0e9","local_time":"20181114000610","is_ascension_mode":true,"campfire_choices":[{"data":"Defragment","floor":6,"key":"SMITH"},{"floor":8,"key":"REST"},{"floor":15,"key":"REST"}],"neow_cost":"PERCENT_DAMAGE","seed_source_timestamp":279171709843665,"circlet_count":0,"master_deck":["AscendersBane","Strike_B","Strike_B","Defend_B","Defend_B","Defend_B","Defend_B","Zap","Dualcast","Gash","Consume","Defragment+1","Leap","Hologram","Turbo","Buffer","Go for the Eyes","Auto Shields","Turbo","Cold Snap","Seek","Ball Lightning+1"],"relics":["Cracked Core","StoneCalendar","Dead Branch","PreservedInsect","Mummified Hand","Snecko Eye"],"potions_floor_usage":[12,14,18],"damage_taken":[{"damage":0,"enemies":"Jaw Worm","floor":1,"turns":3},{"damage":9,"enemies":"2 Louse","floor":3,"turns":3},{"damage":24,"enemies":"Lagavulin","floor":7,"turns":7},{"damage":12,"enemies":"Gremlin Nob","floor":10,"turns":3},{"damage":1,"enemies":"Cultist","floor":11,"turns":3},{"damage":0,"enemies":"Large Slime","floor":12,"turns":5},{"damage":0,"enemies":"2 Fungi Beasts","floor":13,"turns":3},{"damage":0,"enemies":"Exordium Wildlife","floor":14,"turns":5},{"damage":1,"enemies":"Slime Boss","floor":16,"turns":7},{"damage":39,"enemies":"2 Thieves","floor":18,"turns":4},{"damage":18,"enemies":"Colosseum Slavers","floor":20,"turns":3}],"seed_played":"-6276036734964225870","potions_obtained":[{"floor":3,"key":"Strength Potion"},{"floor":7,"key":"Explosive Potion"},{"floor":10,"key":"AttackPotion"},{"floor":11,"key":"SkillPotion"},{"floor":14,"key":"Strength Potion"},{"floor":18,"key":"Fruit Juice"}],"is_trial":false,"path_per_floor":["M","?","M","$","?","R","E","R","T","E","M","M","M","M","R","B",null,"M","?","?"],"character_chosen":"DEFECT","items_purchased":["Defragment","Leap"],"campfire_rested":2,"item_purchase_floors":[4,4],"current_hp_per_floor":[50,39,30,30,30,30,6,28,28,16,15,15,15,15,37,36,65,31,16,0],"gold":251,"neow_bonus":"ONE_RARE_RELIC","is_prod":false,"is_daily":false,"chose_seed":false,"campfire_upgraded":1,"win_rate":0,"timestamp":1542182770,"path_taken":["M","?","M","$","?","R","E","R","T","E","?","M","M","M","R","BOSS","M","?","?"],"build_version":"2018-11-08","purchased_purges":1,"victory":false,"max_hp_per_floor":[75,75,75,75,75,75,75,75,75,75,75,75,75,75,75,75,75,80,85,85],"card_choices":[{"not_picked":["Turbo","Conserve Battery"],"picked":"Gash","floor":1},{"not_picked":["Steam Power","Compile Driver"],"picked":"Consume","floor":3},{"not_picked":["Static Discharge","Beam Cell"],"picked":"Turbo","floor":7},{"not_picked":["Barrage","Gash"],"picked":"Buffer","floor":10},{"not_picked":["Lockon","Recycle"],"picked":"Go for the Eyes","floor":11},{"not_picked":["Darkness","Redo"],"picked":"Auto Shields","floor":12},{"not_picked":["Rebound","Rip and Tear"],"picked":"Turbo","floor":13},{"not_picked":["Steam","Leap"],"picked":"Cold Snap","floor":14},{"not_picked":["Fission","Reboot"],"picked":"Seek","floor":16},{"not_picked":["Tempest","Turbo"],"picked":"Ball Lightning+1","floor":18}],"player_experience":407028,"relics_obtained":[{"floor":7,"key":"Dead Branch"},{"floor":9,"key":"PreservedInsect"},{"floor":10,"key":"Mummified Hand"}],"event_choices":[{"damage_healed":0,"gold_gain":75,"player_choice":"Gather Gold","damage_taken":11,"max_hp_gain":0,"max_hp_loss":0,"event_name":"World of Goop","floor":2,"gold_loss":0},{"damage_healed":0,"gold_gain":0,"cards_transformed":["Strike_B"],"player_choice":"Transformed","damage_taken":0,"max_hp_gain":0,"max_hp_loss":0,"event_name":"Transmorgrifier","floor":5,"gold_loss":0,"cards_obtained":["Hologram"]},{"damage_healed":0,"gold_gain":0,"player_choice":"Shed Blood","damage_taken":20,"max_hp_gain":5,"max_hp_loss":0,"event_name":"Forgotten Altar","floor":19,"gold_loss":0},{"damage_healed":0,"gold_gain":0,"player_choice":"Fight","damage_taken":0,"max_hp_gain":0,"max_hp_loss":0,"event_name":"Colosseum","floor":20,"gold_loss":0}],"is_beta":false,"boss_relics":[{"not_picked":["Tiny House","Astrolabe"],"picked":"Snecko Eye"}],"items_purged_floors":[4],"is_endless":false,"potions_floor_spawned":[3,7,10,11,14,18],"killed_by":"Colosseum Slavers","ascension_level":13}