{"path_per_floor":["M","?","T","?","M","E","R","E","T","R","M","$","M","E","R","B",null,"M","$","M","M","M"],"character_chosen":"THE_SILENT","items_purchased":["Molten Egg 2"],"gold_per_floor":[111,111,111,111,123,156,156,189,189,189,203,153,166,199,199,296,296,268,17,34,53,63,63],"floor_reached":23,"campfire_rested":0,"playtime":2014,"item_purchase_floors":[19],"current_hp_per_floor":[70,56,56,49,49,47,47,39,39,39,39,39,39,38,38,35,70,57,57,59,45,45,0],"items_purged":["Defend_G"],"gold":63,"score":211,"play_id":"3a6797b8-0983-4495-8811-b890c9c48233","local_time":"20180617071247","is_prod":false,"is_daily":false,"chose_seed":false,"is_ascension_mode":false,"campfire_upgraded":3,"win_rate":0,"timestamp":1529244767,"campfire_choices":[{"data":"Choke","floor":7,"key":"SMITH"},{"data":"Outmaneuver","floor":10,"key":"SMITH"},{"data":"Cloak And Dagger","floor":15,"key":"SMITH"}],"path_taken":["M","?","?","?","M","E","R","E","T","R","M","?","M","E","R","BOSS","M","$","M","M","M","E"],"build_version":"2018-06-14v2","seed_source_timestamp":446212560273163,"purchased_purges":1,"victory":false,"master_deck":["Defend_G","Defend_G","Defend_G","Defend_G","Strike_G","Strike_G","Strike_G+1","Strike_G","Survivor+1","Neutralize+1","Heel Hook","Prepared","Choke+1","Outmaneuver+1","Footwork","Cloak And Dagger+1","Caltrops","After Image","Pain","Injury","Doubt","Dagger Spray+1","Outmaneuver+1","Dagger Spray+1","Choke+1"],"max_hp_per_floor":[70,70,70,70,70,70,70,70,70,70,70,70,70,70,70,70,70,70,70,70,70,70,70],"relics":["Ring of the Snake","Shuriken","Meat on the Bone","Smiling Mask","Torii","Bird Faced Urn","Calling Bell","Boot","Darkstone Periapt","Calipers","Molten Egg 2"],"card_choices":[{"not_picked":["Cloak And Dagger","Deflect"],"picked":"Heel Hook","floor":1},{"not_picked":["PiercingWail","Underhanded Strike"],"picked":"Prepared","floor":5},{"not_picked":["Quick Slash","Dash"],"picked":"Choke","floor":6},{"not_picked":["Acrobatics","Flechettes"],"picked":"Outmaneuver","floor":8},{"not_picked":["Dodge and Roll","Deadly Poison"],"picked":"Footwork","floor":11},{"not_picked":["Choke","PiercingWail"],"picked":"Cloak And Dagger","floor":13},{"not_picked":["Dagger Spray","Sucker Punch"],"picked":"Caltrops","floor":14},{"not_picked":["Tools of the Trade","Phantasmal Killer"],"picked":"After Image","floor":16},{"not_picked":["Dagger Throw","Acrobatics"],"picked":"Dagger Spray+1","floor":18},{"not_picked":["Deflect+1","Quick Slash+1"],"picked":"Outmaneuver+1","floor":20},{"not_picked":["Poisoned Stab+1","Well Laid Plans"],"picked":"Dagger Spray+1","floor":21},{"not_picked":["Deflect","Cloak And Dagger"],"picked":"Choke+1","floor":22}],"player_experience":82827,"potions_floor_usage":[16,21,22,23,23],"damage_taken":[{"damage":0,"enemies":"Jaw Worm","floor":1,"turns":5},{"damage":0,"enemies":"Small Slimes","floor":5,"turns":4},{"damage":2,"enemies":"Gremlin Nob","floor":6,"turns":4},{"damage":20,"enemies":"3 Sentries","floor":8,"turns":9},{"damage":0,"enemies":"Cultist","floor":11,"turns":4},{"damage":0,"enemies":"Exordium Wildlife","floor":13,"turns":2},{"damage":1,"enemies":"Gremlin Nob","floor":14,"turns":4},{"damage":19,"enemies":"Slime Boss","floor":16,"turns":11},{"damage":17,"enemies":"2 Thieves","floor":18,"turns":5},{"damage":4,"enemies":"Shell Parasite","floor":20,"turns":4},{"damage":32,"enemies":"3 Cultists","floor":21,"turns":8},{"damage":18,"enemies":"Centurion and Healer","floor":22,"turns":9},{"damage":58,"enemies":"Slavers","floor":23,"turns":3}],"relics_obtained":[{"floor":3,"key":"Shuriken"},{"floor":6,"key":"Meat on the Bone"},{"floor":8,"key":"Smiling Mask"},{"floor":9,"key":"Torii"},{"floor":14,"key":"Bird Faced Urn"},{"floor":17,"key":"Boot"},{"floor":17,"key":"Darkstone Periapt"},{"floor":17,"key":"Calipers"}],"event_choices":[{"event_name":"Shining Light","player_choice":"Entered Light","floor":2,"damage_taken":0},{"event_name":"Golden Wing","player_choice":"Card Removal","floor":4,"damage_taken":0}],"boss_relics":[{"not_picked":["Ectoplasm","White Beast Statue"],"picked":"Calling Bell"}],"items_purged_floors":[12],"is_endless":false,"potions_floor_spawned":[1,13,16,21,22],"seed_played":"3676788574462475957","killed_by":"Slavers","ascension_level":0,"potions_obtained":[{"floor":1,"key":"Weak Potion"},{"floor":13,"key":"Dexterity Potion"},{"floor":16,"key":"AttackPotion"},{"floor":21,"key":"Block Potion"},{"floor":22,"key":"Swift Potion"}],"is_trial":false}