{"gold_per_floor":[111,129,129,148,148,148,17,47,100,127,127,137,147,180,180,256,256,269,239,13,13,13,13],"floor_reached":23,"playtime":1110,"items_purged":[],"score":366,"play_id":"620bcc21-380b-424b-8253-844dbe17d379","local_time":"20180710235215","is_ascension_mode":true,"campfire_choices":[{"floor":11,"key":"REST"},{"data":"Skewer","floor":15,"key":"SMITH"}],"neow_cost":"NONE","seed_source_timestamp":168760716927139,"circlet_count":0,"master_deck":["Defend_G","Defend_G","Defend_G+1","Defend_G","Defend_G","Strike_G+1","Strike_G","Strike_G","Strike_G","Survivor+1","Neutralize+1","AscendersBane","Flying Knee","Deadly Poison","Dagger Spray","Infinite Blades","Dagger Throw+1","Skewer+1","Leg Sweep","Footwork","Wraith Form v2","After Image","Dodge and Roll","Cloak And Dagger","Footwork"],"relics":["Ring of the Snake","Whetstone","Dream Catcher","War Paint","Bag of Preparation","Fusion Hammer","Centennial Puzzle","Nilry\u0027s Codex"],"potions_floor_usage":[8,10,14,16,23],"damage_taken":[{"damage":1,"enemies":"2 Louse","floor":1,"turns":3},{"damage":1,"enemies":"Cultist","floor":2,"turns":4},{"damage":7,"enemies":"Jaw Worm","floor":4,"turns":4},{"damage":5,"enemies":"3 Sentries","floor":8,"turns":6},{"damage":13,"enemies":"Lagavulin","floor":10,"turns":6},{"damage":4,"enemies":"Looter","floor":12,"turns":4},{"damage":1,"enemies":"2 Fungi Beasts","floor":13,"turns":4},{"damage":6,"enemies":"Gremlin Nob","floor":14,"turns":3},{"damage":42,"enemies":"Slime Boss","floor":16,"turns":11},{"damage":14,"enemies":"Chosen","floor":18,"turns":5},{"damage":1,"enemies":"2 Thieves","floor":19,"turns":5},{"damage":23,"enemies":"Slavers","floor":23,"turns":4}],"seed_played":"1490665542853579388","potions_obtained":[{"floor":1,"key":"LiquidBronze"},{"floor":3,"key":"Explosive Potion"},{"floor":4,"key":"Dexterity Potion"},{"floor":13,"key":"Strength Potion"},{"floor":14,"key":"GamblersBrew"},{"floor":16,"key":"SteroidPotion"}],"is_trial":false,"path_per_floor":["M","M","?","M","?","?","$","E","T","E","R","M","M","E","R","B",null,"M","M","$","?","?"],"character_chosen":"THE_SILENT","items_purchased":["Infinite Blades","Dagger Throw","Footwork","Centennial Puzzle"],"campfire_rested":1,"item_purchase_floors":[7,7,20,20],"current_hp_per_floor":[64,63,63,56,56,56,56,51,51,38,59,55,54,48,48,6,56,42,41,41,20,20,0],"gold":13,"neow_bonus":"TEN_PERCENT_HP_BONUS","is_prod":false,"is_daily":false,"chose_seed":false,"campfire_upgraded":1,"win_rate":0,"timestamp":1531259535,"path_taken":["M","M","?","M","?","?","$","E","T","E","R","M","M","E","R","BOSS","M","M","$","?","?","E"],"build_version":"2018-07-05","purchased_purges":0,"victory":false,"max_hp_per_floor":[72,72,72,72,72,72,72,72,72,72,72,72,72,72,72,72,72,72,72,72,72,72,72],"card_choices":[{"not_picked":["Escape Plan","Outmaneuver"],"picked":"Flying Knee","floor":1},{"not_picked":["Heel Hook","Distraction"],"picked":"Deadly Poison","floor":2},{"not_picked":["Underhanded Strike","Malaise"],"picked":"Dagger Spray","floor":4},{"not_picked":["Dodge and Roll","Acrobatics"],"picked":"Skewer","floor":8},{"not_picked":["Blade Dance","Acrobatics"],"picked":"Leg Sweep","floor":10},{"not_picked":["Prepared","Dagger Spray"],"picked":"Footwork","floor":11},{"not_picked":["Riddle With Holes","Slice","Sucker Punch"],"picked":"SKIP","floor":12},{"not_picked":["Blade Dance","Concentrate","Flying Knee"],"picked":"SKIP","floor":13},{"not_picked":["Flying Knee","Sucker Punch"],"picked":"Wraith Form v2","floor":14},{"not_picked":["Tactician","Grand Finale"],"picked":"After Image","floor":16},{"not_picked":["Deflect","Crippling Poison"],"picked":"Dodge and Roll","floor":18},{"not_picked":["Expertise","Infinite Blades"],"picked":"Cloak And Dagger","floor":19}],"player_experience":804579,"relics_obtained":[{"floor":8,"key":"Whetstone"},{"floor":9,"key":"Dream Catcher"},{"floor":10,"key":"War Paint"},{"floor":14,"key":"Bag of Preparation"},{"floor":21,"key":"Nilry\u0027s Codex"}],"event_choices":[{"event_name":"The Lab","player_choice":"Got Potions","floor":3,"damage_taken":0},{"event_name":"Shining Light","player_choice":"Ignored","floor":5,"damage_taken":0},{"event_name":"Accursed Blacksmith","player_choice":"Forge","floor":6,"damage_taken":0},{"event_name":"Cursed Tome","player_choice":"Obtained Book","floor":21,"damage_taken":0},{"event_name":"Purifier","player_choice":"One Purge","floor":22,"damage_taken":0}],"boss_relics":[{"not_picked":["Pandora\u0027s Box","Ectoplasm"],"picked":"Fusion Hammer"}],"items_purged_floors":[],"is_endless":false,"potions_floor_spawned":[1,4,13,14,16],"killed_by":"Slavers","ascension_level":15}