{"gold_per_floor":[116,132,132,144,30,60,80,80,80,114,114,134,152,168,168,241,241,252,263,10,29,29,29,55,71,94,94],"floor_reached":27,"playtime":961,"items_purged":["Sunder"],"score":432,"play_id":"65881404-d160-425b-8332-5c45258f6653","local_time":"20181025211028","is_ascension_mode":true,"campfire_choices":[{"data":"Defragment","floor":8,"key":"SMITH"},{"floor":11,"key":"REST"},{"floor":15,"key":"REST"},{"data":"Loop","floor":23,"key":"SMITH"}],"neow_cost":"NONE","seed_source_timestamp":513748433221353,"circlet_count":0,"master_deck":["Strike_B","Strike_B","Defend_B","Defend_B","Defend_B","Defend_B","Zap+1","Dualcast","AscendersBane","Go for the Eyes","Cold Snap","Capacitor","Auto Shields","Defragment+1","Lockon+1","Coolheaded","Go for the Eyes+1","Conserve Battery","Electrodynamics","Hologram+1","Defragment+1","Loop+1","Cold Snap+1"],"relics":["Cracked Core","Molten Egg 2","Shovel","Unceasing Top","Empty Cage","Calipers","Bag of Marbles"],"potions_floor_usage":[6,18,20,21,24],"damage_taken":[{"damage":1,"enemies":"Cultist","floor":1,"turns":4},{"damage":3,"enemies":"Small Slimes","floor":2,"turns":4},{"damage":7,"enemies":"Jaw Worm","floor":4,"turns":4},{"damage":15,"enemies":"3 Sentries","floor":6,"turns":8},{"damage":5,"enemies":"Exordium Wildlife","floor":7,"turns":4},{"damage":32,"enemies":"Gremlin Nob","floor":10,"turns":5},{"damage":8,"enemies":"3 Louse","floor":12,"turns":3},{"damage":1,"enemies":"Blue Slaver","floor":13,"turns":2},{"damage":14,"enemies":"Lots of Slimes","floor":14,"turns":5},{"damage":5,"enemies":"Hexaghost","floor":16,"turns":11},{"damage":8,"enemies":"Chosen","floor":18,"turns":4},{"damage":17,"enemies":"Spheric Guardian","floor":19,"turns":4},{"damage":10,"enemies":"Shelled Parasite and Fungi","floor":21,"turns":5},{"damage":6,"enemies":"Book of Stabbing","floor":24,"turns":7},{"damage":12,"enemies":"Snecko","floor":25,"turns":4},{"damage":32,"enemies":"Gremlin Leader","floor":27,"turns":6}],"seed_played":"-3114852127176846173","potions_obtained":[{"floor":1,"key":"SteroidPotion"},{"floor":4,"key":"PowerPotion"},{"floor":7,"key":"SneckoOil"},{"floor":12,"key":"Weak Potion"},{"floor":18,"key":"Fruit Juice"},{"floor":21,"key":"Weak Potion"},{"floor":24,"key":"Weak Potion"}],"is_trial":false,"path_per_floor":["M","M","?","M","$","E","M","R","T","E","R","M","M","M","R","B",null,"M","M","$","M","$","R","E","M","T"],"character_chosen":"DEFECT","items_purchased":["Capacitor","Auto Shields","Fruit Juice","Loop"],"campfire_rested":2,"item_purchase_floors":[5,5,20,20],"current_hp_per_floor":[70,67,67,60,60,45,40,40,40,8,31,23,22,8,31,26,65,62,45,50,40,40,40,34,22,22,0],"gold":94,"neow_bonus":"TEN_PERCENT_HP_BONUS","is_prod":false,"is_daily":false,"chose_seed":false,"campfire_upgraded":2,"win_rate":0,"timestamp":1540469428,"path_taken":["M","M","?","M","$","E","M","R","T","E","R","M","M","?","R","BOSS","M","M","$","M","$","R","E","M","T","E"],"build_version":"2018-10-18","purchased_purges":1,"victory":false,"max_hp_per_floor":[78,78,78,78,78,78,78,78,78,78,78,78,78,78,78,78,78,83,83,88,88,88,88,88,88,88,88],"card_choices":[{"not_picked":["Blizzard","Scrape"],"picked":"Go for the Eyes","floor":1},{"not_picked":["FTL","Turbo"],"picked":"Cold Snap","floor":2},{"not_picked":["White Noise","Steam Power"],"picked":"Sunder","floor":4},{"not_picked":["Compile Driver","Ball Lightning"],"picked":"Defragment","floor":6},{"not_picked":["Fusion","Sweeping Beam+1"],"picked":"Lockon+1","floor":7},{"not_picked":["Redo","Skim"],"picked":"Coolheaded","floor":10},{"not_picked":["Leap","Beam Cell+1"],"picked":"Go for the Eyes+1","floor":12},{"not_picked":["Beam Cell+1","Auto Shields"],"picked":"Conserve Battery","floor":13},{"not_picked":["Conserve Battery","Redo","Sweeping Beam+1"],"picked":"SKIP","floor":14},{"not_picked":["Fission","All For One+1"],"picked":"Electrodynamics","floor":16},{"not_picked":["Steam","Turbo"],"picked":"Hologram+1","floor":18},{"not_picked":["Aggregate","Leap+1"],"picked":"Defragment+1","floor":19},{"not_picked":["Tempest+1","Go for the Eyes+1","Amplify"],"picked":"SKIP","floor":21},{"not_picked":["Redo","Beam Cell+1","Leap"],"picked":"SKIP","floor":24},{"not_picked":["Hologram","Redo"],"picked":"Cold Snap+1","floor":25}],"player_experience":724032,"relics_obtained":[{"floor":6,"key":"Molten Egg 2"},{"floor":9,"key":"Shovel"},{"floor":10,"key":"Unceasing Top"},{"floor":24,"key":"Calipers"},{"floor":26,"key":"Bag of Marbles"}],"event_choices":[{"damage_healed":0,"gold_gain":0,"player_choice":"Upgraded","damage_taken":0,"max_hp_gain":0,"max_hp_loss":0,"event_name":"Upgrade Shrine","floor":3,"gold_loss":0,"cards_upgraded":["Zap"]}],"is_beta":false,"boss_relics":[{"not_picked":["Tiny House","Lizard Tail"],"picked":"Empty Cage"}],"items_purged_floors":[20],"is_endless":false,"potions_floor_spawned":[1,4,7,10,12,18,21,24],"killed_by":"Gremlin Leader","ascension_level":15}