{"gold_per_floor":[115,44,61,80,80,80,113,113,113,388,377,397,416,446,446,566,566,591,591],"floor_reached":19,"playtime":743,"items_purged":[],"score":186,"play_id":"7282cc79-0933-4be0-99f7-a852f125a202","local_time":"20190214190544","is_ascension_mode":true,"campfire_choices":[{"data":"Noxious Fumes","floor":6,"key":"SMITH"},{"data":"Caltrops","floor":8,"key":"SMITH"},{"floor":15,"key":"REST"}],"neow_cost":"NONE","seed_source_timestamp":204532425691,"circlet_count":0,"master_deck":["Defend_G","Defend_G","Defend_G","Defend_G","Defend_G","Strike_G","Strike_G","Strike_G","Strike_G","Strike_G","Survivor","Neutralize","Noxious Fumes+1","Caltrops+1","Bane","Deadly Poison","All Out Attack","Regret","Crippling Poison","Blur","Flying Knee","Envenom","Parasite","Shame","Doubt","Dagger Throw"],"relics":["Lizard Tail","Golden Idol","Pantograph","Lantern","Tiny Chest","Calling Bell","Pocketwatch","Pear","Boot"],"potions_floor_usage":[13],"damage_taken":[{"damage":0,"enemies":"Cultist","floor":1,"turns":4},{"damage":4,"enemies":"Jaw Worm","floor":3,"turns":5},{"damage":3,"enemies":"2 Louse","floor":4,"turns":3},{"damage":25,"enemies":"Lagavulin","floor":7,"turns":7},{"damage":26,"enemies":"Exordium Thugs","floor":11,"turns":5},{"damage":10,"enemies":"Red Slaver","floor":12,"turns":4},{"damage":18,"enemies":"Exordium Wildlife","floor":13,"turns":4},{"damage":42,"enemies":"The Guardian","floor":16,"turns":9},{"damage":42,"enemies":"2 Thieves","floor":18,"turns":4},{"damage":34,"enemies":"Spheric Guardian","floor":19,"turns":5}],"seed_played":"6455422028051361544","potions_obtained":[{"floor":1,"key":"Ancient Potion"},{"floor":12,"key":"GamblersBrew"},{"floor":13,"key":"LiquidBronze"}],"is_trial":false,"path_per_floor":["M","$","M","M","?","R","E","R","T","?","M","M","M","T","R","B",null,"M","M"],"character_chosen":"THE_SILENT","items_purchased":["Caltrops"],"campfire_rested":1,"item_purchase_floors":[2],"current_hp_per_floor":[70,70,66,63,63,63,38,38,38,38,12,2,17,17,36,19,75,33,0],"gold":591,"neow_bonus":"BOSS_RELIC","is_prod":false,"is_daily":false,"chose_seed":false,"campfire_upgraded":2,"win_rate":0,"timestamp":1550189144,"path_taken":["M","$","?","M","?","R","E","R","T","?","M","?","M","?","R","BOSS","M","M"],"build_version":"2019-01-23","purchased_purges":0,"victory":false,"max_hp_per_floor":[70,70,70,70,65,65,65,65,65,65,65,65,65,65,65,65,75,75,75],"card_choices":[{"not_picked":["Backstab","PiercingWail"],"picked":"Noxious Fumes","floor":1},{"not_picked":["Deflect","Flying Knee"],"picked":"Bane","floor":3},{"not_picked":["Flechettes","Outmaneuver"],"picked":"Deadly Poison","floor":4},{"not_picked":["Well Laid Plans","Sucker Punch"],"picked":"All Out Attack","floor":7},{"not_picked":["Sucker Punch","Slice"],"picked":"Crippling Poison","floor":11},{"not_picked":["Dagger Throw","Acrobatics"],"picked":"Blur","floor":12},{"not_picked":["Cloak And Dagger","Blade Dance"],"picked":"Flying Knee","floor":13},{"not_picked":["Doppelganger","Bullet Time"],"picked":"Envenom","floor":16},{"not_picked":["Deadly Poison","Endless Agony"],"picked":"Dagger Throw","floor":18}],"player_experience":185486,"relics_obtained":[{"floor":7,"key":"Pantograph"},{"floor":9,"key":"Lantern"},{"floor":14,"key":"Tiny Chest"},{"floor":17,"key":"Pocketwatch"},{"floor":17,"key":"Pear"},{"floor":17,"key":"Boot"}],"event_choices":[{"damage_healed":0,"gold_gain":0,"player_choice":"Lose Max HP","damage_taken":0,"relics_obtained":["Golden Idol"],"max_hp_gain":0,"max_hp_loss":5,"event_name":"Golden Idol","floor":5,"gold_loss":0},{"damage_healed":0,"gold_gain":275,"player_choice":"Desecrate","damage_taken":0,"max_hp_gain":0,"max_hp_loss":0,"event_name":"Golden Shrine","floor":10,"gold_loss":0,"cards_obtained":["Regret"]}],"is_beta":false,"boss_relics":[{"not_picked":["Empty Cage","Sozu"],"picked":"Calling Bell"}],"items_purged_floors":[],"is_endless":false,"potions_floor_spawned":[1,12,13],"killed_by":"Spheric Guardian","ascension_level":2}