{"gold_per_floor":[363,25,100,100,125,125,166,166,166,182,182,182,213,191,191,285,285,310,400,6,6,0,0,34,57,57,57,75,91,91,122,122,215,215,235,510,13,13,38,38,79,98,151,151,186,209,209,334,334,334,334],"floor_reached":52,"playtime":3023,"items_purged":["Regret"],"score":2108,"play_id":"ed02555a-2ec5-401c-81f1-12b1420d8366","local_time":"20181111170826","is_ascension_mode":true,"campfire_choices":[{"floor":6.0,"key":"REST"},{"data":"Demon Form","floor":8.0,"key":"SMITH"},{"data":"Bash","floor":11.0,"key":"SMITH"},{"floor":15.0,"key":"REST"},{"data":"Metallicize","floor":23.0,"key":"SMITH"},{"floor":27.0,"key":"REST"},{"floor":30.0,"key":"REST"},{"floor":32.0,"key":"REST"},{"floor":40.0,"key":"REST"},{"data":"Whirlwind","floor":44.0,"key":"SMITH"},{"floor":47.0,"key":"REST"},{"floor":49.0,"key":"REST"}],"neow_cost":"PERCENT_DAMAGE","seed_source_timestamp":0,"circlet_count":0,"master_deck":["AscendersBane","Strike_R","Strike_R","Strike_R","Strike_R","Strike_R","Defend_R","Defend_R","Defend_R+1","Defend_R","Bash+1","Demon Form+1","Shrug It Off","Disarm+1","Disarm+1","True Grit+1","Shrug It Off+1","Impervious+1","Impervious+1","Metallicize+1","Shrug It Off+1","Whirlwind+1","Battle Trance+1","Pommel Strike+1","Exhume+1","Offering+1","Whirlwind+1","Flame Barrier+1","Heavy Blade+1","Entrench+1","Havoc+1","Clumsy","Inflame+1","Shrug It Off+1","Metallicize"],"special_seed":0,"relics":["Burning Blood","Juzu Bracelet","Golden Idol","Calipers","Toxic Egg 2","PreservedInsect","Black Star","War Paint","Blood Vial","Question Card","Gremlin Horn","Molten Egg 2","Sundial","Darkstone Periapt","Cursed Key","Charon\u0027s Ashes","Champion Belt","Thread and Needle","Tiny Chest","Lantern","Happy Flower","Ginger"],"potions_floor_usage":[51],"damage_taken":[{"damage":1.0,"enemies":"2 Louse","floor":1.0,"turns":3.0},{"damage":6.0,"enemies":"Cultist","floor":5.0,"turns":4.0},{"damage":13.0,"enemies":"Lagavulin","floor":7.0,"turns":7.0},{"damage":17.0,"enemies":"Jaw Worm","floor":10.0,"turns":5.0},{"damage":49.0,"enemies":"3 Sentries","floor":13.0,"turns":11.0},{"damage":5.0,"enemies":"Exordium Thugs","floor":14.0,"turns":4.0},{"damage":7.0,"enemies":"Hexaghost","floor":16.0,"turns":10.0},{"damage":4.0,"enemies":"Chosen","floor":18.0,"turns":7.0},{"damage":0.0,"enemies":"2 Thieves","floor":22.0,"turns":5.0},{"damage":38.0,"enemies":"Gremlin Leader","floor":24.0,"turns":8.0},{"damage":22.0,"enemies":"Sentry and Sphere","floor":25.0,"turns":10.0},{"damage":16.0,"enemies":"Shelled Parasite and Fungi","floor":28.0,"turns":9.0},{"damage":2.0,"enemies":"Cultist and Chosen","floor":29.0,"turns":12.0},{"damage":46.0,"enemies":"Book of Stabbing","floor":31.0,"turns":9.0},{"damage":40.0,"enemies":"Champ","floor":33.0,"turns":15.0},{"damage":28.0,"enemies":"3 Darklings","floor":35.0,"turns":6.0},{"damage":7.0,"enemies":"3 Shapes","floor":39.0,"turns":5.0},{"damage":20.0,"enemies":"Reptomancer","floor":41.0,"turns":4.0},{"damage":6.0,"enemies":"Writhing Mass","floor":42.0,"turns":11.0},{"damage":12.0,"enemies":"Giant Head","floor":45.0,"turns":8.0},{"damage":32.0,"enemies":"Spire Growth","floor":46.0,"turns":6.0},{"damage":0.0,"enemies":"Mind Bloom Boss Battle","floor":48.0,"turns":6.0},{"damage":6.0,"enemies":"Time Eater","floor":50.0,"turns":14.0},{"damage":28,"enemies":"Donu and Deca","floor":51,"turns":11}],"seed_played":"-1858597765400965317","potions_obtained":[{"floor":5.0,"key":"Regen Potion"},{"floor":13.0,"key":"GamblersBrew"},{"floor":16.0,"key":"LiquidBronze"},{"floor":25.0,"key":"FearPotion"},{"floor":28.0,"key":"BloodPotion"},{"floor":31.0,"key":"BloodPotion"},{"floor":42.0,"key":"Poison Potion"},{"floor":45.0,"key":"GamblersBrew"},{"floor":48.0,"key":"Explosive Potion"}],"is_trial":false,"path_per_floor":["M","$","?","?","M","R","E","R","T","M","R","?","E","M","R","B",null,"M","?","$","?","M","R","E","M","T","R","M","M","R","E","R","B",null,"M","?","$","$","M","R","E","M","T","R","E","M","R","?","R","B","B",null],"character_chosen":"IRONCLAD","items_purchased":["Demon Form","Shrug It Off","Juzu Bracelet","War Paint","Shrug It Off+1","Blood Vial","Flame Barrier+1","Charon\u0027s Ashes"],"campfire_rested":8,"item_purchase_floors":[2,2,2,20,20,20,37,37],"current_hp_per_floor":[55,55,44,44,44,64,57,57,57,60,60,60,17,18,38,37,60,62,50,50,50,58,58,28,14,14,34,26,38,58,20,40,14,55,35,41,41,41,42,64,52,54,60,60,56,32,56,64,80,80,58],"gold":334,"neow_bonus":"TWO_FIFTY_GOLD","is_prod":false,"is_daily":false,"chose_seed":false,"campfire_upgraded":4,"win_rate":0,"timestamp":1541984906,"path_taken":["M","$","?","?","M","R","E","R","T","M","R","?","E","M","R","BOSS","M","?","$","?","M","R","E","M","T","R","M","M","R","E","R","BOSS","M","?","?","$","M","R","E","M","T","R","E","M","R","?","R","BOSS","BOSS"],"build_version":"2018-11-08","purchased_purges":1,"victory":true,"max_hp_per_floor":[75,75,75,68,68,68,68,68,68,68,68,68,68,68,68,68,68,68,68,68,68,68,68,68,68,68,68,68,68,68,68,68,68,68,68,74,74,74,74,74,74,74,80,80,80,80,80,80,80,80,80],"card_choices":[{"not_picked":["Anger","Perfected Strike","Armaments"],"picked":"SKIP","floor":1.0},{"not_picked":["Havoc","Pommel Strike"],"picked":"Disarm","floor":5.0},{"not_picked":["Pommel Strike","Perfected Strike"],"picked":"Disarm","floor":7.0},{"not_picked":["Pommel Strike","Cleave"],"picked":"True Grit+1","floor":10.0},{"not_picked":["Heavy Blade","Second Wind+1"],"picked":"Shrug It Off+1","floor":13.0},{"not_picked":["Battle Trance+1","Whirlwind"],"picked":"Impervious+1","floor":14.0},{"not_picked":["Juggernaut","Feed"],"picked":"Impervious+1","floor":16.0},{"not_picked":["Cleave","Reckless Charge"],"picked":"Metallicize","floor":18.0},{"not_picked":["Warcry+1","Havoc+1","Cleave"],"picked":"SKIP","floor":22.0},{"not_picked":["Clash","Sever Soul","Fire Breathing+1"],"picked":"SKIP","floor":24.0},{"not_picked":["Perfected Strike","Body Slam","Rage+1"],"picked":"Whirlwind","floor":25.0},{"not_picked":["Wild Strike+1","Second Wind+1","Combust"],"picked":"Battle Trance+1","floor":28.0},{"not_picked":["Perfected Strike+1","Dark Embrace","Battle Trance+1"],"picked":"Pommel Strike+1","floor":29.0},{"not_picked":["Wild Strike+1","Pummel+1","Fiend Fire+1"],"picked":"Exhume+1","floor":31.0},{"not_picked":["Juggernaut","Demon Form","Impervious+1"],"picked":"Offering+1","floor":33.0},{"not_picked":["Anger+1","Flex+1","Intimidate+1"],"picked":"Whirlwind+1","floor":35.0},{"not_picked":["Inflame","Corruption","Dropkick+1"],"picked":"Heavy Blade+1","floor":39.0},{"not_picked":["Battle Trance+1","Bludgeon+1","Metallicize"],"picked":"Entrench+1","floor":41.0},{"not_picked":["Pommel Strike+1","Dropkick+1","Infernal Blade+1"],"picked":"Havoc+1","floor":42.0},{"not_picked":["Anger+1","Wild Strike+1","Armaments+1"],"picked":"Inflame+1","floor":45.0},{"not_picked":["Thunderclap+1","Cleave+1","Iron Wave+1"],"picked":"Shrug It Off+1","floor":46.0},{"not_picked":["Wild Strike+1","Anger+1","Body Slam+1"],"picked":"Metallicize","floor":48.0}],"player_experience":632872,"relics_obtained":[{"floor":7.0,"key":"Calipers"},{"floor":9.0,"key":"Toxic Egg 2"},{"floor":13.0,"key":"PreservedInsect"},{"floor":24.0,"key":"Question Card"},{"floor":24.0,"key":"Gremlin Horn"},{"floor":26.0,"key":"Molten Egg 2"},{"floor":31.0,"key":"Sundial"},{"floor":31.0,"key":"Darkstone Periapt"},{"floor":41.0,"key":"Champion Belt"},{"floor":41.0,"key":"Thread and Needle"},{"floor":43.0,"key":"Tiny Chest"},{"floor":45.0,"key":"Lantern"},{"floor":45.0,"key":"Happy Flower"},{"floor":48.0,"key":"Ginger"}],"event_choices":[{"damage_healed":0.0,"max_hp_gain":0.0,"max_hp_loss":0.0,"gold_gain":75.0,"event_name":"World of Goop","player_choice":"Gather Gold","floor":3.0,"gold_loss":0.0,"damage_taken":11.0},{"damage_healed":0.0,"max_hp_gain":0.0,"max_hp_loss":7.0,"gold_gain":0.0,"event_name":"Golden Idol","player_choice":"Lose Max HP","floor":4.0,"gold_loss":0.0,"damage_taken":0.0,"relics_obtained":["Golden Idol"]},{"damage_healed":0.0,"max_hp_gain":0.0,"max_hp_loss":0.0,"gold_gain":0.0,"event_name":"Upgrade Shrine","player_choice":"Upgraded","floor":12.0,"gold_loss":0.0,"damage_taken":0.0,"cards_upgraded":["Disarm"]},{"damage_healed":0.0,"max_hp_gain":0.0,"max_hp_loss":0.0,"gold_gain":90.0,"event_name":"Knowing Skull","player_choice":"GOLD ","floor":19.0,"potions_obtained":[],"gold_loss":0.0,"damage_taken":12.0,"cards_obtained":[]},{"damage_healed":0.0,"max_hp_gain":0.0,"max_hp_loss":0.0,"gold_gain":0.0,"event_name":"Beggar","player_choice":"Ignored","floor":21.0,"gold_loss":0.0,"damage_taken":0.0},{"damage_healed":0.0,"max_hp_gain":0.0,"max_hp_loss":0.0,"gold_gain":275.0,"event_name":"Golden Shrine","player_choice":"Desecrate","floor":36.0,"gold_loss":0.0,"damage_taken":0.0,"cards_obtained":["Regret"]},{"damage_healed":0.0,"max_hp_gain":0.0,"max_hp_loss":0.0,"gold_gain":0.0,"event_name":"MindBloom","player_choice":"Fight","floor":48.0,"gold_loss":0.0,"damage_taken":0.0}],"is_beta":false,"boss_relics":[{"not_picked":["Calling Bell","Coffee Dripper"],"picked":"Black Star"},{"not_picked":["Philosopher\u0027s Stone","Astrolabe"],"picked":"Cursed Key"}],"items_purged_floors":[37],"is_endless":false,"potions_floor_spawned":[5,13,16,25,28,31,42,45,48],"ascension_level":20}