{"path_per_floor":["M","M","M","M","?","E","R","E","T","R","E","R","M","E","R","B",null,"M","?","M","$","T","E","R","M","T","R","?","M","M","E","R"],"character_chosen":"THE_SILENT","items_purchased":["Escape Plan","Whetstone","Slice"],"gold_per_floor":[112,132,143,160,160,193,193,219,245,245,277,277,294,319,319,393,393,411,411,429,198,225,257,257,275,299,299,299,316,331,366,366,366],"floor_reached":33,"campfire_rested":5,"playtime":1513,"current_hp_per_floor":[59,59,59,46,46,32,66,36,36,66,53,53,53,23,57,22,55,41,54,47,47,47,16,52,34,34,70,70,62,58,57,57,0],"items_purged":[],"gold":366,"score":551,"play_id":"7ba60db6-1139-4759-a276-4bef704cd25c","local_time":"20180408040632","is_prod":false,"is_daily":false,"is_ascension_mode":true,"campfire_upgraded":2,"timestamp":1523127992,"path_taken":["M","M","?","M","?","E","R","E","T","R","E","R","M","E","R","BOSS","M","?","M","$","?","E","R","M","T","R","?","?","M","E","R","BOSS"],"build_version":"2018-04-05v2","purchased_purges":1,"victory":false,"master_deck":["Defend_G","Defend_G","Defend_G","Defend_G+1","Defend_G","Strike_G+1","Survivor+1","Neutralize","AscendersBane","Endless Agony","Poisoned Stab+1","Backstab","Dagger Spray+1","Skewer","Cloak And Dagger+1","Slice","Backflip","Well Laid Plans","Adrenaline+1","Tools of the Trade+1","Flechettes+1","Bullet Time+1","Dagger Spray+1","Endless Agony","Escape Plan","Slice","Backstab","Backflip","Doppelganger+1"],"max_hp_per_floor":[66,66,66,66,66,66,66,66,66,66,66,66,66,66,66,66,66,66,66,66,66,66,73,73,73,73,73,73,73,73,73,73,73],"relics":["Ring of the Snake","Regal Pillow","Bronze Scales","War Paint","Lantern","Kunai","Mummified Hand","Astrolabe","Whetstone","Dream Catcher","Strawberry","Pen Nib","Toxic Egg 2"],"card_choices":[{"not_picked":["Prepared","Accuracy"],"picked":"Endless Agony","floor":1},{"not_picked":["Underhanded Strike","Slice"],"picked":"Poisoned Stab","floor":2},{"not_picked":["Night Terror","Accuracy"],"picked":"Backstab","floor":3},{"not_picked":["Dodge and Roll","PiercingWail"],"picked":"Dagger Spray","floor":4},{"not_picked":["Bane","Flechettes"],"picked":"Skewer","floor":6},{"not_picked":["Slice","Night Terror"],"picked":"Cloak And Dagger","floor":8},{"not_picked":["Backflip","Prepared"],"picked":"Slice","floor":11},{"not_picked":["Infinite Blades","Flechettes"],"picked":"Backflip","floor":13},{"not_picked":["Predator","Riddle With Holes"],"picked":"Well Laid Plans","floor":14},{"not_picked":["A Thousand Cuts","Burst"],"picked":"Adrenaline","floor":16},{"not_picked":["Caltrops","Masterful Stab"],"picked":"Dagger Spray","floor":18},{"not_picked":["Deflect","Catalyst"],"picked":"Endless Agony","floor":20},{"not_picked":["Outmaneuver","Finisher"],"picked":"Backstab","floor":23},{"not_picked":["Catalyst","Quick Slash"],"picked":"Backflip","floor":25},{"not_picked":["Quick Slash","Setup"],"picked":"Doppelganger","floor":31}],"player_experience":416330,"potions_floor_usage":[6,8,16,16,31,33],"damage_taken":[{"damage":0,"enemies":"Cultist","floor":1,"turns":4},{"damage":0,"enemies":"Small Slimes","floor":2,"turns":3},{"damage":0,"enemies":"2 Louse","floor":3,"turns":2},{"damage":13,"enemies":"Blue Slaver","floor":4,"turns":4},{"damage":14,"enemies":"Gremlin Nob","floor":6,"turns":4},{"damage":30,"enemies":"Lagavulin","floor":8,"turns":5},{"damage":13,"enemies":"Gremlin Nob","floor":11,"turns":4},{"damage":0,"enemies":"Large Slime","floor":13,"turns":3},{"damage":30,"enemies":"Lagavulin","floor":14,"turns":6},{"damage":47,"enemies":"Hexaghost","floor":16,"turns":10},{"damage":14,"enemies":"Shell Parasite","floor":18,"turns":4},{"damage":7,"enemies":"2 Thieves","floor":20,"turns":3},{"damage":38,"enemies":"Book of Stabbing","floor":23,"turns":5},{"damage":18,"enemies":"Centurion and Healer","floor":25,"turns":5},{"damage":8,"enemies":"Snake Plant","floor":29,"turns":5},{"damage":4,"enemies":"Snecko","floor":30,"turns":4},{"damage":1,"enemies":"Slavers","floor":31,"turns":2},{"damage":79,"enemies":"Champ","floor":33,"turns":9}],"event_choices":[{"event_name":"Living Wall","player_choice":"Grow","floor":5,"damage_taken":0},{"event_name":"The Library","player_choice":"Heal","floor":19,"damage_taken":0},{"event_name":"Back to Basics","player_choice":"Elegance","floor":28,"damage_taken":0}],"boss_relics":[{"not_picked":["Philosopher\u0027s Stone","Black Star"],"picked":"Astrolabe"}],"potions_floor_spawned":[2,4,6,14,18,23,25],"seed_played":"-763132446390334780","killed_by":"Champ","ascension_level":15,"is_trial":false}