{"path_per_floor":["M","?","$","?","?","R","E","R","T","M","M","M","E","$","R"],"character_chosen":"IRONCLAD","items_purchased":["Feed","Frozen Egg 2","Metallicize"],"gold_per_floor":[116,191,36,36,211,211,246,246,269,282,294,307,332,7,7,7],"floor_reached":16,"campfire_rested":0,"playtime":1173,"item_purchase_floors":[3,14,14],"current_hp_per_floor":[80,69,69,69,69,69,35,35,35,33,40,33,20,20,20,0],"items_purged":[],"gold":7,"score":133,"play_id":"74afd5ad-1aa8-47b8-b36d-53b4c3f3caed","local_time":"20180606205210","is_prod":false,"is_daily":false,"chose_seed":false,"is_ascension_mode":false,"campfire_upgraded":3,"win_rate":0,"timestamp":1528343530,"campfire_choices":[{"data":"Feed","floor":6,"key":"SMITH"},{"data":"Spot Weakness","floor":8,"key":"SMITH"},{"data":"Metallicize","floor":15,"key":"SMITH"}],"path_taken":["M","?","$","?","?","R","E","R","T","?","M","M","E","$","R","BOSS"],"build_version":"2018-05-31","seed_source_timestamp":328213254855825,"purchased_purges":0,"victory":false,"master_deck":["Strike_R","Strike_R","Strike_R","Strike_R","Strike_R","Defend_R","Defend_R","Defend_R","Bash+1","Blood for Blood","Feed+1","Doubt","Spot Weakness+1","Metallicize","Clash","Blood for Blood","Metallicize+1","Metallicize+1"],"max_hp_per_floor":[80,80,80,80,80,80,84,84,84,88,92,96,96,96,96,96],"relics":["Burning Blood","Omamori","Dream Catcher","Thread and Needle","Frozen Egg 2"],"card_choices":[{"not_picked":["Sever Soul","Evolve"],"picked":"Blood for Blood","floor":1},{"not_picked":["Body Slam","Twin Strike"],"picked":"Spot Weakness","floor":7},{"not_picked":["Shrug It Off","Flex"],"picked":"Metallicize","floor":10},{"not_picked":["Body Slam","Warcry"],"picked":"Clash","floor":11},{"not_picked":["Warcry","True Grit"],"picked":"Blood for Blood","floor":12},{"not_picked":["Power Through","Body Slam"],"picked":"Metallicize","floor":13}],"player_experience":34515,"potions_floor_usage":[7,13],"damage_taken":[{"damage":3,"enemies":"Jaw Worm","floor":1,"turns":4},{"damage":44,"enemies":"3 Sentries","floor":7,"turns":10},{"damage":12,"enemies":"2 Louse","floor":10,"turns":3},{"damage":3,"enemies":"Cultist","floor":11,"turns":4},{"damage":17,"enemies":"3 Louse","floor":12,"turns":4},{"damage":19,"enemies":"Gremlin Nob","floor":13,"turns":4},{"damage":20,"enemies":"Hexaghost","floor":16,"turns":12}],"relics_obtained":[{"floor":7,"key":"Omamori"},{"floor":9,"key":"Dream Catcher"},{"floor":13,"key":"Thread and Needle"}],"event_choices":[{"event_name":"World of Goop","player_choice":"Gather Gold","floor":2,"damage_taken":0},{"event_name":"Bonfire Elementals","player_choice":"BASIC","floor":4,"damage_taken":0},{"event_name":"Liars Game","player_choice":"agreed","floor":5,"damage_taken":0}],"boss_relics":[],"items_purged_floors":[],"potions_floor_spawned":[1,11,12],"seed_played":"654579530572078043","killed_by":"Hexaghost","ascension_level":0,"potions_obtained":[{"floor":1,"key":"Block Potion"},{"floor":11,"key":"Energy Potion"},{"floor":12,"key":"Dexterity Potion"}],"is_trial":false}