{"gold_per_floor":[363,380,392,409,10,10,43,43,43,43,76,76,89,101,101,175,175,189,206,221,232,232,232,232],"floor_reached":24,"playtime":1266,"items_purged":["Strike_R"],"score":389,"play_id":"97e724a8-33f9-4af0-bcb5-1133410b71ae","local_time":"20190220125513","is_ascension_mode":true,"campfire_choices":[{"data":"Whirlwind","floor":6.0,"key":"SMITH"},{"data":"Bash","floor":10.0,"key":"SMITH"},{"data":"Rampage","floor":12.0,"key":"SMITH"},{"data":"Metallicize","floor":15.0,"key":"SMITH"},{"data":"Feed","floor":23,"key":"SMITH"}],"neow_cost":"TEN_PERCENT_HP_LOSS","seed_source_timestamp":51267173200841,"circlet_count":0,"master_deck":["AscendersBane","Strike_R","Strike_R","Strike_R","Defend_R","Defend_R","Defend_R","Defend_R","Bash+1","Whirlwind+1","Twin Strike","Rampage+1","Headbutt","Shrug It Off+1","Battle Trance+1","Ghostly Armor+1","Metallicize+1","Cleave","Feed+1","Parasite","Decay","Decay","Shrug It Off+1","Spot Weakness+1","Feel No Pain"],"special_seed":0,"relics":["Burning Blood","Toxic Egg 2","Blue Candle","Self Forming Clay","Ornamental Fan","Calling Bell","Red Skull","Matryoshka","Ginger"],"potions_floor_usage":[24],"damage_taken":[{"damage":6.0,"enemies":"Cultist","floor":1.0,"turns":3.0},{"damage":21.0,"enemies":"Jaw Worm","floor":2.0,"turns":5.0},{"damage":6.0,"enemies":"Small Slimes","floor":3.0,"turns":4.0},{"damage":7.0,"enemies":"Looter","floor":4.0,"turns":4.0},{"damage":15.0,"enemies":"3 Sentries","floor":7.0,"turns":6.0},{"damage":14.0,"enemies":"Lagavulin","floor":11.0,"turns":9.0},{"damage":4.0,"enemies":"Exordium Wildlife","floor":13.0,"turns":3.0},{"damage":8.0,"enemies":"3 Louse","floor":14.0,"turns":2.0},{"damage":12.0,"enemies":"The Guardian","floor":16.0,"turns":9.0},{"damage":16.0,"enemies":"3 Byrds","floor":18.0,"turns":6.0},{"damage":18.0,"enemies":"2 Thieves","floor":19.0,"turns":4.0},{"damage":32.0,"enemies":"Snake Plant","floor":20.0,"turns":5.0},{"damage":5.0,"enemies":"Cultist and Chosen","floor":21.0,"turns":5.0},{"damage":19,"enemies":"Book of Stabbing","floor":24,"turns":6}],"seed_played":"-2346680330237956150","potions_obtained":[{"floor":1.0,"key":"EssenceOfSteel"},{"floor":11.0,"key":"EssenceOfSteel"},{"floor":13.0,"key":"Fire Potion"},{"floor":14.0,"key":"Poison Potion"},{"floor":16.0,"key":"Strength Potion"},{"floor":18.0,"key":"GamblersBrew"},{"floor":20.0,"key":"Swift Potion"}],"is_trial":false,"path_per_floor":["M","M","M","M","$","R","E","?","T","R","E","R","M","M","R","B",null,"M","M","M","M","?","R","E"],"character_chosen":"IRONCLAD","items_purchased":["Toxic Egg 2","Shrug It Off+1"],"campfire_rested":0,"item_purchase_floors":[5,5],"current_hp_per_floor":[68,53,53,52,52,52,43,43,43,43,35,35,37,35,35,29,58,51,42,19,23,23,23,4],"gold":232,"neow_bonus":"TWO_FIFTY_GOLD","is_prod":false,"is_daily":false,"chose_seed":false,"campfire_upgraded":5,"win_rate":0,"timestamp":1550685313,"path_taken":["M","M","?","M","$","R","E","?","T","R","E","R","M","?","R","BOSS","M","M","M","M","?","R","E"],"build_version":"2019-01-23","purchased_purges":1,"victory":false,"max_hp_per_floor":[68,68,68,68,68,68,68,68,68,68,68,68,68,68,68,68,68,71,74,77,80,80,80,80],"card_choices":[{"not_picked":["Sever Soul","Pommel Strike"],"picked":"Whirlwind","floor":1.0},{"not_picked":["Thunderclap","Sword Boomerang"],"picked":"Twin Strike","floor":2.0},{"not_picked":["Havoc","Burning Pact"],"picked":"Rampage","floor":3.0},{"not_picked":["Flex","Warcry"],"picked":"Headbutt","floor":4.0},{"not_picked":["Pommel Strike","Heavy Blade"],"picked":"Battle Trance+1","floor":7.0},{"not_picked":["Armaments+1","Exhume+1"],"picked":"Ghostly Armor+1","floor":11.0},{"not_picked":["Anger","Sword Boomerang"],"picked":"Metallicize","floor":13.0},{"not_picked":["Perfected Strike","Second Wind+1"],"picked":"Cleave","floor":14.0},{"not_picked":["Reaper","Juggernaut"],"picked":"Feed","floor":16.0},{"not_picked":["Thunderclap","Anger"],"picked":"Shrug It Off+1","floor":18.0},{"not_picked":["Shrug It Off+1","Wild Strike"],"picked":"Spot Weakness+1","floor":19.0},{"not_picked":["Armaments+1","Sword Boomerang","Heavy Blade"],"picked":"SKIP","floor":20.0},{"not_picked":["Thunderclap","Anger"],"picked":"Feel No Pain","floor":21.0}],"player_experience":522713,"relics_obtained":[{"floor":7.0,"key":"Blue Candle"},{"floor":9.0,"key":"Self Forming Clay"},{"floor":11.0,"key":"Ornamental Fan"},{"floor":17.0,"key":"Red Skull"},{"floor":17.0,"key":"Matryoshka"},{"floor":17.0,"key":"Ginger"}],"event_choices":[{"cards_removed":["Strike_R"],"damage_healed":0.0,"max_hp_gain":0.0,"max_hp_loss":0.0,"gold_gain":0.0,"event_name":"Bonfire Elementals","player_choice":"Offered Basic","floor":8.0,"gold_loss":0.0,"damage_taken":0.0},{"damage_healed":0,"gold_gain":0,"player_choice":"Ignored","damage_taken":0,"max_hp_gain":0,"max_hp_loss":0,"event_name":"The Mausoleum","floor":22,"gold_loss":0}],"is_beta":false,"boss_relics":[{"not_picked":["Empty Cage","White Beast Statue"],"picked":"Calling Bell"}],"items_purged_floors":[5],"is_endless":false,"potions_floor_spawned":[1,11,13,14,16,18,20],"killed_by":"Book of Stabbing","ascension_level":17}