{"gold_per_floor":[111,111,131,148,158,158,172,207,282,297,297,307,333,257,257,353,353,293,293,293,293,293,293,293,293,293,293,293,150,150,150,150,150,150,150,150,150,150,67,67,67,67,67,67,67,67,67,67,67,67],"floor_reached":50,"playtime":2468,"items_purged":[],"score":882,"play_id":"2ec02f25-7df1-4b76-8bd0-e653aa4dfebf","local_time":"20190228222808","is_ascension_mode":true,"campfire_choices":[{"data":"Headbutt","floor":6,"key":"SMITH"},{"floor":11,"key":"REST"},{"floor":15,"key":"REST"},{"floor":23,"key":"REST"},{"floor":30,"key":"REST"},{"floor":32,"key":"REST"},{"data":"Spot Weakness","floor":40,"key":"SMITH"},{"data":"Doubt","floor":44,"key":"PURGE"},{"floor":49,"key":"REST"}],"neow_cost":"PERCENT_DAMAGE","seed_source_timestamp":1220242923031278,"circlet_count":0,"master_deck":["Strike_R+1","Strike_R","Strike_R+1","Strike_R","Defend_R","Defend_R","Defend_R","Defend_R","Bash+1","Headbutt+1","True Grit","Spot Weakness+1","Seeing Red","Dropkick","Shockwave","Armaments","Pommel Strike","Shrug It Off","Disarm","Immolate","Flame Barrier","Battle Trance+1","Cleave","Iron Wave","Metallicize","Shrug It Off","Intimidate+1","Cleave+1","Juggernaut","Spot Weakness","Body Slam+1","Trip","Warcry+1","Sword Boomerang+1","Dropkick+1","Disarm+1","Carnage+1","Body Slam+1"],"relics":["Burning Blood","Turnip","Potion Belt","Darkstone Periapt","Peace Pipe","Dream Catcher","Ectoplasm","Happy Flower","Ornamental Fan","Boot","Pen Nib","Whetstone","Cursed Key","Bottled Lightning","Pear","Bronze Scales"],"potions_floor_usage":[5,21,24,27,33,35,42,45,48,50],"damage_taken":[{"damage":1,"enemies":"2 Louse","floor":1,"turns":3},{"damage":6,"enemies":"Cultist","floor":3,"turns":3},{"damage":0,"enemies":"Small Slimes","floor":4,"turns":3},{"damage":17,"enemies":"Exordium Thugs","floor":5,"turns":5},{"damage":11,"enemies":"Looter","floor":7,"turns":2},{"damage":40,"enemies":"Gremlin Nob","floor":8,"turns":5},{"damage":9,"enemies":"Blue Slaver","floor":10,"turns":4},{"damage":9,"enemies":"3 Louse","floor":12,"turns":6},{"damage":28,"enemies":"Lagavulin","floor":13,"turns":5},{"damage":16,"enemies":"Hexaghost","floor":16,"turns":9},{"damage":13,"enemies":"2 Thieves","floor":18,"turns":3},{"damage":14,"enemies":"3 Byrds","floor":21,"turns":3},{"damage":8,"enemies":"Snecko","floor":22,"turns":4},{"damage":10,"enemies":"Gremlin Leader","floor":24,"turns":6},{"damage":20,"enemies":"Chosen and Byrds","floor":25,"turns":5},{"damage":13,"enemies":"Slavers","floor":27,"turns":3},{"damage":11,"enemies":"Centurion and Healer","floor":28,"turns":5},{"damage":6,"enemies":"Book of Stabbing","floor":31,"turns":4},{"damage":60,"enemies":"Collector","floor":33,"turns":9},{"damage":2,"enemies":"3 Shapes","floor":35,"turns":4},{"damage":0,"enemies":"3 Darklings","floor":38,"turns":2},{"damage":15,"enemies":"Nemesis","floor":41,"turns":5},{"damage":16,"enemies":"Sphere and 2 Shapes","floor":42,"turns":5},{"damage":20,"enemies":"Reptomancer","floor":45,"turns":4},{"damage":25,"enemies":"Spire Growth","floor":46,"turns":4},{"damage":0,"enemies":"Transient","floor":48,"turns":5},{"damage":82,"enemies":"Awakened One","floor":50,"turns":7}],"seed_played":"4482311748235237113","potions_obtained":[{"floor":3,"key":"Explosive Potion"},{"floor":5,"key":"LiquidBronze"},{"floor":10,"key":"GamblersBrew"},{"floor":13,"key":"GamblersBrew"},{"floor":18,"key":"SteroidPotion"},{"floor":22,"key":"EssenceOfSteel"},{"floor":27,"key":"Poison Potion"},{"floor":31,"key":"AttackPotion"},{"floor":33,"key":"SpeedPotion"},{"floor":38,"key":"FearPotion"},{"floor":42,"key":"Energy Potion"},{"floor":46,"key":"SkillPotion"}],"is_trial":false,"path_per_floor":["M","?","M","M","M","R","M","E","T","M","R","M","E","?","R","B",null,"M","?","?","M","M","R","E","M","T","E","M","$","R","E","R","B",null,"M","?","?","M","$","R","E","M","T","R","E","M","?","M","R","B"],"character_chosen":"IRONCLAD","items_purchased":["Pen Nib","Trip"],"campfire_rested":6,"item_purchase_floors":[29,39],"current_hp_per_floor":[56,56,56,62,51,51,46,12,12,9,33,30,8,8,32,22,66,59,59,59,51,49,73,69,55,55,48,43,43,67,67,80,26,67,71,71,71,77,77,77,68,58,74,74,60,41,41,47,75,0],"gold":67,"neow_bonus":"ONE_RARE_RELIC","is_prod":false,"is_daily":false,"chose_seed":false,"campfire_upgraded":2,"win_rate":0,"timestamp":1551410888,"path_taken":["M","?","M","M","M","R","M","E","T","M","R","M","E","?","R","BOSS","M","?","?","M","M","R","E","M","T","E","M","$","R","E","R","BOSS","M","?","?","M","$","R","E","M","T","R","E","M","?","?","R","BOSS"],"build_version":"2019-01-23","purchased_purges":0,"victory":false,"max_hp_per_floor":[80,80,80,80,80,80,80,80,80,80,80,80,80,80,80,80,80,80,80,80,80,80,80,80,80,80,80,80,80,80,80,80,80,80,80,80,80,80,80,80,80,80,96,96,96,96,96,96,96,96],"card_choices":[{"not_picked":["Body Slam","Pommel Strike"],"picked":"Headbutt","floor":1},{"not_picked":["Pommel Strike","Sword Boomerang"],"picked":"True Grit","floor":3},{"not_picked":["Corruption","Bloodletting"],"picked":"Spot Weakness","floor":4},{"not_picked":["Entrench","Headbutt"],"picked":"Seeing Red","floor":5},{"not_picked":["Shrug It Off","Anger"],"picked":"Dropkick","floor":7},{"not_picked":["Wild Strike","Intimidate"],"picked":"Shockwave","floor":8},{"not_picked":["Fire Breathing","Burning Pact"],"picked":"Armaments","floor":10},{"not_picked":["Havoc","Dual Wield"],"picked":"Pommel Strike","floor":12},{"not_picked":["Flex","Cleave"],"picked":"Shrug It Off","floor":13},{"not_picked":["Havoc","Berserk"],"picked":"Disarm","floor":15},{"not_picked":["Limit Break","Fiend Fire"],"picked":"Immolate","floor":16},{"not_picked":["Iron Wave+1","Flex"],"picked":"Flame Barrier","floor":18},{"not_picked":["Pommel Strike+1","Blood for Blood"],"picked":"Battle Trance+1","floor":21},{"not_picked":["Body Slam","Clash"],"picked":"Cleave","floor":22},{"not_picked":["Anger","Combust","Clothesline"],"picked":"SKIP","floor":24},{"not_picked":["Sword Boomerang","Flex"],"picked":"Iron Wave","floor":25},{"not_picked":["Warcry","Second Wind+1"],"picked":"Metallicize","floor":27},{"not_picked":["Body Slam","Fiend Fire"],"picked":"Shrug It Off","floor":28},{"not_picked":["Fire Breathing","Blood for Blood"],"picked":"Intimidate+1","floor":30},{"not_picked":["Battle Trance","Armaments"],"picked":"Cleave+1","floor":31},{"not_picked":["Barricade","Fiend Fire"],"picked":"Juggernaut","floor":33},{"not_picked":["Feel No Pain+1","Perfected Strike"],"picked":"Spot Weakness","floor":35},{"not_picked":["Combust","Flame Barrier"],"picked":"Body Slam+1","floor":38},{"not_picked":["Wild Strike+1","Second Wind"],"picked":"Warcry+1","floor":41},{"not_picked":["Headbutt","Body Slam"],"picked":"Sword Boomerang+1","floor":42},{"not_picked":["Pommel Strike","Flex"],"picked":"Dropkick+1","floor":45},{"not_picked":["Perfected Strike+1","Twin Strike"],"picked":"Disarm+1","floor":46},{"not_picked":["Immolate","Twin Strike"],"picked":"Carnage+1","floor":48},{"not_picked":["Burning Pact+1","Infernal Blade+1"],"picked":"Body Slam+1","floor":49}],"player_experience":241941,"relics_obtained":[{"floor":8,"key":"Potion Belt"},{"floor":9,"key":"Darkstone Periapt"},{"floor":13,"key":"Peace Pipe"},{"floor":24,"key":"Happy Flower"},{"floor":26,"key":"Ornamental Fan"},{"floor":27,"key":"Boot"},{"floor":31,"key":"Whetstone"},{"floor":41,"key":"Bottled Lightning"},{"floor":43,"key":"Pear"},{"floor":45,"key":"Bronze Scales"}],"event_choices":[{"damage_healed":0,"gold_gain":0,"player_choice":"Grow","damage_taken":0,"max_hp_gain":0,"max_hp_loss":0,"event_name":"Living Wall","floor":2,"gold_loss":0,"cards_upgraded":["Bash"]},{"damage_healed":0,"gold_gain":0,"player_choice":"Paid Gold","damage_taken":0,"relics_obtained":["Dream Catcher"],"max_hp_gain":0,"max_hp_loss":0,"event_name":"WeMeetAgain","floor":14,"gold_loss":76},{"damage_healed":0,"gold_gain":0,"player_choice":"Ignored","damage_taken":0,"max_hp_gain":0,"max_hp_loss":0,"event_name":"Ghosts","floor":19,"gold_loss":0},{"damage_healed":0,"gold_gain":0,"player_choice":"Ignored","damage_taken":0,"max_hp_gain":0,"max_hp_loss":0,"event_name":"Vampires","floor":20,"gold_loss":0},{"cards_removed":["Strike_R"],"damage_healed":0,"gold_gain":0,"player_choice":"Removed Attack","damage_taken":0,"max_hp_gain":0,"max_hp_loss":0,"event_name":"Falling","floor":36,"gold_loss":0},{"damage_healed":0,"gold_gain":0,"player_choice":"Ignored","damage_taken":0,"max_hp_gain":0,"max_hp_loss":0,"event_name":"Mysterious Sphere","floor":37,"gold_loss":0},{"damage_healed":0,"gold_gain":0,"player_choice":"Ignored","damage_taken":0,"max_hp_gain":0,"max_hp_loss":0,"event_name":"Transmorgrifier","floor":47,"gold_loss":0}],"is_beta":false,"boss_relics":[{"not_picked":["Snecko Eye","Pandora\u0027s Box"],"picked":"Ectoplasm"},{"not_picked":["Orrery","Black Star"],"picked":"Cursed Key"}],"items_purged_floors":[],"is_endless":false,"potions_floor_spawned":[3,5,10,13,18,22,27,31,33,38,42,46],"killed_by":"Awakened One","ascension_level":9}