{"gold_per_floor":[115,290,304,304,314,314,327,327,327,327,37,37,68,78,78,178,178,188,204,1,12,27,27,60,10,90,90,27,27,55,65,65,65],"floor_reached":33,"playtime":1062,"items_purged":["Doubt","Defend_B","Strike_B"],"score":328,"play_id":"acb4f385-71f4-46d3-bb17-89f292b81ac6","local_time":"20180907153201","is_ascension_mode":true,"campfire_choices":[{"data":"1","floor":6,"key":"LIFT"},{"data":"2","floor":8,"key":"LIFT"},{"data":"3","floor":10,"key":"LIFT"},{"data":"Beam Cell","floor":12,"key":"SMITH"},{"data":"FTL","floor":15,"key":"SMITH"},{"data":"Hyperbeam","floor":23,"key":"SMITH"},{"data":"Self Repair","floor":27,"key":"SMITH"},{"data":"Magnetism","floor":32,"key":"SMITH"}],"neow_cost":"NONE","seed_source_timestamp":69179073082897,"circlet_count":0,"master_deck":["Strike_B","Strike_B","Strike_B","Defend_B","Defend_B","Defend_B","Zap","Dualcast","Rebound","Beam Cell+1","Undo","Cold Snap","FTL+1","Conserve Battery","Gash","Rebound","Hyperbeam+1","Recycle","Self Repair+1","Gash","Magnetism+1","Beam Cell+1","Gash+1","Go for the Eyes"],"relics":["Sozu","Girya","Calipers","Membership Card","Bag of Preparation","Coffee Dripper","Dream Catcher","Bottled Flame","Vajra"],"potions_floor_usage":[],"damage_taken":[{"damage":2,"enemies":"2 Louse","floor":1,"turns":2},{"damage":0,"enemies":"Small Slimes","floor":3,"turns":2},{"damage":7,"enemies":"Jaw Worm","floor":5,"turns":3},{"damage":0,"enemies":"Large Slime","floor":7,"turns":5},{"damage":5,"enemies":"Gremlin Nob","floor":13,"turns":3},{"damage":1,"enemies":"Looter","floor":14,"turns":2},{"damage":9,"enemies":"Slime Boss","floor":16,"turns":7},{"damage":0,"enemies":"Shell Parasite","floor":18,"turns":3},{"damage":19,"enemies":"2 Thieves","floor":19,"turns":4},{"damage":12,"enemies":"Snake Plant","floor":21,"turns":2},{"damage":16,"enemies":"Centurion and Healer","floor":22,"turns":4},{"damage":25,"enemies":"Book of Stabbing","floor":24,"turns":4},{"damage":15,"enemies":"Slavers","floor":30,"turns":2},{"damage":0,"enemies":"3 Cultists","floor":31,"turns":2},{"damage":32,"enemies":"Automaton","floor":33,"turns":6}],"seed_played":"-495626469347326961","potions_obtained":[],"is_trial":false,"path_per_floor":["M","?","M","?","M","R","M","R","T","R","$","R","E","M","R","B",null,"M","M","$","M","M","R","E","$","T","R","$","?","E","M","R"],"character_chosen":"DEFECT","items_purchased":["FTL","Membership Card","Conserve Battery","Self Repair","Gash","Magnetism"],"campfire_rested":0,"item_purchase_floors":[11,11,11,20,20,20],"current_hp_per_floor":[73,73,73,61,54,54,54,54,54,54,54,54,49,48,48,39,75,75,56,56,51,42,42,24,24,24,24,24,24,19,29,29,0],"gold":65,"neow_bonus":"BOSS_RELIC","is_prod":false,"is_daily":false,"chose_seed":false,"campfire_upgraded":5,"win_rate":0,"timestamp":1536348721,"path_taken":["M","?","M","?","M","R","M","R","T","R","?","R","E","M","R","BOSS","M","M","$","M","M","R","E","$","T","R","$","?","E","M","R","BOSS"],"build_version":"2018-09-06","purchased_purges":3,"victory":false,"max_hp_per_floor":[75,75,75,75,75,75,75,75,75,75,75,75,75,75,75,75,75,75,75,75,75,75,75,75,75,75,75,75,75,75,75,75,75],"card_choices":[{"not_picked":["Self Repair","Cold Snap"],"picked":"Rebound","floor":1},{"not_picked":["Cold Snap","Conserve Battery"],"picked":"Beam Cell","floor":3},{"not_picked":["Redo","Compile Driver"],"picked":"Undo","floor":5},{"not_picked":["Steam","Turbo"],"picked":"Cold Snap","floor":7},{"not_picked":["Coolheaded","Go for the Eyes"],"picked":"Gash","floor":13},{"not_picked":["Steam","Streamline"],"picked":"Rebound","floor":14},{"not_picked":["Electrodynamics","All For One"],"picked":"Hyperbeam","floor":16},{"not_picked":["Tempest","Stack"],"picked":"Recycle","floor":18},{"not_picked":["Cold Snap","Barrage","Coolheaded+1"],"picked":"SKIP","floor":19},{"not_picked":["Cold Snap","Conserve Battery","Barrage"],"picked":"SKIP","floor":21},{"not_picked":["Machine Learning","Defragment+1"],"picked":"Beam Cell+1","floor":22},{"not_picked":["Turbo+1","Ball Lightning+1"],"picked":"Gash+1","floor":24},{"not_picked":["Amplify","Rebound"],"picked":"Go for the Eyes","floor":30},{"not_picked":["Barrage","Stack+1","Coolheaded+1"],"picked":"SKIP","floor":31}],"player_experience":165002,"relics_obtained":[{"floor":9,"key":"Calipers"},{"floor":13,"key":"Bag of Preparation"},{"floor":24,"key":"Dream Catcher"},{"floor":26,"key":"Bottled Flame"},{"floor":30,"key":"Vajra"}],"event_choices":[{"event_name":"Liars Game","player_choice":"agreed","floor":2,"damage_taken":0},{"event_name":"Scrap Ooze","player_choice":"success","floor":4,"damage_taken":12},{"event_name":"Cursed Tome","player_choice":"Ignored","floor":29,"damage_taken":0}],"is_beta":false,"boss_relics":[{"not_picked":["Eternal Feather","Snecko Eye"],"picked":"Coffee Dripper"}],"items_purged_floors":[20,25,28],"is_endless":false,"potions_floor_spawned":[5,7,13,16,22,30,31],"killed_by":"Automaton","ascension_level":3}