{"gold_per_floor":[116,130,205,205,224,224,239,268,292,292,308,323,323,323,323,422,422,435,465,465],"floor_reached":20,"playtime":654,"items_purged":[],"score":183,"play_id":"5540039a-00af-4aef-8d0f-f3ae36c17e8a","local_time":"20181031144954","is_ascension_mode":true,"campfire_choices":[{"data":"Darkness","floor":6,"key":"SMITH"},{"data":"Consume","floor":13,"key":"SMITH"},{"data":"Hologram","floor":15,"key":"SMITH"}],"neow_cost":"NONE","seed_source_timestamp":1830245496672209,"circlet_count":0,"master_deck":["Strike_B","Strike_B","Strike_B","Defend_B","Defend_B","Defend_B","Zap+1","Dualcast","White Noise","Darkness+1","Capacitor","Self Repair","Redo","Hologram+1","Consume+1","Echo Form","Rebound"],"relics":["Cracked Core","Strawberry","Empty Cage","Red Mask"],"potions_floor_usage":[8,11,16,18,19],"damage_taken":[{"damage":0,"enemies":"Small Slimes","floor":1,"turns":2},{"damage":0,"enemies":"2 Louse","floor":2,"turns":1},{"damage":17,"enemies":"Cultist","floor":5,"turns":5},{"damage":6,"enemies":"2 Fungi Beasts","floor":7,"turns":4},{"damage":33,"enemies":"Gremlin Nob","floor":8,"turns":4},{"damage":8,"enemies":"Red Slaver","floor":11,"turns":4},{"damage":10,"enemies":"Looter","floor":12,"turns":4},{"damage":8,"enemies":"Hexaghost","floor":16,"turns":7},{"damage":23,"enemies":"3 Byrds","floor":18,"turns":4},{"damage":80,"enemies":"Masked Bandits","floor":19,"turns":5},{"damage":21,"enemies":"Colosseum Slavers","floor":20,"turns":2}],"seed_played":"-1518936670935336894","potions_obtained":[{"floor":2,"key":"PowerPotion"},{"floor":5,"key":"Poison Potion"},{"floor":10,"key":"Swift Potion"},{"floor":10,"key":"Fruit Juice"},{"floor":11,"key":"Fire Potion"},{"floor":18,"key":"FairyPotion"},{"floor":19,"key":"Ancient Potion"}],"is_trial":false,"path_per_floor":["M","M","?","?","M","R","M","E","T","?","M","M","R","?","R","B",null,"M","?","?"],"character_chosen":"DEFECT","items_purchased":[],"campfire_rested":0,"item_purchase_floors":[],"current_hp_per_floor":[75,75,64,64,47,47,41,22,22,22,26,23,23,23,23,15,87,78,15,0],"gold":465,"neow_bonus":"UPGRADE_CARD","is_prod":false,"is_daily":false,"chose_seed":false,"campfire_upgraded":3,"win_rate":0,"timestamp":1541011794,"path_taken":["M","M","?","?","M","R","M","E","T","?","M","?","R","?","R","BOSS","M","?","?"],"build_version":"2018-10-30","purchased_purges":0,"victory":false,"max_hp_per_floor":[75,75,75,75,75,75,75,82,82,82,87,87,87,87,87,87,87,87,87,87],"card_choices":[{"not_picked":["Sweeping Beam","Fusion"],"picked":"White Noise","floor":1},{"not_picked":["Redo","Compile Driver"],"picked":"Darkness","floor":2},{"not_picked":["Skim","Buffer"],"picked":"Capacitor","floor":5},{"not_picked":["Hologram","Turbo"],"picked":"Self Repair","floor":7},{"not_picked":["Rebound","Reboot"],"picked":"Redo","floor":8},{"not_picked":["Chill","Compile Driver"],"picked":"Hologram","floor":11},{"not_picked":["Storm","Gash"],"picked":"Consume","floor":12},{"not_picked":["Hyperbeam","Buffer"],"picked":"Echo Form","floor":16},{"not_picked":["Barrage","Beam Cell+1"],"picked":"Rebound","floor":18}],"player_experience":321848,"relics_obtained":[{"floor":8,"key":"Strawberry"},{"floor":19,"key":"Red Mask"}],"event_choices":[{"damage_healed":0,"gold_gain":75,"player_choice":"Gather Gold","damage_taken":11,"max_hp_gain":0,"max_hp_loss":0,"event_name":"World of Goop","floor":3,"gold_loss":0},{"damage_healed":0,"gold_gain":0,"player_choice":"Ignored","damage_taken":0,"max_hp_gain":0,"max_hp_loss":0,"event_name":"Liars Game","floor":4,"gold_loss":0},{"damage_healed":0,"gold_gain":0,"player_choice":"Got Potions","damage_taken":0,"max_hp_gain":0,"max_hp_loss":0,"event_name":"Lab","floor":10,"gold_loss":0},{"damage_healed":0,"gold_gain":0,"player_choice":"Bought 0 Potions","damage_taken":0,"max_hp_gain":0,"max_hp_loss":0,"event_name":"The Woman in Blue","floor":14,"gold_loss":0},{"damage_healed":0,"gold_gain":0,"player_choice":"Fought Bandits","damage_taken":0,"max_hp_gain":0,"max_hp_loss":0,"event_name":"Masked Bandits","floor":19,"gold_loss":0},{"damage_healed":0,"gold_gain":0,"player_choice":"Fight","damage_taken":0,"max_hp_gain":0,"max_hp_loss":0,"event_name":"Colosseum","floor":20,"gold_loss":0}],"is_beta":true,"boss_relics":[{"not_picked":["Black Star","Calling Bell"],"picked":"Empty Cage"}],"items_purged_floors":[],"is_endless":false,"potions_floor_spawned":[2,5,11,12,18,19],"killed_by":"Colosseum Slavers","ascension_level":1}