{"gold_per_floor":[118,137,137,163,182,182,211,211,237,217,142,158,177,208,208,281,281,300,300,225,236,61,79,79,91,169,185,14,30,45,64,64,138,138,158,58,58,58,68,68,88,105,105,105,27,27,44,44,44,44],"floor_reached":51,"playtime":2419,"items_purged":["Defend_B","Strike_B"],"score":1227,"play_id":"ba2cc727-db22-4e19-8d49-9a5112e956a7","local_time":"20180928011908","is_ascension_mode":true,"campfire_choices":[{"data":"Doom and Gloom","floor":6,"key":"SMITH"},{"data":"Zap","floor":8,"key":"SMITH"},{"data":"Defragment","floor":15,"key":"SMITH"},{"data":"Capacitor","floor":24,"key":"SMITH"},{"floor":32,"key":"REST"},{"data":"Seek","floor":40,"key":"SMITH"},{"data":"Biased Cognition","floor":44,"key":"SMITH"},{"data":"Hologram","floor":49,"key":"SMITH"}],"neow_cost":"NONE","seed_source_timestamp":1146991537412923,"circlet_count":0,"master_deck":["Strike_B","Strike_B","Defend_B","Defend_B","Defend_B","Zap+1","Dualcast+1","AscendersBane","Doom and Gloom+1","Self Repair","Melter","Go for the Eyes","Biased Cognition+1","Coolheaded+1","Hologram+1","Defragment+1","Core Surge","Cold Snap","Capacitor+1","Defragment+1","Stack","Seek+1","Redo+1","Compile Driver","Seek","White Noise"],"relics":["Cracked Core","Ornamental Fan","Pen Nib","Gremlin Horn","Lantern","Happy Flower","Runic Dome","Anchor","Bottled Lightning","War Paint","Sozu","Cables","Mummified Hand"],"potions_floor_usage":[7,18,27,30,33,50],"damage_taken":[{"damage":8,"enemies":"Small Slimes","floor":1,"turns":3},{"damage":1,"enemies":"Cultist","floor":2,"turns":3},{"damage":0,"enemies":"Jaw Worm","floor":5,"turns":3},{"damage":8,"enemies":"Gremlin Nob","floor":7,"turns":3},{"damage":10,"enemies":"Large Slime","floor":12,"turns":5},{"damage":2,"enemies":"Red Slaver","floor":13,"turns":3},{"damage":12,"enemies":"Lagavulin","floor":14,"turns":7},{"damage":17,"enemies":"The Guardian","floor":16,"turns":11},{"damage":5,"enemies":"3 Byrds","floor":18,"turns":3},{"damage":14,"enemies":"Colosseum Slavers","floor":19,"turns":3},{"damage":0,"enemies":"Spheric Guardian","floor":21,"turns":1},{"damage":21,"enemies":"3 Cultists","floor":23,"turns":4},{"damage":0,"enemies":"Centurion and Healer","floor":25,"turns":5},{"damage":0,"enemies":"Snecko","floor":27,"turns":5},{"damage":20,"enemies":"Cultist and Chosen","floor":29,"turns":7},{"damage":24,"enemies":"Snake Plant","floor":30,"turns":3},{"damage":0,"enemies":"Sentry and Sphere","floor":31,"turns":4},{"damage":30,"enemies":"Collector","floor":33,"turns":8},{"damage":4,"enemies":"3 Shapes","floor":35,"turns":4},{"damage":0,"enemies":"Orb Walker","floor":39,"turns":3},{"damage":0,"enemies":"4 Shapes","floor":41,"turns":3},{"damage":0,"enemies":"Transient","floor":42,"turns":6},{"damage":1,"enemies":"Maw","floor":47,"turns":6},{"damage":66,"enemies":"Donu and Deca","floor":50,"turns":10}],"seed_played":"-5881089294502352756","potions_obtained":[{"floor":2,"key":"PowerPotion"},{"floor":10,"key":"SneckoOil"},{"floor":12,"key":"SkillPotion"},{"floor":16,"key":"Explosive Potion"},{"floor":18,"key":"Dexterity Potion"},{"floor":29,"key":"Explosive Potion"},{"floor":31,"key":"SkillPotion"}],"is_trial":false,"path_per_floor":["M","M","?","T","M","R","E","R","T","?","?","M","M","E","R","B",null,"M","?","$","M","$","M","R","M","T","M","$","M","M","M","R","B",null,"M","$","?","?","M","R","M","M","T","R","$","T","M","?","R","B"],"character_chosen":"DEFECT","items_purchased":["Anchor","War Paint","White Noise"],"campfire_rested":1,"item_purchase_floors":[22,28,45],"current_hp_per_floor":[56,62,57,57,57,57,63,63,63,63,63,60,65,60,60,50,66,68,61,61,61,61,47,47,54,54,61,61,48,31,38,59,36,62,65,65,65,71,71,71,71,71,71,71,71,71,71,71,71,12],"gold":44,"neow_bonus":"THREE_CARDS","is_prod":false,"is_daily":false,"chose_seed":false,"campfire_upgraded":7,"win_rate":0,"timestamp":1538111948,"path_taken":["M","M","?","?","M","R","E","R","T","?","?","M","M","E","R","BOSS","M","?","$","?","$","M","R","M","T","M","$","M","M","M","R","BOSS","M","$","?","?","?","R","M","M","T","R","?","?","M","?","R","BOSS"],"build_version":"2018-09-27","purchased_purges":2,"victory":true,"max_hp_per_floor":[71,71,71,71,71,71,71,71,71,71,71,71,71,71,71,71,71,71,71,71,71,71,71,71,71,71,71,71,71,71,71,71,71,71,71,71,71,71,71,71,71,71,71,71,71,71,71,71,71,71],"card_choices":[{"not_picked":["Compile Driver","Sweeping Beam"],"picked":"Doom and Gloom","floor":0},{"not_picked":["Conserve Battery","Auto Shields"],"picked":"Self Repair","floor":1},{"not_picked":["Ball Lightning","Turbo"],"picked":"Melter","floor":2},{"not_picked":["Reinforced Body","Reprogram"],"picked":"Go for the Eyes","floor":5},{"not_picked":["Stack","Tempest"],"picked":"Biased Cognition","floor":7},{"not_picked":["BootSequence","Hologram"],"picked":"Coolheaded","floor":12},{"not_picked":["Auto Shields","Gash"],"picked":"Hologram","floor":13},{"not_picked":["Conserve Battery","Genetic Algorithm"],"picked":"Defragment","floor":14},{"not_picked":["Buffer","Reboot"],"picked":"Core Surge","floor":16},{"not_picked":["Rip and Tear","Stack"],"picked":"Cold Snap","floor":18},{"not_picked":["Loop","Hologram"],"picked":"Capacitor","floor":21},{"not_picked":["Rebound","Sunder","Steam"],"picked":"SKIP","floor":23},{"not_picked":["Reprogram","Hyperbeam","Barrage"],"picked":"SKIP","floor":25},{"not_picked":["Recycle","Coolheaded"],"picked":"Defragment","floor":27},{"not_picked":["Lockon","Barrage","Heatsinks"],"picked":"SKIP","floor":29},{"not_picked":["Coolheaded","Steam Power"],"picked":"Stack","floor":30},{"not_picked":["Sweeping Beam","Turbo","Streamline"],"picked":"SKIP","floor":31},{"not_picked":["Hyperbeam","All For One"],"picked":"Seek","floor":33},{"not_picked":["FTL","Aggregate+1"],"picked":"Redo+1","floor":35},{"not_picked":["Reinforced Body+1","Coolheaded"],"picked":"Compile Driver","floor":39},{"not_picked":["Gash+1","Streamline","Conserve Battery"],"picked":"SKIP","floor":41},{"not_picked":["Static Discharge","Scrape+1"],"picked":"Seek","floor":42},{"not_picked":["Steam","Barrage","Beam Cell"],"picked":"SKIP","floor":47}],"player_experience":271568,"relics_obtained":[{"floor":4,"key":"Pen Nib"},{"floor":7,"key":"Gremlin Horn"},{"floor":9,"key":"Lantern"},{"floor":14,"key":"Happy Flower"},{"floor":26,"key":"Bottled Lightning"},{"floor":43,"key":"Cables"},{"floor":46,"key":"Mummified Hand"}],"event_choices":[{"event_name":"Scrap Ooze","player_choice":"success","floor":3,"damage_taken":5},{"event_name":"The Woman in Blue","player_choice":"Bought 1 Potion","floor":10,"damage_taken":0},{"event_name":"The Cleric","player_choice":"Card Removal","floor":11,"damage_taken":0},{"event_name":"Colosseum","player_choice":"Fight","floor":19,"damage_taken":0},{"event_name":"Colosseum","player_choice":"Fled From Nobs","floor":19,"damage_taken":0},{"event_name":"Upgrade Shrine","player_choice":"Upgraded","floor":37,"damage_taken":0},{"event_name":"Wheel of Change","player_choice":"Full Heal","floor":38,"damage_taken":0},{"event_name":"Mysterious Sphere","player_choice":"Ignore","floor":48,"damage_taken":0}],"is_beta":false,"boss_relics":[{"not_picked":["Runic Pyramid","Calling Bell"],"picked":"Runic Dome"},{"not_picked":["Inserter","White Beast Statue"],"picked":"Sozu"}],"items_purged_floors":[20,36],"is_endless":false,"potions_floor_spawned":[2,12,16,18,19,29,31,39],"ascension_level":17}