{"gold_per_floor":[110,110,110,123,136,171,131,155,155,189,201,215,215,225,225,324,324,340,353,353,199,214,214,234,234,234,252,252,252,272,272,272,370,370,383,383,403,181,200,200,4,18,87,87,87,97,97,97,97,97],"floor_reached":51,"playtime":3095,"items_purged":["Strike_B","Defend_B","Defend_B"],"score":867,"play_id":"9f59ce1e-559d-4ddc-96c3-0aab69a4342d","local_time":"20180917014047","is_ascension_mode":true,"campfire_choices":[{"floor":13,"key":"REST"},{"data":"Blizzard","floor":15,"key":"SMITH"},{"floor":23,"key":"REST"},{"data":"Blizzard","floor":25,"key":"SMITH"},{"data":"Hologram","floor":29,"key":"SMITH"},{"data":"Conserve Battery","floor":32,"key":"SMITH"},{"data":"Capacitor","floor":40,"key":"SMITH"},{"data":"Cold Snap","floor":45,"key":"SMITH"},{"floor":47,"key":"REST"},{"floor":49,"key":"REST"}],"neow_cost":"","seed_source_timestamp":197144705978666,"circlet_count":0,"master_deck":["Defend_B+1","Defend_B+1","Zap","Dualcast","Cold Snap+1","Blizzard+1","Go for the Eyes","Cold Snap","Hologram+1","Conserve Battery+1","Rebound","Self Repair","Creative AI","Cold Snap","Streamline+1","Chill","Blizzard+1","Hologram+1","Bite","Bite","Bite","Bite","Bite","Conserve Battery+1","Echo Form","Loop+1","Panacea","Discovery","Madness","Capacitor+1","Barrage+1","Barrage+1","Aggregate","Stack","Reboot"],"relics":["Cracked Core","Regal Pillow","Omamori","Centennial Puzzle","Lizard Tail","WarpedTongs","Bottled Lightning","Molten Egg 2","Inserter","Blue Candle","StoneCalendar"],"potions_floor_usage":[10,11,33,39,50,50],"damage_taken":[{"damage":4,"enemies":"Jaw Worm","floor":1,"turns":4},{"damage":0,"enemies":"Cultist","floor":4,"turns":4},{"damage":0,"enemies":"2 Louse","floor":5,"turns":1},{"damage":27,"enemies":"Lagavulin","floor":6,"turns":7},{"damage":10,"enemies":"3 Sentries","floor":10,"turns":9},{"damage":6,"enemies":"Exordium Wildlife","floor":11,"turns":4},{"damage":10,"enemies":"Looter","floor":12,"turns":3},{"damage":1,"enemies":"Exordium Thugs","floor":14,"turns":5},{"damage":46,"enemies":"Slime Boss","floor":16,"turns":14},{"damage":10,"enemies":"Spheric Guardian","floor":18,"turns":7},{"damage":21,"enemies":"3 Byrds","floor":19,"turns":6},{"damage":24,"enemies":"Sentry and Sphere","floor":22,"turns":6},{"damage":33,"enemies":"Snake Plant","floor":24,"turns":5},{"damage":5,"enemies":"3 Cultists","floor":27,"turns":5},{"damage":12,"enemies":"Chosen and Byrds","floor":30,"turns":7},{"damage":34,"enemies":"Collector","floor":33,"turns":15},{"damage":15,"enemies":"Orb Walker","floor":35,"turns":4},{"damage":4,"enemies":"3 Shapes","floor":37,"turns":6},{"damage":12,"enemies":"Reptomancer","floor":39,"turns":9},{"damage":29,"enemies":"Sphere and 2 Shapes","floor":42,"turns":5},{"damage":33,"enemies":"Mind Bloom Boss Battle","floor":44,"turns":9},{"damage":41,"enemies":"Transient","floor":46,"turns":5},{"damage":28,"enemies":"Donu and Deca","floor":50,"turns":10}],"seed_played":"987683476095083046","potions_obtained":[{"floor":2,"key":"Regen Potion"},{"floor":2,"key":"SkillPotion"},{"floor":2,"key":"Strength Potion"},{"floor":10,"key":"FocusPotion"},{"floor":14,"key":"FocusPotion"},{"floor":33,"key":"FocusPotion"},{"floor":37,"key":"Fruit Juice"},{"floor":46,"key":"SpeedPotion"}],"is_trial":false,"path_per_floor":["M","?","?","M","M","E","?","T","T","E","M","M","R","M","R","B",null,"M","M","?","$","M","R","M","R","T","M","?","R","M","T","R","B",null,"M","?","M","$","M","R","$","M","T","?","R","M","R","?","R","B"],"character_chosen":"DEFECT","items_purchased":["Chill","Capacitor","Barrage+1","Aggregate"],"campfire_rested":4,"item_purchase_floors":[21,38,38,41],"current_hp_per_floor":[64,64,49,49,49,22,22,22,22,27,23,15,52,53,53,16,60,59,47,47,47,25,62,38,38,38,45,45,45,56,56,56,59,71,68,58,74,74,80,80,80,67,67,54,54,20,59,59,80,63],"gold":97,"neow_bonus":"","is_prod":false,"is_daily":false,"chose_seed":false,"campfire_upgraded":6,"win_rate":0,"timestamp":1537162847,"path_taken":["M","?","?","M","?","E","?","?","T","E","M","M","R","M","R","BOSS","M","M","?","$","M","R","M","R","T","M","?","R","M","?","R","BOSS","M","?","M","$","M","R","$","M","T","?","R","M","R","?","R","BOSS"],"build_version":"2018-09-06","purchased_purges":3,"victory":true,"max_hp_per_floor":[75,75,75,75,75,75,75,75,75,75,75,75,75,75,75,75,75,75,75,75,75,75,75,75,75,75,75,75,75,75,75,75,75,75,75,75,75,75,80,80,80,80,80,80,80,80,80,80,80,80],"card_choices":[{"not_picked":["Conserve Battery","Doom and Gloom"],"picked":"Cold Snap","floor":1},{"not_picked":["Barrage","Stack"],"picked":"Blizzard","floor":4},{"not_picked":["Compile Driver","Sweeping Beam"],"picked":"Go for the Eyes","floor":5},{"not_picked":["Redo","Melter"],"picked":"Cold Snap","floor":6},{"not_picked":["Heatsinks","FTL"],"picked":"Hologram","floor":10},{"not_picked":["Fusion","Hyperbeam"],"picked":"Conserve Battery","floor":11},{"not_picked":["Compile Driver","Lockon"],"picked":"Rebound","floor":12},{"not_picked":["Beam Cell","Ball Lightning"],"picked":"Self Repair","floor":14},{"not_picked":["Hyperbeam","Buffer"],"picked":"Creative AI","floor":16},{"not_picked":["FTL","Compile Driver"],"picked":"Cold Snap","floor":18},{"not_picked":["Ball Lightning","Consume+1"],"picked":"Streamline+1","floor":19},{"not_picked":["Chaos+1","Steam","Streamline"],"picked":"SKIP","floor":22},{"not_picked":["Ball Lightning","Cold Snap"],"picked":"Blizzard","floor":24},{"not_picked":["Heatsinks","Undo"],"picked":"Hologram+1","floor":27},{"not_picked":["Sweeping Beam","Thunder Strike"],"picked":"Conserve Battery+1","floor":30},{"not_picked":["All For One+1","Thunder Strike+1"],"picked":"Echo Form","floor":33},{"not_picked":["Redo","Heatsinks"],"picked":"Loop+1","floor":35},{"not_picked":["Mind Blast+1","Finesse"],"picked":"Panacea","floor":36},{"not_picked":["Good Instincts","Enlightenment"],"picked":"Discovery","floor":36},{"not_picked":["Discovery","Violence"],"picked":"Madness","floor":36},{"not_picked":["Darkness","Turbo","Genetic Algorithm+1"],"picked":"SKIP","floor":37},{"not_picked":["Streamline+1","Go for the Eyes+1"],"picked":"Barrage+1","floor":39},{"not_picked":["Compile Driver+1","Conserve Battery+1"],"picked":"Stack","floor":42},{"not_picked":["Storm+1","Aggregate"],"picked":"Reboot","floor":46}],"player_experience":197895,"relics_obtained":[{"floor":6,"key":"Regal Pillow"},{"floor":8,"key":"Omamori"},{"floor":9,"key":"Centennial Puzzle"},{"floor":10,"key":"Blood Vial"},{"floor":26,"key":"Bottled Lightning"},{"floor":31,"key":"Molten Egg 2"},{"floor":43,"key":"Blue Candle"},{"floor":44,"key":"StoneCalendar"}],"event_choices":[{"event_name":"The Lab","player_choice":"Got Potions","floor":2,"damage_taken":0},{"event_name":"Shining Light","player_choice":"Entered Light","floor":3,"damage_taken":0},{"event_name":"World of Goop","player_choice":"Left","floor":7,"damage_taken":0},{"event_name":"Accursed Blacksmith","player_choice":"Rummage","floor":20,"damage_taken":0},{"event_name":"Vampires","player_choice":"Became a vampire (Vial)","floor":28,"damage_taken":0},{"event_name":"SensoryStone","player_choice":"Memory 3","floor":36,"damage_taken":0},{"event_name":"MindBloom","player_choice":"Fight","floor":44,"damage_taken":0},{"event_name":"Mysterious Sphere","player_choice":"Ignore","floor":48,"damage_taken":0}],"is_beta":false,"boss_relics":[{"not_picked":["Snecko Eye","Runic Pyramid"],"picked":"Lizard Tail"},{"not_picked":["Calling Bell","Astrolabe"],"picked":"Inserter"}],"items_purged_floors":[21,38,41],"is_endless":false,"potions_floor_spawned":[4,5,10,14,19,22,30,33,35,37,46],"ascension_level":6}