{"path_per_floor":["M","M","$","?","M","E","R","E","T","M","R","M","M","$","R","B",null,"M","?","?","M","M","R","M","R","T"],"character_chosen":"THE_SILENT","items_purchased":["Noxious Fumes","PiercingWail","Sadistic Nature","Regal Pillow"],"gold_per_floor":[364,381,21,21,41,75,75,107,107,127,127,141,154,35,35,108,108,120,100,100,118,130,130,148,148,148,148],"floor_reached":27,"campfire_rested":4,"playtime":1053,"current_hp_per_floor":[59,57,57,57,51,27,45,26,26,12,30,30,16,16,49,45,56,48,48,39,39,14,20,11,50,50,0],"items_purged":["Strike_G"],"gold":148,"score":394,"play_id":"b3ae49a0-f3a6-4ead-b814-3eafbb7c6496","local_time":"20180408034104","is_prod":false,"is_daily":false,"is_ascension_mode":true,"campfire_upgraded":1,"timestamp":1523126464,"path_taken":["M","M","$","?","?","E","R","E","T","M","R","M","M","$","R","BOSS","M","?","?","M","M","R","M","R","T","E"],"build_version":"2018-04-05v2","purchased_purges":1,"victory":false,"master_deck":["Defend_G","Defend_G","Defend_G","Defend_G","Defend_G","Strike_G","Strike_G","Strike_G","Strike_G","Survivor","Neutralize","AscendersBane","Bouncing Flask","Noxious Fumes","PiercingWail","Sadistic Nature","Catalyst+1","Dodge and Roll","Backstab"],"max_hp_per_floor":[60,60,60,60,60,60,60,60,60,60,60,60,60,60,60,60,60,60,60,60,60,60,60,60,60,60,60],"relics":["Ring of the Snake","The Courier","Vajra","Girya","Regal Pillow","Eternal Feather","Lantern"],"card_choices":[{"not_picked":["Quick Slash","Leg Sweep"],"picked":"Bouncing Flask","floor":1},{"not_picked":["Prepared","Setup"],"picked":"Catalyst","floor":8},{"not_picked":["Venomology","Noxious Fumes"],"picked":"Dodge and Roll","floor":12},{"not_picked":["Underhanded Strike","Dagger Throw"],"picked":"Backstab","floor":13}],"player_experience":415277,"potions_floor_usage":[6,8,16,16,16,21,27],"damage_taken":[{"damage":0,"enemies":"Cultist","floor":1,"turns":4},{"damage":2,"enemies":"Jaw Worm","floor":2,"turns":6},{"damage":6,"enemies":"Small Slimes","floor":5,"turns":3},{"damage":24,"enemies":"Lagavulin","floor":6,"turns":6},{"damage":19,"enemies":"Gremlin Nob","floor":8,"turns":4},{"damage":14,"enemies":"Gremlin Gang","floor":10,"turns":5},{"damage":0,"enemies":"Large Slime","floor":12,"turns":5},{"damage":14,"enemies":"3 Louse","floor":13,"turns":3},{"damage":4,"enemies":"Hexaghost","floor":16,"turns":7},{"damage":8,"enemies":"Shell Parasite","floor":18,"turns":6},{"damage":12,"enemies":"3 Byrds","floor":21,"turns":5},{"damage":25,"enemies":"Snecko","floor":22,"turns":6},{"damage":9,"enemies":"Snake Plant","floor":24,"turns":4},{"damage":51,"enemies":"Gremlin Leader","floor":27,"turns":8}],"event_choices":[{"event_name":"Golden Idol","player_choice":"Ignored","floor":4,"damage_taken":0},{"event_name":"The Woman in Blue","player_choice":"Bought 1 Potion","floor":19,"damage_taken":0},{"event_name":"Knowing Skull","player_choice":"","floor":20,"damage_taken":0}],"boss_relics":[{"not_picked":["Orrery","Black Star"],"picked":"Eternal Feather"}],"potions_floor_spawned":[1,6,10,12,13,22],"seed_played":"-5871002641435788926","killed_by":"Gremlin Leader","ascension_level":15,"is_trial":false}