{"gold_per_floor":[115,115,125,125,143,175,175,200,226,226,191,209,237,256,256,333,333,346,18,0,0,0,34,34,60,129,147,147,159,184,184,184,257,257,273,289,21,35,48,83,83,83,83,111,111,138,138,157,157,157],"floor_reached":51,"playtime":3971,"items_purged":["Strike_B"],"score":1426,"play_id":"c2e74249-4f28-4d4a-b2d8-f87c7c96fcab","local_time":"20190303000026","is_ascension_mode":true,"campfire_choices":[{"floor":7.0,"key":"REST"},{"floor":10.0,"key":"REST"},{"data":"Zap","floor":15.0,"key":"SMITH"},{"floor":24,"key":"REST"},{"floor":28,"key":"REST"},{"floor":32,"key":"REST"},{"floor":41,"key":"REST"},{"floor":47,"key":"REST"},{"data":"Seek","floor":49,"key":"SMITH"}],"neow_cost":"PERCENT_DAMAGE","seed_source_timestamp":0,"circlet_count":0,"master_deck":["AscendersBane","Defend_B","Defend_B","Defend_B","Defend_B","Zap+1","Dualcast","Conserve Battery","Auto Shields","White Noise","Steam","Capacitor","Chill","FTL","Cold Snap","Leap","Seek+1","Buffer","Hologram","Undo","Sunder","Turbo","Capacitor+1","Consume+1","Shame","Coolheaded+1","Compile Driver+1","Decay","Creative AI","Master of Strategy","Parasite","Glacier","Master of Strategy"],"special_seed":0,"relics":["Cracked Core","Boot","Happy Flower","Oddly Smooth Stone","DataDisk","Cursed Key","HandDrill","Nilry\u0027s Codex","Bag of Preparation","Pantograph","Singing Bowl","Molten Egg 2","Lizard Tail","Pen Nib","Strawberry","Art of War","The Courier"],"potions_floor_usage":[25,30,33,39,50,50],"damage_taken":[{"damage":0.0,"enemies":"2 Louse","floor":1.0,"turns":1.0},{"damage":7.0,"enemies":"Jaw Worm","floor":3.0,"turns":3.0},{"damage":0.0,"enemies":"Small Slimes","floor":5.0,"turns":5.0},{"damage":16.0,"enemies":"Lagavulin","floor":6.0,"turns":7.0},{"damage":40.0,"enemies":"Gremlin Nob","floor":8.0,"turns":6.0},{"damage":7.0,"enemies":"Blue Slaver","floor":12.0,"turns":3.0},{"damage":8.0,"enemies":"Lagavulin","floor":13.0,"turns":8.0},{"damage":0.0,"enemies":"2 Fungi Beasts","floor":14.0,"turns":3.0},{"damage":20.0,"enemies":"Hexaghost","floor":16.0,"turns":8.0},{"damage":0,"enemies":"Shell Parasite","floor":18,"turns":9},{"damage":3,"enemies":"2 Thieves","floor":20,"turns":4},{"damage":42,"enemies":"Book of Stabbing","floor":23,"turns":9},{"damage":23,"enemies":"Slavers","floor":25,"turns":8},{"damage":0,"enemies":"Chosen and Byrds","floor":27,"turns":7},{"damage":11,"enemies":"Sentry and Sphere","floor":29,"turns":7},{"damage":13,"enemies":"Book of Stabbing","floor":30,"turns":5},{"damage":14,"enemies":"Collector","floor":33,"turns":11},{"damage":15,"enemies":"3 Darklings","floor":35,"turns":6},{"damage":0,"enemies":"3 Shapes","floor":36,"turns":5},{"damage":30,"enemies":"Maw","floor":38,"turns":8},{"damage":33,"enemies":"Jaw Worm Horde","floor":39,"turns":6},{"damage":26,"enemies":"Nemesis","floor":40,"turns":9},{"damage":2,"enemies":"Giant Head","floor":44,"turns":7},{"damage":0,"enemies":"Nemesis","floor":46,"turns":9},{"damage":16,"enemies":"Transient","floor":48,"turns":5},{"damage":9,"enemies":"Awakened One","floor":50,"turns":14}],"seed_played":"-5296870972373029733","potions_obtained":[{"floor":3.0,"key":"FearPotion"},{"floor":5.0,"key":"Strength Potion"},{"floor":12.0,"key":"Swift Potion"},{"floor":14.0,"key":"PowerPotion"},{"floor":23,"key":"SkillPotion"},{"floor":25,"key":"Explosive Potion"},{"floor":27,"key":"PowerPotion"},{"floor":35,"key":"SpeedPotion"},{"floor":39,"key":"LiquidBronze"},{"floor":40,"key":"FocusPotion"}],"is_trial":false,"path_per_floor":["M","?","M","?","M","E","R","E","T","R","?","M","E","M","R","B",null,"M","$","M","?","?","E","R","E","T","M","R","M","E","?","R","B",null,"M","M","$","M","M","E","R","?","T","E","?","E","R","M","R","B",null],"character_chosen":"DEFECT","items_purchased":["Buffer","Hologram","HandDrill","Master of Strategy"],"campfire_rested":7,"item_purchase_floors":[19,19,19,37],"current_hp_per_floor":[60,60,53,53,53,37,62,22,22,47,68,61,53,53,53,33,72,72,72,69,48,48,6,31,8,8,8,33,24,11,11,37,48,77,64,66,66,38,7,32,61,61,68,66,66,68,99,85,85,99],"gold":157,"neow_bonus":"TWENTY_PERCENT_HP_BONUS","is_prod":false,"is_daily":false,"chose_seed":false,"campfire_upgraded":2,"win_rate":0,"timestamp":1551567626,"path_taken":["M","?","M","?","M","E","R","E","T","R","?","M","E","M","R","BOSS","M","$","M","?","?","E","R","E","T","M","R","M","E","?","R","BOSS","M","M","$","M","M","E","R","?","T","E","?","E","R","M","R","BOSS"],"build_version":"2019-01-23","purchased_purges":1,"victory":true,"max_hp_per_floor":[85,85,85,85,85,85,85,85,85,85,85,85,85,85,85,85,85,85,85,85,85,85,85,85,85,85,85,85,87,87,87,87,87,87,89,91,91,93,95,97,97,97,104,104,104,106,106,108,108,108],"card_choices":[{"not_picked":["Consume","Fusion"],"picked":"Conserve Battery","floor":1.0},{"not_picked":["Conserve Battery","Hologram"],"picked":"Auto Shields","floor":3.0},{"not_picked":["Reprogram","Gash"],"picked":"Steam","floor":5.0},{"not_picked":["Reinforced Body","Cold Snap"],"picked":"Capacitor","floor":6.0},{"not_picked":["Lockon","Barrage"],"picked":"Chill","floor":8.0},{"not_picked":["Turbo","Scrape"],"picked":"FTL","floor":12.0},{"not_picked":["Fission","Blizzard"],"picked":"Cold Snap","floor":13.0},{"not_picked":["Auto Shields","Static Discharge"],"picked":"Leap","floor":14.0},{"not_picked":["Amplify","Multi-Cast"],"picked":"Seek","floor":16.0},{"not_picked":["Conserve Battery","Redo","Scrape"],"picked":"SKIP","floor":18},{"not_picked":["Sweeping Beam","Turbo"],"picked":"Undo","floor":20},{"not_picked":["Defragment","Hello World"],"picked":"Capacitor+1","floor":23},{"not_picked":["Recycle","Go for the Eyes"],"picked":"Consume+1","floor":25},{"not_picked":["Capacitor","Stack"],"picked":"Coolheaded+1","floor":27},{"not_picked":["White Noise+1","Capacitor","Doom and Gloom"],"picked":"Singing Bowl","floor":29},{"not_picked":["Doom and Gloom","Turbo"],"picked":"Compile Driver","floor":30},{"not_picked":["Fission","Biased Cognition"],"picked":"Creative AI","floor":33},{"not_picked":["Beam Cell+1","Ball Lightning+1","Go for the Eyes+1"],"picked":"Singing Bowl","floor":35},{"not_picked":["Conserve Battery","White Noise","Double Energy"],"picked":"Singing Bowl","floor":36},{"not_picked":["Scrape+1","Stack","Steam"],"picked":"Singing Bowl","floor":38},{"not_picked":["Darkness","Rebound+1","Cold Snap+1"],"picked":"Singing Bowl","floor":39},{"not_picked":["Rebound+1","Stack","Cold Snap+1"],"picked":"Singing Bowl","floor":40},{"not_picked":["Undo","Static Discharge"],"picked":"Glacier","floor":44},{"not_picked":["Recycle","White Noise","Chill"],"picked":"Singing Bowl","floor":46},{"not_picked":["Tempest","Ball Lightning+1","Redo"],"picked":"Singing Bowl","floor":48}],"player_experience":1043969,"relics_obtained":[{"floor":6.0,"key":"Boot"},{"floor":8.0,"key":"Happy Flower"},{"floor":9.0,"key":"Oddly Smooth Stone"},{"floor":13.0,"key":"DataDisk"},{"floor":21,"key":"Nilry\u0027s Codex"},{"floor":23,"key":"Bag of Preparation"},{"floor":25,"key":"Pantograph"},{"floor":26,"key":"Singing Bowl"},{"floor":30,"key":"Molten Egg 2"},{"floor":40,"key":"Pen Nib"},{"floor":43,"key":"Strawberry"},{"floor":44,"key":"Art of War"},{"floor":46,"key":"The Courier"}],"event_choices":[{"damage_healed":0.0,"max_hp_gain":0.0,"max_hp_loss":0.0,"gold_gain":0.0,"event_name":"Scrap Ooze","player_choice":"Fled","floor":2.0,"gold_loss":0.0,"damage_taken":0.0},{"damage_healed":0.0,"max_hp_gain":0.0,"max_hp_loss":0.0,"gold_gain":0.0,"cards_transformed":["Strike_B"],"event_name":"Living Wall","player_choice":"Change","floor":4.0,"gold_loss":0.0,"damage_taken":0.0,"cards_obtained":["White Noise"]},{"damage_healed":21.0,"max_hp_gain":0.0,"max_hp_loss":0.0,"gold_gain":0.0,"event_name":"The Cleric","player_choice":"Healed","floor":11.0,"gold_loss":35.0,"damage_taken":0.0},{"damage_healed":0,"gold_gain":0,"player_choice":"Obtained Book","damage_taken":21,"max_hp_gain":0,"max_hp_loss":0,"event_name":"Cursed Tome","floor":21,"gold_loss":0},{"damage_healed":0,"gold_gain":0,"cards_transformed":["Strike_B","Strike_B"],"player_choice":"Became Test Subject","damage_taken":0,"max_hp_gain":0,"max_hp_loss":0,"event_name":"Drug Dealer","floor":22,"gold_loss":0,"cards_obtained":["Sunder","Turbo"]},{"damage_healed":0,"gold_gain":0,"player_choice":"Smashed Altar","damage_taken":0,"max_hp_gain":0,"max_hp_loss":0,"event_name":"Forgotten Altar","floor":31,"gold_loss":0,"cards_obtained":["Decay"]},{"damage_healed":0,"gold_gain":0,"player_choice":"Ignored","damage_taken":0,"max_hp_gain":0,"max_hp_loss":0,"event_name":"Mysterious Sphere","floor":42,"gold_loss":0},{"damage_healed":0,"gold_gain":0,"player_choice":"Copied","damage_taken":0,"max_hp_gain":0,"max_hp_loss":0,"event_name":"Duplicator","floor":45,"gold_loss":0,"cards_obtained":["Master of Strategy"]}],"is_beta":false,"boss_relics":[{"not_picked":["FrozenCore","Astrolabe"],"picked":"Cursed Key"},{"not_picked":["Runic Dome","Inserter"],"picked":"Lizard Tail"}],"items_purged_floors":[37],"is_endless":false,"potions_floor_spawned":[3,5,12,14,23,25,27,29,35,39,40,46],"ascension_level":15}