{"gold_per_floor":[366,366,18,31,31,65,65,106,106,119,139,139,154,154,154,247,247,268,34,34,47,70,70,70],"floor_reached":24,"playtime":858,"items_purged":["Strike_B","Strike_B"],"score":381,"play_id":"970c3d01-174e-4687-b0a7-99e49a8a6a71","local_time":"20190222175546","is_ascension_mode":true,"campfire_choices":[{"floor":7.0,"key":"REST"},{"floor":12.0,"key":"REST"},{"data":"Rip and Tear","floor":15.0,"key":"SMITH"},{"floor":23,"key":"REST"}],"neow_cost":"PERCENT_DAMAGE","seed_source_timestamp":242546866644760,"circlet_count":0,"master_deck":["AscendersBane","Defend_B","Defend_B","Defend_B+1","Defend_B","Zap","Dualcast","Rip and Tear+1","White Noise","Core Surge","Conserve Battery","Sweeping Beam","Reinforced Body+1","Heatsinks","Ball Lightning","Go for the Eyes","BootSequence","Ball Lightning","Biased Cognition","Auto Shields","Hello World","Flash of Steel","Steam","Shame","Steam+1","Defragment"],"special_seed":0,"relics":["Cracked Core","Golden Idol","Question Card","War Paint","The Courier","Philosopher\u0027s Stone","PreservedInsect"],"potions_floor_usage":[16,24],"damage_taken":[{"damage":2.0,"enemies":"Jaw Worm","floor":1.0,"turns":3.0},{"damage":5.0,"enemies":"Small Slimes","floor":4.0,"turns":4.0},{"damage":18.0,"enemies":"Gremlin Nob","floor":6.0,"turns":4.0},{"damage":19.0,"enemies":"3 Sentries","floor":8.0,"turns":6.0},{"damage":4.0,"enemies":"2 Louse","floor":10.0,"turns":2.0},{"damage":1.0,"enemies":"Exordium Wildlife","floor":11.0,"turns":4.0},{"damage":0.0,"enemies":"Large Slime","floor":13.0,"turns":4.0},{"damage":20,"enemies":"Slime Boss","floor":16,"turns":6},{"damage":23,"enemies":"2 Thieves","floor":18,"turns":4},{"damage":13,"enemies":"Shell Parasite","floor":21,"turns":4},{"damage":4,"enemies":"Centurion and Healer","floor":22,"turns":5},{"damage":29,"enemies":"Slavers","floor":24,"turns":4}],"seed_played":"-1262378448333953377","potions_obtained":[{"floor":4.0,"key":"SneckoOil"},{"floor":8.0,"key":"EssenceOfSteel"},{"floor":10.0,"key":"SteroidPotion"},{"floor":13.0,"key":"Strength Potion"},{"floor":18,"key":"SkillPotion"}],"is_trial":false,"path_per_floor":["M","?","$","M","?","E","R","E","T","M","M","R","M","?","R","B",null,"M","$","?","M","M","R","E"],"character_chosen":"DEFECT","items_purchased":["Core Surge","Conserve Battery","Sweeping Beam","Hello World","Flash of Steel","Steam"],"campfire_rested":3,"item_purchase_floors":[3,3,3,19,19,19],"current_hp_per_floor":[44,44,44,39,39,21,40,21,21,17,16,35,35,28,28,8,50,27,27,27,14,10,29,0],"gold":70,"neow_bonus":"TWO_FIFTY_GOLD","is_prod":false,"is_daily":false,"chose_seed":false,"campfire_upgraded":1,"win_rate":0,"timestamp":1550876146,"path_taken":["M","?","$","M","?","E","R","E","T","M","M","R","M","?","R","BOSS","M","$","?","M","M","R","E"],"build_version":"2019-01-23","purchased_purges":2,"victory":false,"max_hp_per_floor":[71,71,71,71,64,64,64,64,64,64,64,64,64,64,64,64,64,64,64,64,64,64,64,64],"card_choices":[{"not_picked":["Redo","Turbo"],"picked":"Rip and Tear","floor":1.0},{"not_picked":["Turbo","Stack"],"picked":"Reinforced Body","floor":4.0},{"not_picked":["Tempest","Beam Cell"],"picked":"Heatsinks","floor":6.0},{"not_picked":["Cold Snap","Darkness","Static Discharge"],"picked":"Ball Lightning","floor":8.0},{"not_picked":["Beam Cell","Barrage","Leap"],"picked":"Go for the Eyes","floor":10.0},{"not_picked":["Conserve Battery","Double Energy","Auto Shields"],"picked":"BootSequence","floor":11.0},{"not_picked":["Blizzard","Redo","Turbo"],"picked":"Ball Lightning","floor":13.0},{"not_picked":["Machine Learning","Amplify","Fission"],"picked":"Biased Cognition","floor":16},{"not_picked":["Chaos","Streamline","Fusion"],"picked":"Auto Shields","floor":18},{"not_picked":["Streamline","Darkness","Rebound"],"picked":"Steam+1","floor":21},{"not_picked":["Force Field","Fusion","Barrage"],"picked":"Defragment","floor":22}],"player_experience":543291,"relics_obtained":[{"floor":6.0,"key":"Question Card"},{"floor":8.0,"key":"War Paint"},{"floor":9.0,"key":"The Courier"}],"event_choices":[{"damage_healed":0.0,"max_hp_gain":0.0,"max_hp_loss":0.0,"gold_gain":0.0,"cards_transformed":["Strike_B"],"event_name":"Living Wall","player_choice":"Change","floor":2.0,"gold_loss":0.0,"damage_taken":0.0,"cards_obtained":["White Noise"]},{"damage_healed":0.0,"max_hp_gain":0.0,"max_hp_loss":7.0,"gold_gain":0.0,"event_name":"Golden Idol","player_choice":"Lose Max HP","floor":5.0,"gold_loss":0.0,"damage_taken":0.0,"relics_obtained":["Golden Idol"]},{"cards_removed":["Strike_B"],"damage_healed":0.0,"max_hp_gain":0.0,"max_hp_loss":0.0,"gold_gain":0.0,"event_name":"Golden Wing","player_choice":"Card Removal","floor":14.0,"gold_loss":0.0,"damage_taken":7.0},{"damage_healed":0,"gold_gain":0,"player_choice":"Stole Relic","damage_taken":0,"relics_obtained":["PreservedInsect"],"max_hp_gain":0,"max_hp_loss":0,"event_name":"Addict","floor":20,"gold_loss":0,"cards_obtained":["Shame"]}],"is_beta":false,"boss_relics":[{"not_picked":["White Beast Statue","Runic Pyramid"],"picked":"Philosopher\u0027s Stone"}],"items_purged_floors":[3,19],"is_endless":false,"potions_floor_spawned":[4,8,10,13,18],"killed_by":"Slavers","ascension_level":17}