{"gold_per_floor":[114,114,114,129,6,40,53,53,53,53,2,20,20,38,38,161,161,179,204,6,20,20,20,20],"floor_reached":24,"playtime":2099,"items_purged":["Injury"],"score":309,"play_id":"2e0057f4-a114-4b51-a995-3ddf30c3e0a9","local_time":"20190305010138","is_ascension_mode":true,"campfire_choices":[{"data":"Bash","floor":8,"key":"SMITH"},{"data":"1","floor":13,"key":"LIFT"},{"data":"2","floor":15,"key":"LIFT"},{"data":"3","floor":23,"key":"LIFT"}],"neow_cost":"CURSE","seed_source_timestamp":49672397372552,"circlet_count":0,"master_deck":["Defend_R","Defend_R","Defend_R","Defend_R","Bash+1","Shrug It Off","Ghostly Armor","Clothesline","Barricade","True Grit","Bite","Bite","Bite","Bite","Bite"],"relics":["Burning Blood","Girya","Golden Idol","Unceasing Top","Sundial","Busted Crown","Sling"],"potions_floor_usage":[6,16,16,21,24,24,24],"damage_taken":[{"damage":7,"enemies":"Jaw Worm","floor":1,"turns":4},{"damage":7,"enemies":"Small Slimes","floor":4,"turns":4},{"damage":22,"enemies":"3 Sentries","floor":6,"turns":14},{"damage":3,"enemies":"2 Louse","floor":7,"turns":3},{"damage":1,"enemies":"Exordium Wildlife","floor":12,"turns":6},{"damage":5,"enemies":"Blue Slaver","floor":14,"turns":3},{"damage":18,"enemies":"Slime Boss","floor":16,"turns":8},{"damage":16,"enemies":"Spheric Guardian","floor":18,"turns":6},{"damage":27,"enemies":"3 Byrds","floor":19,"turns":7},{"damage":23,"enemies":"Snake Plant","floor":21,"turns":5},{"damage":48,"enemies":"Gremlin Leader","floor":24,"turns":4}],"seed_played":"-4565460602938580910","potions_obtained":[{"floor":4,"key":"SteroidPotion"},{"floor":6,"key":"Ancient Potion"},{"floor":14,"key":"EssenceOfSteel"},{"floor":16,"key":"BloodPotion"},{"floor":19,"key":"Explosive Potion"},{"floor":21,"key":"LiquidBronze"}],"is_trial":false,"path_per_floor":["M","?","?","M","$","E","M","R","T","?","$","M","R","M","R","B",null,"M","M","$","M","?","R","E"],"character_chosen":"IRONCLAD","items_purchased":["Fire Potion","PowerPotion","Sling"],"campfire_rested":0,"item_purchase_floors":[5,11,20],"current_hp_per_floor":[71,71,71,70,70,54,57,57,57,57,57,62,62,63,63,51,71,61,40,40,23,23,23,0],"gold":20,"neow_bonus":"ONE_RARE_RELIC","is_prod":false,"is_daily":false,"chose_seed":false,"campfire_upgraded":1,"win_rate":0,"timestamp":1551769298,"path_taken":["M","?","?","M","$","E","M","R","T","?","?","?","R","M","R","BOSS","M","M","$","M","?","R","E"],"build_version":"2019-01-23","purchased_purges":1,"victory":false,"max_hp_per_floor":[80,77,77,77,77,77,77,77,77,77,77,77,77,77,77,77,77,77,77,77,77,53,53,53],"card_choices":[{"not_picked":["Hemokinesis","Armaments"],"picked":"Shrug It Off","floor":1},{"not_picked":["Warcry","Power Through"],"picked":"Ghostly Armor","floor":4},{"not_picked":["Clash","Fire Breathing","Sentinel"],"picked":"SKIP","floor":6},{"not_picked":["Blood for Blood","Spot Weakness","Rage"],"picked":"SKIP","floor":7},{"not_picked":["Sword Boomerang","Clash","Dual Wield"],"picked":"SKIP","floor":12},{"not_picked":["Anger","Twin Strike"],"picked":"Clothesline","floor":14},{"not_picked":["Double Tap","Fiend Fire"],"picked":"Barricade","floor":16},{"not_picked":["Rupture"],"picked":"SKIP","floor":18},{"not_picked":[],"picked":"True Grit","floor":19},{"not_picked":["Rupture"],"picked":"SKIP","floor":21}],"player_experience":157929,"relics_obtained":[{"floor":6,"key":"Unceasing Top"},{"floor":9,"key":"Sundial"}],"event_choices":[{"cards_removed":["Parasite"],"damage_healed":0,"gold_gain":0,"player_choice":"Forget","damage_taken":0,"max_hp_gain":0,"max_hp_loss":0,"event_name":"Living Wall","floor":2,"gold_loss":0},{"damage_healed":0,"gold_gain":0,"player_choice":"Take Wound","damage_taken":0,"relics_obtained":["Golden Idol"],"max_hp_gain":0,"max_hp_loss":0,"event_name":"Golden Idol","floor":3,"gold_loss":0,"cards_obtained":["Injury"]},{"damage_healed":0,"gold_gain":0,"player_choice":"Ignored","damage_taken":0,"max_hp_gain":0,"max_hp_loss":0,"event_name":"Liars Game","floor":10,"gold_loss":0},{"damage_healed":0,"gold_gain":0,"player_choice":"Became a vampire","damage_taken":0,"max_hp_gain":0,"max_hp_loss":24,"event_name":"Vampires","floor":22,"gold_loss":0,"cards_obtained":["Bite","Bite","Bite","Bite","Bite"]}],"is_beta":false,"boss_relics":[{"not_picked":["Astrolabe","Runic Pyramid"],"picked":"Busted Crown"}],"items_purged_floors":[5],"is_endless":false,"potions_floor_spawned":[4,6,14,16,19,21],"killed_by":"Gremlin Leader","ascension_level":9}