{"gold_per_floor":[115,115,135,135,150,176,176,189,189,219,219,230,246,257,257,357,357,372,385,396,396,409,409,423,423,478,478,202,226,257,157,157,254,254,269,62,62,77,77,77,77,77,377,377,407,14,28,0,0,0],"floor_reached":50,"playtime":2349,"items_purged":["Strike_G","Strike_G","Normality","Doubt"],"score":527,"play_id":"3adf24e8-b688-4ba5-986f-699a10cd7ba9","local_time":"20190209105211","is_ascension_mode":true,"campfire_choices":[{"data":"Poisoned Stab","floor":7,"key":"SMITH"},{"data":"Neutralize","floor":11,"key":"SMITH"},{"floor":15,"key":"REST"},{"floor":23,"key":"REST"},{"floor":25,"key":"REST"},{"floor":27,"key":"REST"},{"floor":32,"key":"REST"},{"floor":40,"key":"REST"},{"data":"Envenom","floor":42,"key":"SMITH"},{"floor":49,"key":"REST"}],"neow_cost":"NONE","seed_source_timestamp":218959736613925,"circlet_count":0,"master_deck":["Defend_G","Defend_G","Defend_G","Defend_G+1","Strike_G","Strike_G","Strike_G","Survivor+1","Neutralize+1","Bane","Die Die Die+1","Poisoned Stab+1","PiercingWail","Deadly Poison","Corpse Explosion","Envenom+1","Dagger Spray","Footwork","Well Laid Plans","Noxious Fumes+1","Leg Sweep","Dagger Throw+1","Corpse Explosion","Clumsy","Bouncing Flask+1","Finesse","Backflip+1","Prepared+1"],"relics":["Ring of the Snake","Art of War","Bag of Preparation","Sundial","White Beast Statue","Regal Pillow","Sling","Dream Catcher","Anchor","Calling Bell","War Paint","Unceasing Top","Shuriken","WingedGreaves","Old Coin","Bag of Marbles","Kunai","Red Mask"],"potions_floor_usage":[20,22,24,30,44,45,50,50,50],"damage_taken":[{"damage":1,"enemies":"Jaw Worm","floor":1,"turns":8},{"damage":1,"enemies":"Cultist","floor":3,"turns":3},{"damage":0,"enemies":"2 Louse","floor":5,"turns":1},{"damage":14,"enemies":"Gremlin Nob","floor":6,"turns":4},{"damage":0,"enemies":"Gremlin Gang","floor":8,"turns":1},{"damage":14,"enemies":"3 Sentries","floor":10,"turns":5},{"damage":3,"enemies":"Blue Slaver","floor":12,"turns":3},{"damage":0,"enemies":"Lots of Slimes","floor":13,"turns":2},{"damage":8,"enemies":"Red Slaver","floor":14,"turns":2},{"damage":25,"enemies":"The Guardian","floor":16,"turns":10},{"damage":5,"enemies":"3 Byrds","floor":18,"turns":3},{"damage":21,"enemies":"Shell Parasite","floor":19,"turns":6},{"damage":30,"enemies":"Snake Plant","floor":20,"turns":4},{"damage":8,"enemies":"Cultist and Chosen","floor":22,"turns":5},{"damage":8,"enemies":"Shelled Parasite and Fungi","floor":24,"turns":5},{"damage":45,"enemies":"Slavers","floor":30,"turns":4},{"damage":46,"enemies":"Automaton","floor":33,"turns":10},{"damage":39,"enemies":"3 Darklings","floor":35,"turns":5},{"damage":7,"enemies":"Orb Walker","floor":38,"turns":4},{"damage":13,"enemies":"Transient","floor":44,"turns":4},{"damage":5,"enemies":"Nemesis","floor":45,"turns":9},{"damage":43,"enemies":"Writhing Mass","floor":47,"turns":7},{"damage":51,"enemies":"Donu and Deca","floor":50,"turns":6}],"seed_played":"4197687069836318658","potions_obtained":[{"floor":6,"key":"GamblersBrew"},{"floor":8,"key":"Poison Potion"},{"floor":13,"key":"LiquidBronze"},{"floor":16,"key":"Energy Potion"},{"floor":18,"key":"PowerPotion"},{"floor":19,"key":"LiquidBronze"},{"floor":20,"key":"Poison Potion"},{"floor":22,"key":"SteroidPotion"},{"floor":24,"key":"Ancient Potion"},{"floor":30,"key":"Explosive Potion"},{"floor":33,"key":"PowerPotion"},{"floor":35,"key":"SmokeBomb"},{"floor":45,"key":"Ancient Potion"},{"floor":47,"key":"Energy Potion"}],"is_trial":false,"path_per_floor":["M","?","M","?","M","E","R","M","T","E","R","M","M","M","R","B",null,"M","M","M","?","M","R","M","R","T","R","$","T","E","$","R","B",null,"M","$","?","M","T","R","?","R","T","M","E","$","M","?","R","B"],"character_chosen":"THE_SILENT","items_purchased":["Sling","Finesse","Kunai"],"campfire_rested":7,"item_purchase_floors":[28,36,46],"current_hp_per_floor":[76,76,75,75,75,61,61,61,61,47,47,44,44,36,59,34,77,72,51,21,21,13,36,28,51,51,77,77,77,32,32,70,24,77,38,38,38,31,31,69,69,69,69,56,51,51,8,8,46,0],"gold":0,"neow_bonus":"TEN_PERCENT_HP_BONUS","is_prod":false,"is_daily":false,"chose_seed":false,"campfire_upgraded":3,"win_rate":0,"timestamp":1549727531,"path_taken":["M","?","?","?","M","E","R","M","T","E","R","M","M","M","R","BOSS","M","M","?","?","?","R","M","R","T","R","$","?","E","$","R","BOSS","M","$","?","?","?","R","?","R","T","M","E","$","M","?","R","BOSS"],"build_version":"2019-01-23","purchased_purges":4,"victory":false,"max_hp_per_floor":[77,77,77,77,77,77,77,77,77,77,77,77,77,77,77,77,77,77,77,77,77,77,77,77,77,77,77,77,77,77,77,77,77,77,77,77,77,77,77,77,77,77,77,77,77,77,77,77,77,77],"card_choices":[{"not_picked":["Flying Knee","Dodge and Roll"],"picked":"Bane","floor":1},{"not_picked":["Sucker Punch","Cloak And Dagger"],"picked":"Poisoned Stab","floor":3},{"not_picked":["Deflect","Eviscerate","Cloak And Dagger"],"picked":"SKIP","floor":5},{"not_picked":["Dagger Spray","Grand Finale"],"picked":"Quick Slash","floor":6},{"not_picked":["Masterful Stab","Blade Dance","Concentrate"],"picked":"SKIP","floor":8},{"not_picked":["Sucker Punch","Finisher","Choke"],"picked":"SKIP","floor":10},{"not_picked":["Riddle With Holes","Slice"],"picked":"PiercingWail","floor":12},{"not_picked":["Masterful Stab","Blade Dance"],"picked":"Deadly Poison","floor":13},{"not_picked":["Cloak And Dagger","Well Laid Plans"],"picked":"Corpse Explosion","floor":14},{"not_picked":["Storm of Steel","Unload"],"picked":"Envenom","floor":16},{"not_picked":["Quick Slash","Prepared"],"picked":"Dagger Spray","floor":18},{"not_picked":["Backflip","Endless Agony"],"picked":"Footwork","floor":19},{"not_picked":["Dodge and Roll","Distraction","Deadly Poison"],"picked":"SKIP","floor":20},{"not_picked":["PiercingWail","Endless Agony"],"picked":"Well Laid Plans","floor":22},{"not_picked":["Quick Slash","Distraction"],"picked":"Noxious Fumes+1","floor":24},{"not_picked":["Footwork","Blade Dance"],"picked":"Leg Sweep","floor":30},{"not_picked":["Leg Sweep","Riddle With Holes"],"picked":"Dagger Throw+1","floor":32},{"not_picked":["Night Terror","Storm of Steel"],"picked":"Corpse Explosion","floor":33},{"not_picked":["Sucker Punch","Flying Knee+1"],"picked":"Bouncing Flask+1","floor":35},{"not_picked":["Prepared","Dodge and Roll"],"picked":"Backflip+1","floor":38},{"not_picked":["Tactician+1","Deadly Poison","Outmaneuver"],"picked":"SKIP","floor":45},{"not_picked":["Underhanded Strike+1","Outmaneuver+1"],"picked":"Prepared+1","floor":47}],"player_experience":159900,"relics_obtained":[{"floor":6,"key":"Art of War"},{"floor":9,"key":"Bag of Preparation"},{"floor":10,"key":"Sundial"},{"floor":26,"key":"Regal Pillow"},{"floor":29,"key":"Dream Catcher"},{"floor":30,"key":"Anchor"},{"floor":34,"key":"War Paint"},{"floor":34,"key":"Unceasing Top"},{"floor":34,"key":"Shuriken"},{"floor":39,"key":"WingedGreaves"},{"floor":43,"key":"Old Coin"},{"floor":45,"key":"Bag of Marbles"}],"event_choices":[{"damage_healed":0,"gold_gain":0,"cards_transformed":["Defend_G"],"player_choice":"Transformed","damage_taken":0,"max_hp_gain":0,"max_hp_loss":0,"event_name":"Transmorgrifier","floor":2,"gold_loss":0,"cards_obtained":["Die Die Die"]},{"damage_healed":0,"gold_gain":0,"player_choice":"Upgraded","damage_taken":0,"max_hp_gain":0,"max_hp_loss":0,"event_name":"Upgrade Shrine","floor":4,"gold_loss":0,"cards_upgraded":["Die Die Die"]},{"damage_healed":0,"gold_gain":0,"player_choice":"Bought 0 Potions","damage_taken":0,"max_hp_gain":0,"max_hp_loss":0,"event_name":"The Woman in Blue","floor":21,"gold_loss":0},{"damage_healed":0,"gold_gain":0,"player_choice":"Ignored","damage_taken":0,"max_hp_gain":0,"max_hp_loss":0,"event_name":"SecretPortal","floor":37,"gold_loss":0},{"cards_removed":["Quick Slash"],"damage_healed":0,"gold_gain":0,"player_choice":"Removed Attack","damage_taken":0,"max_hp_gain":0,"max_hp_loss":0,"event_name":"Falling","floor":41,"gold_loss":0},{"damage_healed":0,"gold_gain":0,"player_choice":"Paid","damage_taken":0,"relics_obtained":["Red Mask"],"max_hp_gain":0,"max_hp_loss":0,"event_name":"Tomb of Lord Red Mask","floor":48,"gold_loss":28}],"is_beta":false,"boss_relics":[{"not_picked":["Snecko Eye","Astrolabe"],"picked":"White Beast Statue"},{"not_picked":["Runic Pyramid","Sozu"],"picked":"Calling Bell"}],"items_purged_floors":[28,31,36,46],"is_endless":false,"potions_floor_spawned":[6,8,13,16,18,19,20,22,24,30,33,35,38,44,45,47],"killed_by":"Donu and Deca","ascension_level":1}