{"gold_per_floor":[116,116,130,180,105,131,131,141,141,141,11,11,22,50,50,50],"floor_reached":16,"playtime":457,"items_purged":["Strike_G"],"score":246,"play_id":"7b4b210e-e667-4673-8f4f-f522889523fd","local_time":"20180917152654","is_ascension_mode":true,"campfire_choices":[{"data":"Skewer","floor":7.0,"key":"SMITH"},{"data":"All Out Attack","floor":10.0,"key":"SMITH"},{"data":"Backflip","floor":12.0,"key":"SMITH"},{"data":"Burst","floor":15.0,"key":"SMITH"}],"neow_cost":"NONE","seed_source_timestamp":740186602234533,"circlet_count":0,"master_deck":["Defend_G","Defend_G","Defend_G","Defend_G","Defend_G","Strike_G","Strike_G","Strike_G","Survivor","Neutralize+1","AscendersBane","Skewer+1","All Out Attack+1","Dagger Throw","Backflip+1","Burst+1","Escape Plan"],"special_seed":0,"relics":["Ring of the Snake","PreservedInsect","Frozen Egg 2","Bag of Preparation"],"potions_floor_usage":[16,16],"damage_taken":[{"damage":0.0,"enemies":"2 Louse","floor":1.0,"turns":4.0},{"damage":0.0,"enemies":"Jaw Worm","floor":3.0,"turns":4.0},{"damage":32.0,"enemies":"3 Sentries","floor":6.0,"turns":12.0},{"damage":0.0,"enemies":"Small Slimes","floor":8.0,"turns":2.0},{"damage":13.0,"enemies":"Exordium Wildlife","floor":13.0,"turns":3.0},{"damage":0.0,"enemies":"Gremlin Nob","floor":14.0,"turns":3.0},{"damage":19,"enemies":"Hexaghost","floor":16,"turns":12}],"seed_played":"-355692223949355341","potions_obtained":[{"floor":1.0,"key":"FearPotion"},{"floor":3.0,"key":"GhostInAJar"}],"is_trial":false,"path_per_floor":["M","?","M","?","?","E","R","M","T","R","$","R","M","E","R"],"character_chosen":"THE_SILENT","items_purchased":["Backflip"],"campfire_rested":0,"item_purchase_floors":[11],"current_hp_per_floor":[59,64,64,64,64,32,32,32,32,32,32,32,19,19,19,0],"gold":50,"neow_bonus":"UPGRADE_CARD","is_prod":false,"is_daily":false,"chose_seed":false,"campfire_upgraded":4,"win_rate":0,"timestamp":1537165614,"path_taken":["M","?","M","?","?","E","R","M","T","R","?","R","?","E","R","BOSS"],"build_version":"2018-09-06","purchased_purges":1,"victory":false,"max_hp_per_floor":[66,71,71,71,71,71,71,71,71,71,71,71,71,71,71,71],"card_choices":[{"not_picked":["Quick Slash","Poisoned Stab"],"picked":"Skewer","floor":1.0},{"not_picked":["Choke","Cloak And Dagger"],"picked":"All Out Attack","floor":3.0},{"not_picked":["Poisoned Stab","Eviscerate"],"picked":"Dagger Throw","floor":6.0},{"not_picked":["Blade Dance","Backflip","Dagger Throw"],"picked":"SKIP","floor":8.0},{"not_picked":["Cloak And Dagger","Quick Slash"],"picked":"Burst","floor":13.0},{"not_picked":["Riddle With Holes","Slice"],"picked":"Escape Plan","floor":14.0}],"player_experience":662493,"relics_obtained":[{"floor":6.0,"key":"PreservedInsect"},{"floor":9.0,"key":"Frozen Egg 2"},{"floor":14.0,"key":"Bag of Preparation"}],"event_choices":[{"event_name":"Big Fish","player_choice":"Donut","floor":2.0,"damage_taken":0.0},{"event_name":"Golden Shrine","player_choice":"Pray","floor":4.0,"damage_taken":0.0},{"event_name":"The Cleric","player_choice":"Card Removal","floor":5.0,"damage_taken":0.0}],"is_beta":false,"boss_relics":[],"items_purged_floors":[11],"is_endless":false,"potions_floor_spawned":[1,3],"killed_by":"Hexaghost","ascension_level":17}