{"gold_per_floor":[419,272,291,291,391,424,10,36,36,36,62,82,111,111],"floor_reached":14,"playtime":743,"items_purged":["Defend_R","Strike_R"],"score":133,"play_id":"745103db-d5b3-4f5c-b0a7-c80480ceb7c3","local_time":"20190307232601","is_ascension_mode":true,"campfire_choices":[{"floor":10,"key":"REST"}],"neow_cost":"TEN_PERCENT_HP_LOSS","seed_source_timestamp":36007217265800,"circlet_count":0,"master_deck":["Strike_R","Strike_R","Strike_R","Defend_R","Defend_R","Defend_R","Bash","Inflame","Headbutt","Armaments","Searing Blow","Fire Breathing","Clash","Second Wind","Armaments"],"relics":["Burning Blood","Old Coin","Ornamental Fan","Orichalcum","Pocketwatch","Letter Opener","Girya","Paper Frog"],"potions_floor_usage":[12,14],"damage_taken":[{"damage":2,"enemies":"Small Slimes","floor":1,"turns":4},{"damage":1,"enemies":"Cultist","floor":3,"turns":3},{"damage":32,"enemies":"Gremlin Nob","floor":6,"turns":4},{"damage":25,"enemies":"3 Sentries","floor":8,"turns":7},{"damage":22,"enemies":"Gremlin Nob","floor":11,"turns":5},{"damage":9,"enemies":"2 Louse","floor":12,"turns":2},{"damage":20,"enemies":"3 Sentries","floor":13,"turns":7},{"damage":23,"enemies":"Lots of Slimes","floor":14,"turns":2}],"seed_played":"1062559928114442874","potions_obtained":[{"floor":11,"key":"BloodPotion"},{"floor":12,"key":"FearPotion"},{"floor":13,"key":"Swift Potion"}],"is_trial":false,"path_per_floor":["M","$","M","?","?","E","$","E","T","R","E","M","E","M"],"character_chosen":"IRONCLAD","items_purchased":["Headbutt","Armaments","Orichalcum","Fire Breathing","Clash","Second Wind"],"campfire_rested":1,"item_purchase_floors":[2,2,7,7,7,7],"current_hp_per_floor":[72,72,72,72,72,46,46,27,27,48,32,36,22,0],"gold":111,"neow_bonus":"ONE_RARE_RELIC","is_prod":false,"is_daily":false,"chose_seed":false,"campfire_upgraded":0,"win_rate":0,"timestamp":1552022761,"path_taken":["M","$","M","?","?","E","$","E","T","R","E","M","E","?"],"build_version":"2019-01-23","purchased_purges":2,"victory":false,"max_hp_per_floor":[72,72,72,72,72,72,72,72,72,72,72,72,72,72],"card_choices":[{"not_picked":["Perfected Strike","Cleave"],"picked":"Inflame","floor":1},{"not_picked":["Twin Strike","Uppercut"],"picked":"Searing Blow","floor":3},{"not_picked":["Cleave","Hemokinesis","True Grit"],"picked":"SKIP","floor":6},{"not_picked":["Shrug It Off","Havoc","True Grit"],"picked":"SKIP","floor":8},{"not_picked":["Feel No Pain","Ghostly Armor","Heavy Blade"],"picked":"SKIP","floor":11},{"not_picked":["Flex","Inflame"],"picked":"Armaments","floor":12},{"not_picked":["Juggernaut","Flex","Headbutt"],"picked":"SKIP","floor":13}],"player_experience":314096,"relics_obtained":[{"floor":6,"key":"Ornamental Fan"},{"floor":8,"key":"Pocketwatch"},{"floor":9,"key":"Letter Opener"},{"floor":11,"key":"Girya"},{"floor":13,"key":"Paper Frog"}],"event_choices":[{"cards_removed":["Strike_R"],"damage_healed":0,"gold_gain":0,"player_choice":"Forget","damage_taken":0,"max_hp_gain":0,"max_hp_loss":0,"event_name":"Living Wall","floor":4,"gold_loss":0},{"damage_healed":0,"gold_gain":100,"player_choice":"Pray","damage_taken":0,"max_hp_gain":0,"max_hp_loss":0,"event_name":"Golden Shrine","floor":5,"gold_loss":0}],"is_beta":false,"boss_relics":[],"items_purged_floors":[2,7],"is_endless":false,"potions_floor_spawned":[11,12,13],"killed_by":"Lots of Slimes","ascension_level":3}