{"path_per_floor":["M","M","M","M","?","R","E","?","T","R","M","M","M","E","R","B",null,"M","?","$","M","M","R"],"character_chosen":"IRONCLAD","items_purchased":["Flash of Steel","Toxic Egg 2"],"gold_per_floor":[109,127,141,161,161,161,197,147,174,174,188,201,225,264,264,388,388,401,401,55,69,94,94,94],"floor_reached":24,"campfire_rested":0,"playtime":3007,"current_hp_per_floor":[72,67,59,54,54,54,42,42,42,42,45,53,44,35,35,10,67,45,45,45,42,29,29,0],"items_purged":[],"gold":94,"score":268,"play_id":"c021a00b-9e9b-47ec-a47d-db96ee4c181f","local_time":"20180410213815","is_prod":false,"is_daily":false,"is_ascension_mode":true,"campfire_upgraded":4,"timestamp":1523389095,"path_taken":["M","M","M","M","?","R","E","?","T","R","?","?","M","E","R","BOSS","M","?","$","M","M","R","E"],"build_version":"2018-04-05v2","purchased_purges":1,"victory":false,"master_deck":["Defend_R","Defend_R","Defend_R","Defend_R","Bash+1","Shrug It Off","Heavy Blade","Warcry","Flex+1","Dropkick","Headbutt","Inflame+1","Cleave","Limit Break+1","Bite","Bite","Bite","Bite","Bite","Flash of Steel","Burning Pact+1","Warcry+1"],"max_hp_per_floor":[72,72,72,72,67,67,67,67,67,67,67,67,67,67,67,67,67,67,67,67,67,67,67,67],"relics":["Burning Blood","Golden Idol","Bag of Marbles","Bottled Tornado","Black Star","Toxic Egg 2"],"card_choices":[{"not_picked":["Perfected Strike","Blood for Blood"],"picked":"Shrug It Off","floor":2},{"not_picked":["Ghostly Armor","Iron Wave"],"picked":"Heavy Blade","floor":3},{"not_picked":["Flex","Thunderclap"],"picked":"Warcry","floor":4},{"not_picked":["Reckless Charge","Evolve"],"picked":"Flex","floor":7},{"not_picked":["Body Slam","Iron Wave"],"picked":"Dropkick","floor":11},{"not_picked":["Juggernaut","Flex"],"picked":"Headbutt","floor":12},{"not_picked":["Flex","Armaments"],"picked":"Inflame","floor":13},{"not_picked":["Thunderclap","Metallicize"],"picked":"Cleave","floor":14},{"not_picked":["Feed","Juggernaut"],"picked":"Limit Break","floor":16},{"not_picked":["Headbutt","Clothesline"],"picked":"Burning Pact","floor":21},{"not_picked":["Havoc","Double Tap"],"picked":"Warcry","floor":22}],"player_experience":178011,"potions_floor_usage":[7,12,16,16],"damage_taken":[{"damage":1,"enemies":"Cultist","floor":1,"turns":3},{"damage":11,"enemies":"Small Slimes","floor":2,"turns":4},{"damage":14,"enemies":"Jaw Worm","floor":3,"turns":8},{"damage":11,"enemies":"Blue Slaver","floor":4,"turns":5},{"damage":18,"enemies":"Gremlin Nob","floor":7,"turns":4},{"damage":5,"enemies":"3 Louse","floor":11,"turns":5},{"damage":0,"enemies":"Red Slaver","floor":12,"turns":1},{"damage":17,"enemies":"Gremlin Gang","floor":13,"turns":5},{"damage":17,"enemies":"Lagavulin","floor":14,"turns":6},{"damage":33,"enemies":"The Guardian","floor":16,"turns":14},{"damage":28,"enemies":"2 Thieves","floor":18,"turns":3},{"damage":15,"enemies":"Shell Parasite","floor":21,"turns":3},{"damage":33,"enemies":"3 Cultists","floor":22,"turns":5},{"damage":36,"enemies":"Book of Stabbing","floor":24,"turns":3}],"event_choices":[{"event_name":"Golden Idol","player_choice":"Lose Max HP","floor":5,"damage_taken":0},{"event_name":"The Cleric","player_choice":"Card Removal","floor":8,"damage_taken":0},{"event_name":"Vampires","player_choice":"Became a vampire (Vial)","floor":19,"damage_taken":0}],"boss_relics":[{"not_picked":["Orrery","Tiny House"],"picked":"Black Star"}],"potions_floor_spawned":[2,3,13,14,16,21],"seed_played":"6051761802947623913","killed_by":"Book of Stabbing","ascension_level":3,"is_trial":false}