{"gold_per_floor":[109,35,48,48,61,61,89,109,134,134,194,213,232,245,245,342,342],"floor_reached":17,"playtime":1048,"items_purged":[],"score":159,"play_id":"226ab17c-2811-4b93-900e-f2abb15b1a60","local_time":"20190306135659","is_ascension_mode":false,"campfire_choices":[{"data":"Neutralize","floor":6,"key":"SMITH"},{"data":"Calculated Gamble","floor":10,"key":"SMITH"},{"floor":15,"key":"REST"}],"neow_cost":"NONE","seed_source_timestamp":9670150697311,"circlet_count":0,"master_deck":["Survivor","Neutralize+1","Tactician","Terror","Acrobatics","Quick Slash","Calculated Gamble+1","Unload","Dash","Escape Plan","Sucker Punch","Envenom","Tools of the Trade","Phantasmal Killer","Cloak And Dagger","Accuracy","Distraction","Choke","Grand Finale","Malaise","Riddle With Holes","Expertise"],"relics":["Ring of the Snake","NeowsBlessing","Snake Skull","Bag of Marbles","Centennial Puzzle","Pandora\u0027s Box"],"potions_floor_usage":[7,7,16,16],"damage_taken":[{"damage":0,"enemies":"Jaw Worm","floor":1,"turns":1},{"damage":0,"enemies":"2 Louse","floor":3,"turns":1},{"damage":0,"enemies":"Small Slimes","floor":5,"turns":1},{"damage":19,"enemies":"Lagavulin","floor":7,"turns":8},{"damage":0,"enemies":"Looter","floor":8,"turns":4},{"damage":18,"enemies":"Gremlin Nob","floor":11,"turns":4},{"damage":1,"enemies":"Lots of Slimes","floor":12,"turns":5},{"damage":6,"enemies":"Large Slime","floor":13,"turns":4},{"damage":4,"enemies":"Gremlin Gang","floor":14,"turns":4},{"damage":21,"enemies":"Slime Boss","floor":16,"turns":10}],"seed_played":"4049218276474567685","potions_obtained":[{"floor":1,"key":"Energy Potion"},{"floor":3,"key":"SteroidPotion"},{"floor":12,"key":"Block Potion"},{"floor":13,"key":"Regen Potion"},{"floor":14,"key":"Energy Potion"}],"is_trial":false,"path_per_floor":["M","$","M","?","M","R","E","M","T","R","?","M","M","M","R","B",null],"character_chosen":"THE_SILENT","items_purchased":["Terror"],"campfire_rested":1,"item_purchase_floors":[2],"current_hp_per_floor":[70,70,70,70,70,70,51,51,51,51,33,32,26,22,43,37,70],"gold":342,"neow_bonus":"THREE_ENEMY_KILL","is_prod":false,"is_daily":false,"chose_seed":false,"campfire_upgraded":2,"win_rate":0,"timestamp":1551909419,"path_taken":["M","$","M","?","M","R","E","M","T","R","?","M","M","M","R","BOSS"],"build_version":"2019-01-23","purchased_purges":0,"victory":false,"max_hp_per_floor":[70,70,70,70,70,70,70,70,70,70,70,70,70,70,70,70,70],"card_choices":[{"not_picked":["Riddle With Holes","Setup"],"picked":"Tactician","floor":1},{"not_picked":["Deadly Poison","Prepared"],"picked":"Acrobatics","floor":3},{"not_picked":["Dodge and Roll","Tactician"],"picked":"Quick Slash","floor":5},{"not_picked":["Slice","Prepared"],"picked":"Calculated Gamble","floor":7},{"not_picked":["Prepared","Setup","Choke"],"picked":"SKIP","floor":8},{"not_picked":["Distraction","Tactician"],"picked":"Unload","floor":11},{"not_picked":["Sucker Punch","Outmaneuver"],"picked":"Dash","floor":12},{"not_picked":["Dodge and Roll","Bane"],"picked":"Escape Plan","floor":13},{"not_picked":["Blade Dance","Slice"],"picked":"Sucker Punch","floor":14},{"not_picked":["Grand Finale","Storm of Steel"],"picked":"Envenom","floor":16}],"player_experience":307547,"relics_obtained":[{"floor":7,"key":"Snake Skull"},{"floor":9,"key":"Bag of Marbles"},{"floor":11,"key":"Centennial Puzzle"}],"event_choices":[{"damage_healed":0,"gold_gain":0,"player_choice":"Ignored","damage_taken":0,"max_hp_gain":0,"max_hp_loss":0,"event_name":"Liars Game","floor":4,"gold_loss":0},{"damage_healed":0,"gold_gain":0,"player_choice":"Searched \u00271\u0027 times","damage_taken":0,"max_hp_gain":0,"max_hp_loss":0,"event_name":"Dead Adventurer","floor":11,"gold_loss":0}],"is_beta":false,"boss_relics":[{"not_picked":["HoveringKite","Lizard Tail"],"picked":"Pandora\u0027s Box"}],"items_purged_floors":[],"is_endless":false,"potions_floor_spawned":[1,3,12,13,14],"ascension_level":0}