{"path_per_floor":["M","?","?","?","$","R","E","?","T","$","T","E","R","M","R"],"character_chosen":"THE_SILENT","items_purchased":["All Out Attack","Flash of Steel"],"gold_per_floor":[114,114,114,114,44,44,78,78,105,7,7,41,41,59,59,59],"floor_reached":16,"campfire_rested":2,"playtime":1038,"current_hp_per_floor":[67,67,67,67,67,67,22,22,22,22,22,9,30,24,45,0],"items_purged":[],"gold":59,"score":104,"play_id":"f1238f89-1224-44ec-a78f-8754fb6c9631","local_time":"20180330095119","is_prod":false,"is_daily":false,"is_ascension_mode":false,"campfire_upgraded":1,"timestamp":1522363879,"path_taken":["M","?","?","?","$","R","E","?","T","$","?","E","R","M","R","BOSS"],"build_version":"2018-03-22v2","purchased_purges":0,"victory":false,"master_deck":["Defend_G","Defend_G","Defend_G","Defend_G","Defend_G","Strike_G+1","Strike_G","Strike_G","Strike_G","Strike_G","Survivor","Neutralize","Eviscerate","Outmaneuver","Regret","All Out Attack+1","Caltrops","Good Instincts","Flash of Steel+1","Backflip","Predator+1","PiercingWail","Endless Agony+1"],"max_hp_per_floor":[70,70,70,70,70,70,70,70,70,70,70,70,70,70,70,70],"relics":["Ring of the Snake","Sundial","Molten Egg 2","Toolbox","Anchor","Dream Catcher","Orichalcum"],"card_choices":[{"not_picked":["Blur","Prepared"],"picked":"Eviscerate","floor":1},{"not_picked":["Leg Sweep","Noxious Fumes"],"picked":"Caltrops","floor":7},{"not_picked":["Calculated Gamble","Malaise"],"picked":"Backflip","floor":12},{"not_picked":["Dagger Spray","Calculated Gamble"],"picked":"Predator","floor":13},{"not_picked":["Sucker Punch","Terror"],"picked":"PiercingWail","floor":14},{"not_picked":["Slice","Backflip"],"picked":"Endless Agony","floor":15}],"player_experience":58320,"potions_floor_usage":[7],"damage_taken":[{"damage":3,"enemies":"Jaw Worm","floor":1,"turns":6},{"damage":45,"enemies":"Lagavulin","floor":7,"turns":10},{"damage":13,"enemies":"3 Sentries","floor":12,"turns":7},{"damage":6,"enemies":"Cultist","floor":14,"turns":3},{"damage":47,"enemies":"Slime Boss","floor":16,"turns":11}],"event_choices":[{"event_name":"Accursed Blacksmith","player_choice":"Rummage","floor":2,"damage_taken":0},{"event_name":"Transmorgrifier","player_choice":"Transform","floor":3,"damage_taken":0},{"event_name":"Big Fish","player_choice":"Box","floor":4,"damage_taken":0},{"event_name":"Match and Keep!","player_choice":"1 cards matched","floor":8,"damage_taken":0}],"boss_relics":[],"potions_floor_spawned":[1],"seed_played":"6552090126848731087","killed_by":"Slime Boss","ascension_level":0,"is_trial":false}