{"gold_per_floor":[111,111,41,54,25,25,25,52,124,138,171,171,171,182,182,182],"floor_reached":16,"playtime":605,"items_purged":[],"score":133,"play_id":"f68d79dc-c2e8-45ec-bf78-dc05debc1036","local_time":"20190306162350","is_ascension_mode":false,"campfire_choices":[{"data":"Neutralize","floor":6,"key":"SMITH"},{"data":"Bullet Time","floor":15,"key":"SMITH"}],"neow_cost":"NONE","seed_source_timestamp":18926584921578,"circlet_count":0,"master_deck":["Defend_G","Defend_G","Defend_G","Defend_G","Defend_G","Strike_G","Strike_G","Strike_G","Strike_G","Survivor","Neutralize+1","Backflip","Predator","Cloak And Dagger","Bullet Time+1","Quick Slash","Crippling Poison"],"relics":["Ring of the Snake","NeowsBlessing","Mummified Hand","Bottled Flame","Matryoshka"],"potions_floor_usage":[11,16,16],"damage_taken":[{"damage":0,"enemies":"Cultist","floor":1,"turns":1},{"damage":0,"enemies":"Small Slimes","floor":4,"turns":1},{"damage":0,"enemies":"Gremlin Nob","floor":8,"turns":1},{"damage":0,"enemies":"2 Louse","floor":10,"turns":2},{"damage":9,"enemies":"Lagavulin","floor":11,"turns":10},{"damage":5,"enemies":"2 Fungi Beasts","floor":14,"turns":5},{"damage":67,"enemies":"Hexaghost","floor":16,"turns":14}],"seed_played":"96573313160548027","potions_obtained":[{"floor":4,"key":"FearPotion"},{"floor":11,"key":"Weak Potion"},{"floor":14,"key":"EssenceOfSteel"}],"is_trial":false,"path_per_floor":["M","?","$","M","?","R","?","E","T","M","E","?","?","M","R","B"],"character_chosen":"THE_SILENT","items_purchased":["Predator"],"campfire_rested":0,"item_purchase_floors":[3],"current_hp_per_floor":[70,63,63,63,63,63,63,63,63,63,54,54,70,65,65,0],"gold":182,"neow_bonus":"THREE_ENEMY_KILL","is_prod":false,"is_daily":false,"chose_seed":false,"campfire_upgraded":2,"win_rate":0,"timestamp":1551918230,"path_taken":["M","?","$","M","?","R","?","E","T","M","E","?","?","M","R","BOSS"],"build_version":"2019-01-23","purchased_purges":0,"victory":false,"max_hp_per_floor":[70,70,70,70,70,70,70,70,70,70,70,70,70,70,70,70],"card_choices":[{"not_picked":["Underhanded Strike","Skewer"],"picked":"Backflip","floor":1},{"not_picked":["Flying Knee","Heel Hook"],"picked":"Cloak And Dagger","floor":4},{"not_picked":["Catalyst","Underhanded Strike"],"picked":"Bullet Time","floor":8},{"not_picked":["Slice","Escape Plan"],"picked":"Quick Slash","floor":10},{"not_picked":["Deflect","Slice","Bane"],"picked":"SKIP","floor":11},{"not_picked":["Outmaneuver","PiercingWail"],"picked":"Crippling Poison","floor":14}],"player_experience":309319,"relics_obtained":[{"floor":8,"key":"Mummified Hand"},{"floor":9,"key":"Bottled Flame"},{"floor":11,"key":"Matryoshka"}],"event_choices":[{"cards_removed":["Strike_G"],"damage_healed":0,"gold_gain":0,"player_choice":"Card Removal","damage_taken":7,"max_hp_gain":0,"max_hp_loss":0,"event_name":"Golden Wing","floor":2,"gold_loss":0},{"damage_healed":0,"gold_gain":0,"player_choice":"Left Gold","damage_taken":0,"max_hp_gain":0,"max_hp_loss":0,"event_name":"World of Goop","floor":5,"gold_loss":29},{"damage_healed":0,"gold_gain":0,"player_choice":"Leave","damage_taken":0,"max_hp_gain":0,"max_hp_loss":0,"event_name":"The Cleric","floor":7,"gold_loss":0},{"damage_healed":0,"gold_gain":0,"player_choice":"Fled","damage_taken":0,"max_hp_gain":0,"max_hp_loss":0,"event_name":"Scrap Ooze","floor":12,"gold_loss":0},{"damage_healed":23,"gold_gain":0,"player_choice":"Banana","damage_taken":0,"max_hp_gain":0,"max_hp_loss":0,"event_name":"Big Fish","floor":13,"gold_loss":0}],"is_beta":false,"boss_relics":[],"items_purged_floors":[],"is_endless":false,"potions_floor_spawned":[4,11,14],"killed_by":"Hexaghost","ascension_level":0}