{"gold_per_floor":[361,119,136,153,153,153,180,200,200,529,629,646,658,689,689,785,785,785,474,434,434,434,434,434,434,434,434,434,434,434,434,434,434,434,434,434,352,352,352,352,352,352,352,352,352,74,74,74],"floor_reached":48,"playtime":2247,"items_purged":["Parasite"],"score":888,"play_id":"006b2ec4-8137-4504-88bf-d380ddab76ad","local_time":"20190228230550","is_ascension_mode":true,"campfire_choices":[{"data":"Discovery","floor":6,"key":"SMITH"},{"data":"Rage","floor":15,"key":"SMITH"},{"floor":24,"key":"REST"},{"data":"Heavy Blade","floor":30,"key":"SMITH"},{"floor":32,"key":"REST"},{"floor":41,"key":"REST"},{"floor":45,"key":"REST"}],"neow_cost":"CURSE","seed_source_timestamp":1222727082148378,"circlet_count":0,"master_deck":["Strike_R","Strike_R+1","Strike_R","Strike_R","Strike_R+1","Defend_R","Defend_R","Defend_R","Defend_R","Bash","Shrug It Off","Discovery+1","Impervious","Rampage","Inflame","Heavy Blade+1","Rage+1","Disarm","Headbutt","Shockwave","Immolate+1","Flex+1","Flame Barrier","Ghostly Armor+1","Uppercut","Sword Boomerang+1","Clothesline+1","Body Slam+1","Headbutt","Immolate","Parasite","Body Slam+1","Fiend Fire","Burning Pact+1","Intimidate+1","Twin Strike+1","Flex+1","Shrug It Off+1","Spot Weakness+1"],"relics":["Burning Blood","Omamori","Boot","Meat on the Bone","Old Coin","Prayer Wheel","Ectoplasm","Membership Card","Anchor","Potion Belt","Bottled Flame","Orichalcum","Gambling Chip","Calling Bell","Charon\u0027s Ashes","Pantograph","MawBank","Ornamental Fan","Sundial","Lantern","Regal Pillow","Frozen Eye"],"potions_floor_usage":[16,27,31,33,33,40,40,42,47,47,48,48],"damage_taken":[{"damage":3,"enemies":"Jaw Worm","floor":1,"turns":5},{"damage":0,"enemies":"Small Slimes","floor":3,"turns":2},{"damage":6,"enemies":"Cultist","floor":4,"turns":4},{"damage":37,"enemies":"Gremlin Nob","floor":7,"turns":5},{"damage":0,"enemies":"Exordium Thugs","floor":8,"turns":4},{"damage":12,"enemies":"3 Sentries","floor":10,"turns":6},{"damage":3,"enemies":"Looter","floor":12,"turns":4},{"damage":8,"enemies":"Large Slime","floor":13,"turns":6},{"damage":32,"enemies":"Gremlin Nob","floor":14,"turns":4},{"damage":22,"enemies":"Hexaghost","floor":16,"turns":9},{"damage":5,"enemies":"Shell Parasite","floor":18,"turns":4},{"damage":2,"enemies":"3 Byrds","floor":21,"turns":4},{"damage":2,"enemies":"Cultist and Chosen","floor":22,"turns":4},{"damage":48,"enemies":"Gremlin Leader","floor":23,"turns":9},{"damage":25,"enemies":"Book of Stabbing","floor":27,"turns":4},{"damage":8,"enemies":"Snake Plant","floor":28,"turns":4},{"damage":0,"enemies":"Gremlin Leader","floor":29,"turns":4},{"damage":0,"enemies":"Centurion and Healer","floor":31,"turns":2},{"damage":39,"enemies":"Automaton","floor":33,"turns":8},{"damage":6,"enemies":"Orb Walker","floor":35,"turns":3},{"damage":6,"enemies":"3 Shapes","floor":38,"turns":2},{"damage":83,"enemies":"Giant Head","floor":40,"turns":8},{"damage":41,"enemies":"Nemesis","floor":42,"turns":7},{"damage":20,"enemies":"Spire Growth","floor":44,"turns":4},{"damage":19,"enemies":"Writhing Mass","floor":47,"turns":4},{"damage":63,"enemies":"Maw","floor":48,"turns":8}],"seed_played":"5293671648534306993","potions_obtained":[{"floor":8,"key":"Fire Potion"},{"floor":10,"key":"FearPotion"},{"floor":13,"key":"Regen Potion"},{"floor":16,"key":"Energy Potion"},{"floor":23,"key":"FearPotion"},{"floor":27,"key":"Swift Potion"},{"floor":28,"key":"Explosive Potion"},{"floor":31,"key":"AttackPotion"},{"floor":38,"key":"Explosive Potion"},{"floor":44,"key":"GamblersBrew"}],"is_trial":false,"path_per_floor":["M","$","M","M","?","R","E","M","T","E","?","M","M","E","R","B",null,"M","$","?","M","M","E","R","$","T","E","M","E","R","M","R","B",null,"M","?","$","M","?","E","R","E","T","M","R","$","M","M"],"character_chosen":"IRONCLAD","items_purchased":["Discovery","Omamori","Membership Card","Anchor","Flame Barrier","Fiend Fire","Regal Pillow","SkillPotion","Regen Potion","Frozen Eye"],"campfire_rested":4,"item_purchase_floors":[2,2,19,19,19,37,46,46,46,46],"current_hp_per_floor":[75,75,80,80,64,64,33,39,39,45,45,48,58,44,44,49,72,73,73,73,77,80,50,74,74,74,55,53,59,59,65,80,47,72,72,72,72,72,90,25,52,29,29,27,54,54,53,0],"gold":74,"neow_bonus":"TWO_FIFTY_GOLD","is_prod":false,"is_daily":false,"chose_seed":false,"campfire_upgraded":3,"win_rate":0,"timestamp":1551413150,"path_taken":["M","$","M","M","?","R","E","M","T","E","?","M","M","E","R","BOSS","M","$","?","M","M","E","R","?","T","E","M","E","R","M","R","BOSS","M","?","$","M","?","E","R","E","T","M","R","$","M","?"],"build_version":"2019-01-23","purchased_purges":1,"victory":false,"max_hp_per_floor":[80,80,80,80,80,80,80,80,80,80,80,80,80,80,80,80,80,80,80,80,80,80,80,80,80,80,80,80,80,80,80,80,80,80,80,80,80,80,90,90,90,90,90,90,90,87,87,87],"card_choices":[{"not_picked":["Warcry","Wild Strike"],"picked":"Shrug It Off","floor":1},{"not_picked":["Corruption","Sever Soul"],"picked":"Impervious","floor":3},{"not_picked":["Perfected Strike","Hemokinesis"],"picked":"Rampage","floor":4},{"not_picked":["Sword Boomerang","Wild Strike"],"picked":"Inflame","floor":7},{"not_picked":["Perfected Strike","Clothesline"],"picked":"Heavy Blade","floor":8},{"not_picked":["Evolve","Disarm"],"picked":"Rage","floor":10},{"not_picked":["Rupture","Warcry"],"picked":"Disarm","floor":12},{"not_picked":["Havoc","Iron Wave"],"picked":"Headbutt","floor":13},{"not_picked":["Warcry","Iron Wave"],"picked":"Shockwave","floor":14},{"not_picked":["Exhume","Impervious"],"picked":"Immolate","floor":16},{"not_picked":["Clash","Havoc"],"picked":"Twin Strike","floor":18},{"not_picked":["Twin Strike","Perfected Strike"],"picked":"Flex+1","floor":18},{"not_picked":["Intimidate","Clash+1"],"picked":"Ghostly Armor+1","floor":21},{"not_picked":["Pommel Strike","Carnage","Clash"],"picked":"SKIP","floor":21},{"not_picked":["Pommel Strike","Headbutt+1"],"picked":"Uppercut","floor":22},{"not_picked":["Anger","Shockwave+1"],"picked":"Sword Boomerang+1","floor":22},{"not_picked":["Pommel Strike","Uppercut","Juggernaut"],"picked":"SKIP","floor":23},{"not_picked":["Sever Soul","Cleave"],"picked":"Clothesline+1","floor":27},{"not_picked":["Metallicize+1","Flex"],"picked":"Body Slam+1","floor":28},{"not_picked":["Clothesline","Perfected Strike","Warcry"],"picked":"SKIP","floor":28},{"not_picked":["Armaments","Feel No Pain"],"picked":"Exhume","floor":29},{"not_picked":["Thunderclap","Iron Wave"],"picked":"Headbutt","floor":31},{"not_picked":["True Grit","Fire Breathing","Heavy Blade"],"picked":"SKIP","floor":31},{"not_picked":["Brutality","Feed"],"picked":"Immolate","floor":33},{"not_picked":["Iron Wave+1","Clash"],"picked":"Body Slam+1","floor":35},{"not_picked":["Fire Breathing","Pommel Strike+1","Hemokinesis+1"],"picked":"SKIP","floor":35},{"not_picked":["Clash","Sentinel"],"picked":"Burning Pact+1","floor":38},{"not_picked":["Shrug It Off","Havoc"],"picked":"Intimidate+1","floor":38},{"not_picked":["Berserk","Warcry+1"],"picked":"Twin Strike+1","floor":40},{"not_picked":["Clothesline+1","Fire Breathing+1"],"picked":"Flex+1","floor":42},{"not_picked":["Power Through","Heavy Blade"],"picked":"Shrug It Off+1","floor":44},{"not_picked":["Perfected Strike","Cleave"],"picked":"Spot Weakness+1","floor":44},{"not_picked":["Searing Blow","Sword Boomerang+1","Wild Strike+1"],"picked":"SKIP","floor":47},{"not_picked":["Thunderclap","Armaments+1","Cleave"],"picked":"SKIP","floor":47}],"player_experience":244409,"relics_obtained":[{"floor":7,"key":"Boot"},{"floor":9,"key":"Meat on the Bone"},{"floor":10,"key":"Old Coin"},{"floor":14,"key":"Prayer Wheel"},{"floor":23,"key":"Potion Belt"},{"floor":26,"key":"Bottled Flame"},{"floor":27,"key":"Orichalcum"},{"floor":29,"key":"Gambling Chip"},{"floor":34,"key":"Charon\u0027s Ashes"},{"floor":34,"key":"Pantograph"},{"floor":34,"key":"MawBank"},{"floor":40,"key":"Ornamental Fan"},{"floor":42,"key":"Sundial"},{"floor":43,"key":"Lantern"}],"event_choices":[{"damage_healed":0,"gold_gain":0,"player_choice":"Entered Light","damage_taken":16,"max_hp_gain":0,"max_hp_loss":0,"event_name":"Shining Light","floor":5,"gold_loss":0,"cards_upgraded":["Strike_R","Strike_R"]},{"damage_healed":0,"gold_gain":100,"player_choice":"Pray","damage_taken":0,"max_hp_gain":0,"max_hp_loss":0,"event_name":"Golden Shrine","floor":11,"gold_loss":0},{"damage_healed":0,"gold_gain":0,"player_choice":"Upgraded Two","damage_taken":0,"max_hp_gain":0,"max_hp_loss":0,"event_name":"Designer","floor":20,"gold_loss":40,"cards_upgraded":["Twin Strike","Immolate"]},{"cards_removed":["Twin Strike"],"damage_healed":0,"gold_gain":0,"player_choice":"Removed Attack","damage_taken":0,"max_hp_gain":0,"max_hp_loss":0,"event_name":"Falling","floor":36,"gold_loss":0},{"cards_removed":["Exhume"],"damage_healed":8,"gold_gain":0,"player_choice":"Offered Rare","damage_taken":0,"max_hp_gain":10,"max_hp_loss":0,"event_name":"Bonfire Elementals","floor":39,"gold_loss":0}],"is_beta":false,"boss_relics":[{"not_picked":["Black Star","Black Blood"],"picked":"Ectoplasm"},{"not_picked":["Snecko Eye","Empty Cage"],"picked":"Calling Bell"}],"items_purged_floors":[46],"is_endless":false,"potions_floor_spawned":[8,10,13,16,23,27,28,31,38,44],"killed_by":"Maw","ascension_level":9}