{"path_per_floor":["M","M","?","M","M","E","?","?","T","M","R","M","?","$","R","B",null,"M","?","M","$","M","E","R","?","T","M","T","R","M","$","R"],"character_chosen":"IRONCLAD","items_purchased":["Bronze Scales","Regal Pillow","Rage"],"gold_per_floor":[113,128,128,139,157,186,186,186,212,228,228,239,239,84,84,208,208,224,224,237,85,103,144,144,67,67,82,82,82,100,21,21,21],"floor_reached":33,"campfire_rested":2,"playtime":1023,"item_purchase_floors":[14,21,31],"current_hp_per_floor":[80,80,80,75,55,24,24,50,50,56,56,62,62,62,62,22,74,73,73,69,69,73,33,70,70,70,65,65,65,42,42,76,0],"items_purged":[],"gold":21,"score":280,"play_id":"e1e964f1-70ae-4fba-b5d8-45538d3c30ad","local_time":"20180526094514","is_prod":false,"is_daily":false,"chose_seed":false,"is_ascension_mode":true,"campfire_upgraded":3,"win_rate":0,"timestamp":1527291914,"campfire_choices":[{"data":"Bash","floor":11,"key":"SMITH"},{"data":"Hemokinesis","floor":15,"key":"SMITH"},{"floor":24,"key":"REST"},{"data":"Rupture","floor":29,"key":"SMITH"},{"floor":32,"key":"REST"}],"path_taken":["M","?","?","M","M","E","?","?","T","M","R","?","?","?","R","BOSS","M","?","M","?","M","E","R","?","T","M","?","R","M","?","R","BOSS"],"build_version":"2018-05-24","seed_source_timestamp":1768161108796,"purchased_purges":0,"victory":false,"master_deck":["Strike_R","Strike_R","Strike_R","Strike_R","Defend_R","Defend_R","Defend_R","Defend_R","Bash+1","Cleave","Inflame+1","Heavy Blade","Heavy Blade","Rupture+1","Double Tap","Shrug It Off","Hemokinesis+1","Bludgeon","Twin Strike","Sword Boomerang","Anger","J.A.X.","Rupture+1","Flex","Rage"],"max_hp_per_floor":[80,80,80,80,80,80,80,80,80,80,80,80,74,74,74,74,74,74,74,74,74,74,76,76,76,76,76,76,76,76,76,76,76],"relics":["Burning Blood","Singing Bowl","Ancient Tea Set","Golden Idol","Bronze Scales","Sozu","Regal Pillow","Anchor","Sundial","Art of War"],"card_choices":[{"not_picked":["Dual Wield","Havoc"],"picked":"Cleave","floor":0},{"not_picked":["Disarm","Sword Boomerang"],"picked":"Inflame","floor":1},{"not_picked":["Hemokinesis","Anger"],"picked":"Heavy Blade","floor":2},{"not_picked":["Dual Wield","Shrug It Off"],"picked":"Heavy Blade","floor":4},{"not_picked":["Shrug It Off","Headbutt"],"picked":"Rupture","floor":5},{"not_picked":["Power Through","Carnage"],"picked":"Double Tap","floor":6},{"not_picked":["Wild Strike","Twin Strike"],"picked":"Shrug It Off","floor":10},{"not_picked":["Thunderclap","Spot Weakness"],"picked":"Hemokinesis","floor":12},{"not_picked":["Impervious","Juggernaut"],"picked":"Bludgeon","floor":16},{"not_picked":["Havoc","Feel No Pain"],"picked":"Twin Strike","floor":18},{"not_picked":["Entrench","Second Wind"],"picked":"Sword Boomerang","floor":20},{"not_picked":["Shrug It Off+1","Thunderclap"],"picked":"Anger","floor":22},{"not_picked":["Feel No Pain","Berserk","Ghostly Armor"],"picked":"Singing Bowl","floor":23},{"not_picked":["Flex","Wild Strike"],"picked":"Rupture+1","floor":27},{"not_picked":["Twin Strike","Iron Wave"],"picked":"Flex","floor":30}],"player_experience":235145,"potions_floor_usage":[5,6,6,12],"damage_taken":[{"damage":5,"enemies":"Cultist","floor":1,"turns":4},{"damage":0,"enemies":"2 Louse","floor":2,"turns":2},{"damage":11,"enemies":"Jaw Worm","floor":4,"turns":3},{"damage":26,"enemies":"Large Slime","floor":5,"turns":5},{"damage":37,"enemies":"Lagavulin","floor":6,"turns":6},{"damage":0,"enemies":"3 Louse","floor":10,"turns":1},{"damage":0,"enemies":"Blue Slaver","floor":12,"turns":1},{"damage":46,"enemies":"Hexaghost","floor":16,"turns":8},{"damage":7,"enemies":"Chosen","floor":18,"turns":3},{"damage":10,"enemies":"Spheric Guardian","floor":20,"turns":2},{"damage":2,"enemies":"Snecko","floor":22,"turns":2},{"damage":48,"enemies":"Slavers","floor":23,"turns":4},{"damage":11,"enemies":"3 Cultists","floor":27,"turns":4},{"damage":29,"enemies":"Centurion and Healer","floor":30,"turns":4},{"damage":83,"enemies":"Collector","floor":33,"turns":7}],"relics_obtained":[{"floor":6,"key":"Singing Bowl"},{"floor":9,"key":"Ancient Tea Set"},{"floor":23,"key":"Anchor"},{"floor":26,"key":"Sundial"},{"floor":28,"key":"Art of War"}],"event_choices":[{"event_name":"Living Wall","player_choice":"Grow","floor":3,"damage_taken":0},{"event_name":"Purifier","player_choice":"One Purge","floor":7,"damage_taken":0},{"event_name":"Big Fish","player_choice":"Banana","floor":8,"damage_taken":0},{"event_name":"Golden Idol","player_choice":"Lose Max HP","floor":13,"damage_taken":0},{"event_name":"Ghosts","player_choice":"Ignored","floor":19,"damage_taken":0},{"event_name":"Drug Dealer","player_choice":"Got JAXXED","floor":25,"damage_taken":0}],"boss_relics":[{"not_picked":["Philosopher\u0027s Stone","Lizard Tail"],"picked":"Sozu"}],"items_purged_floors":[],"potions_floor_spawned":[1,2,5,6,18,27],"seed_played":"-4732154251851066286","killed_by":"Collector","ascension_level":1,"potions_obtained":[{"floor":1,"key":"Dexterity Potion"},{"floor":2,"key":"Swift Potion"},{"floor":5,"key":"Explosive Potion"},{"floor":6,"key":"FearPotion"}],"is_trial":false}