{"path_per_floor":["M","?","M","?","?","R","?","R","T","?","R","M","?","M","R","B",null,"M","M","?"],"character_chosen":"THE_SILENT","items_purchased":[],"gold_per_floor":[110,110,129,129,204,204,204,204,255,255,255,266,266,282,282,413,413,433,448,448,448],"floor_reached":21,"campfire_rested":1,"playtime":965,"item_purchase_floors":[],"current_hp_per_floor":[70,70,68,61,50,50,50,50,50,50,50,50,50,49,65,4,65,34,6,6,0],"items_purged":[],"gold":448,"score":167,"play_id":"3a78047d-0789-49de-9766-2c20375241dd","local_time":"20180624180119","is_prod":false,"is_daily":false,"chose_seed":false,"is_ascension_mode":false,"campfire_upgraded":3,"win_rate":0,"timestamp":1529827279,"campfire_choices":[{"data":"Grand Finale","floor":6,"key":"SMITH"},{"data":"Distraction","floor":8,"key":"SMITH"},{"data":"Glass Knife","floor":11,"key":"SMITH"},{"floor":15,"key":"REST"}],"path_taken":["M","?","M","?","?","R","?","R","T","?","R","?","?","M","R","BOSS","M","M","?","?"],"build_version":"2018-06-21","seed_source_timestamp":4761145469760,"purchased_purges":0,"circlet_count":0,"victory":false,"master_deck":["Defend_G","Defend_G","Defend_G","Strike_G","Strike_G","Strike_G","Strike_G","Survivor","Neutralize","Distraction+1","Grand Finale+1","Glass Knife+1","Backstab","Poisoned Stab"],"max_hp_per_floor":[70,70,70,70,70,70,70,70,70,70,70,70,65,65,65,65,65,65,65,65,65],"relics":["Philosopher\u0027s Stone","Regal Pillow","Golden Idol"],"card_choices":[{"not_picked":["Dodge and Roll","Outmaneuver"],"picked":"Distraction","floor":1},{"not_picked":["Bouncing Flask","Poisoned Stab"],"picked":"Grand Finale","floor":3},{"not_picked":["Finisher","Caltrops","Setup"],"picked":"SKIP","floor":12},{"not_picked":["All Out Attack","Outmaneuver"],"picked":"Backstab","floor":14},{"not_picked":["Masterful Stab","Choke"],"picked":"Poisoned Stab","floor":18},{"not_picked":["All Out Attack","Accuracy","Cloak And Dagger+1"],"picked":"SKIP","floor":19}],"player_experience":455764,"potions_floor_usage":[16,16],"damage_taken":[{"damage":0,"enemies":"Cultist","floor":1,"turns":4},{"damage":2,"enemies":"Small Slimes","floor":3,"turns":4},{"damage":0,"enemies":"2 Louse","floor":12,"turns":2},{"damage":1,"enemies":"Red Slaver","floor":14,"turns":4},{"damage":61,"enemies":"Slime Boss","floor":16,"turns":15},{"damage":31,"enemies":"Shell Parasite","floor":18,"turns":7},{"damage":28,"enemies":"2 Thieves","floor":19,"turns":4},{"damage":7,"enemies":"Snecko","floor":21,"turns":2}],"relics_obtained":[{"floor":9,"key":"Regal Pillow"}],"event_choices":[{"event_name":"Match and Keep!","player_choice":"0 cards matched","floor":2,"damage_taken":0},{"event_name":"Golden Wing","player_choice":"Card Removal","floor":4,"damage_taken":0},{"event_name":"World of Goop","player_choice":"Gather Gold","floor":5,"damage_taken":0},{"event_name":"Living Wall","player_choice":"Forget","floor":7,"damage_taken":0},{"event_name":"Transmorgrifier","player_choice":"Transform","floor":10,"damage_taken":0},{"event_name":"Golden Idol","player_choice":"Lose Max HP","floor":13,"damage_taken":0},{"event_name":"Ghosts","player_choice":"Ignored","floor":20,"damage_taken":0}],"boss_relics":[{"not_picked":["Coffee Dripper","Runic Dome","Astrolabe"]}],"items_purged_floors":[],"is_endless":true,"potions_floor_spawned":[1,14,19],"seed_played":"608885608143675975","killed_by":"Snecko","ascension_level":0,"potions_obtained":[{"floor":1,"key":"GhostInAJar"},{"floor":14,"key":"Weak Potion"},{"floor":19,"key":"SteroidPotion"}],"is_trial":false}