{"gold_per_floor":[118,79,97,108,118,118,149,149,149,149,149,175,25,38,38,38],"floor_reached":16,"playtime":565,"items_purged":[],"score":121,"play_id":"80f0a911-3458-4d55-9833-13cebfc1ecde","local_time":"20190127200724","is_ascension_mode":true,"campfire_choices":[{"floor":6,"key":"RECALL"},{"floor":11,"key":"REST"},{"floor":15,"key":"REST"}],"neow_cost":"CURSE","seed_source_timestamp":1629959794948578,"circlet_count":0,"master_deck":["Strike_R","Strike_R","Strike_R","Strike_R","Strike_R","Defend_R","Defend_R","Defend_R","Defend_R","Bash","Perfected Strike","Feel No Pain","Hemokinesis","Twin Strike","Power Through","Limit Break","Wild Strike","Cleave"],"relics":["Burning Blood","Bird Faced Urn","Kunai","Potion Belt","PreservedInsect"],"potions_floor_usage":[16,16],"damage_taken":[{"damage":3,"enemies":"Cultist","floor":1,"turns":4},{"damage":10,"enemies":"Jaw Worm","floor":3,"turns":3},{"damage":13,"enemies":"Small Slimes","floor":4,"turns":3},{"damage":6,"enemies":"3 Louse","floor":5,"turns":2},{"damage":44,"enemies":"3 Sentries","floor":7,"turns":9},{"damage":45,"enemies":"Lagavulin","floor":12,"turns":6},{"damage":11,"enemies":"Looter","floor":14,"turns":2},{"damage":50,"enemies":"Hexaghost","floor":16,"turns":14}],"seed_played":"-4636953459886360711","potions_obtained":[{"floor":5,"key":"Weak Potion"},{"floor":12,"key":"Explosive Potion"},{"floor":14,"key":"SpeedPotion"}],"is_trial":false,"path_per_floor":["M","$","M","M","M","R","E","?","T","?","R","E","$","M","R","B"],"character_chosen":"IRONCLAD","items_purchased":["Feel No Pain","PreservedInsect"],"campfire_rested":2,"item_purchase_floors":[2,13],"current_hp_per_floor":[80,80,78,71,71,71,35,40,40,40,65,28,28,23,48,0],"gold":38,"neow_bonus":"ONE_RARE_RELIC","is_prod":false,"is_daily":false,"chose_seed":false,"campfire_upgraded":0,"win_rate":0,"timestamp":1548637644,"path_taken":["M","?","M","M","M","R","E","?","T","?","R","E","$","?","R","BOSS"],"build_version":"2019-01-23","purchased_purges":0,"victory":false,"max_hp_per_floor":[80,80,80,80,80,80,80,85,85,85,85,85,85,85,85,85],"card_choices":[{"not_picked":["Sever Soul","Anger"],"picked":"Perfected Strike","floor":1},{"not_picked":["True Grit","Shrug It Off"],"picked":"Hemokinesis","floor":3},{"not_picked":["Pommel Strike","Armaments"],"picked":"Twin Strike","floor":4},{"not_picked":["True Grit","Ghostly Armor"],"picked":"Power Through","floor":5},{"not_picked":["Iron Wave","Blood for Blood"],"picked":"Limit Break","floor":7},{"not_picked":["Clothesline","Pummel"],"picked":"Wild Strike","floor":12},{"not_picked":["Pommel Strike","Dropkick"],"picked":"Cleave","floor":14}],"player_experience":112265,"relics_obtained":[{"floor":7,"key":"Kunai"},{"floor":12,"key":"Potion Belt"}],"event_choices":[{"damage_healed":0,"gold_gain":0,"player_choice":"Donut","damage_taken":0,"max_hp_gain":5,"max_hp_loss":0,"event_name":"Big Fish","floor":8,"gold_loss":0},{"cards_removed":["Regret"],"damage_healed":0,"gold_gain":0,"player_choice":"Removed Curses","damage_taken":0,"max_hp_gain":0,"max_hp_loss":0,"event_name":"Fountain of Cleansing","floor":10,"gold_loss":0}],"is_beta":false,"boss_relics":[],"items_purged_floors":[],"is_endless":false,"potions_floor_spawned":[5,12,14],"killed_by":"Hexaghost","ascension_level":2}