{"gold_per_floor":[16,16,16,29,44,44,78,78,78,78,78,117,137,157,157,157],"floor_reached":16,"playtime":521,"items_purged":[],"score":182,"play_id":"d329bf8f-cdc4-40cf-9d11-ffea1e3718c3","local_time":"20181116173038","is_ascension_mode":true,"campfire_choices":[{"data":"Bash","floor":6,"key":"SMITH"},{"data":"Strike_R","floor":8,"key":"PURGE"},{"data":"Strike_R","floor":11,"key":"PURGE"},{"data":"Strike_R","floor":15,"key":"PURGE"}],"neow_cost":"NO_GOLD","seed_source_timestamp":114141783148218,"circlet_count":0,"master_deck":["AscendersBane","Strike_R+1","Strike_R","Defend_R","Defend_R","Defend_R","Defend_R","Bash+1","Dropkick+1","Corruption","Infernal Blade"],"relics":["Burning Blood","Gambling Chip","Golden Idol","Peace Pipe","Bag of Marbles"],"potions_floor_usage":[12,16],"damage_taken":[{"damage":0,"enemies":"Small Slimes","floor":1,"turns":4},{"damage":0,"enemies":"2 Louse","floor":4,"turns":3},{"damage":4,"enemies":"Jaw Worm","floor":5,"turns":3},{"damage":10,"enemies":"Lagavulin","floor":7,"turns":5},{"damage":20,"enemies":"3 Sentries","floor":12,"turns":7},{"damage":0,"enemies":"2 Fungi Beasts","floor":13,"turns":2},{"damage":1,"enemies":"Looter","floor":14,"turns":2},{"damage":47,"enemies":"Slime Boss","floor":16,"turns":7}],"seed_played":"6613165406746989042","potions_obtained":[{"floor":5,"key":"Explosive Potion"},{"floor":12,"key":"Fire Potion"},{"floor":13,"key":"Ancient Potion"}],"is_trial":false,"path_per_floor":["M","?","?","M","M","R","E","R","T","?","R","E","M","M","R","B"],"character_chosen":"IRONCLAD","items_purchased":[],"campfire_rested":0,"item_purchase_floors":[],"current_hp_per_floor":[78,58,42,48,50,50,46,46,46,46,46,32,38,43,43,0],"gold":157,"neow_bonus":"ONE_RARE_RELIC","is_prod":false,"is_daily":false,"chose_seed":false,"campfire_upgraded":1,"win_rate":0,"timestamp":1542407438,"path_taken":["M","?","?","M","M","R","E","R","T","?","R","E","M","M","R","BOSS"],"build_version":"2018-11-15","purchased_purges":0,"victory":false,"max_hp_per_floor":[80,80,80,80,80,80,80,80,80,80,80,80,80,80,80,80],"card_choices":[{"not_picked":["Body Slam","Pommel Strike"],"picked":"Dropkick","floor":1},{"not_picked":["Combust","Body Slam"],"picked":"Corruption","floor":4},{"not_picked":["Anger","Sword Boomerang"],"picked":"Infernal Blade","floor":5},{"not_picked":["Heavy Blade","Clothesline","Reaper"],"picked":"SKIP","floor":7},{"not_picked":["Cleave","Anger","True Grit"],"picked":"SKIP","floor":12},{"not_picked":["Warcry","Hemokinesis","Headbutt"],"picked":"SKIP","floor":13},{"not_picked":["Heavy Blade","Havoc","Shockwave"],"picked":"SKIP","floor":14}],"player_experience":384271,"relics_obtained":[{"floor":7,"key":"Peace Pipe"},{"floor":12,"key":"Bag of Marbles"}],"event_choices":[{"damage_healed":0,"gold_gain":0,"player_choice":"Take Damage","damage_taken":20,"relics_obtained":["Golden Idol"],"max_hp_gain":0,"max_hp_loss":0,"event_name":"Golden Idol","floor":2,"gold_loss":0},{"damage_healed":0,"gold_gain":0,"player_choice":"Entered Light","damage_taken":16,"max_hp_gain":0,"max_hp_loss":0,"event_name":"Shining Light","floor":3,"gold_loss":0,"cards_upgraded":["Dropkick","Strike_R"]},{"damage_healed":0,"gold_gain":0,"player_choice":"Ignored","damage_taken":0,"max_hp_gain":0,"max_hp_loss":0,"event_name":"Liars Game","floor":10,"gold_loss":0}],"is_beta":true,"boss_relics":[],"items_purged_floors":[],"is_endless":false,"potions_floor_spawned":[5,12,13],"killed_by":"Slime Boss","ascension_level":13}