{"gold_per_floor":[115,47,62,62,62,92,43,54,80,98,98,111,16,42,42,42],"floor_reached":16,"playtime":518,"items_purged":[],"score":110,"play_id":"8fa18108-3b0b-4ed8-a745-0165a06b3eed","local_time":"20181215120110","is_ascension_mode":false,"campfire_choices":[{"floor":11,"key":"REST"},{"floor":15,"key":"REST"}],"neow_cost":"NONE","seed_source_timestamp":200313880419449,"circlet_count":0,"master_deck":["Strike_R","Strike_R+1","Strike_R","Defend_R","Defend_R","Defend_R","Defend_R","Bash","Impervious","Twin Strike","Inflame","Headbutt+1","Flex","Carnage","Thunderclap","Rage","Flex","Flex"],"relics":["Burning Blood","Bag of Marbles","Boot","Oddly Smooth Stone"],"potions_floor_usage":[12,14,16],"damage_taken":[{"damage":10,"enemies":"Cultist","floor":1,"turns":4},{"damage":0,"enemies":"2 Louse","floor":3,"turns":3},{"damage":30,"enemies":"Lagavulin","floor":6,"turns":8},{"damage":1,"enemies":"Jaw Worm","floor":8,"turns":2},{"damage":11,"enemies":"Gremlin Gang","floor":10,"turns":6},{"damage":0,"enemies":"Looter","floor":12,"turns":1},{"damage":33,"enemies":"3 Sentries","floor":14,"turns":9},{"damage":62,"enemies":"Hexaghost","floor":16,"turns":9}],"seed_played":"-1472214749971496614","potions_obtained":[{"floor":8,"key":"Swift Potion"},{"floor":10,"key":"Fire Potion"},{"floor":14,"key":"Strength Potion"}],"is_trial":false,"path_per_floor":["M","$","M","?","?","E","$","M","T","M","R","M","$","E","R","B"],"character_chosen":"IRONCLAD","items_purchased":["Inflame","Flex","Rage","Flex"],"campfire_rested":2,"item_purchase_floors":[2,7,13,13],"current_hp_per_floor":[76,76,80,73,57,33,33,38,38,33,57,63,63,36,60,0],"gold":42,"neow_bonus":"TRANSFORM_CARD","is_prod":false,"is_daily":false,"chose_seed":false,"campfire_upgraded":0,"win_rate":0,"timestamp":1544893270,"path_taken":["M","$","M","?","?","E","?","?","T","M","R","M","$","E","R","BOSS"],"build_version":"2018-12-13","purchased_purges":0,"victory":false,"max_hp_per_floor":[80,80,80,80,80,80,80,80,80,80,80,80,80,80,80,80],"card_choices":[{"not_picked":["Shrug It Off","Bloodletting"],"picked":"Twin Strike","floor":1},{"not_picked":["Pummel","Entrench"],"picked":"Headbutt","floor":3},{"not_picked":["Dual Wield","Intimidate","Berserk"],"picked":"SKIP","floor":6},{"not_picked":["Wild Strike","Metallicize","Rampage"],"picked":"SKIP","floor":8},{"not_picked":["Hemokinesis","Thunderclap"],"picked":"Carnage","floor":10},{"not_picked":["Second Wind","Twin Strike"],"picked":"Thunderclap","floor":12},{"not_picked":["Havoc","Immolate"],"picked":"Flex","floor":14}],"player_experience":313516,"relics_obtained":[{"floor":6,"key":"Bag of Marbles"},{"floor":9,"key":"Boot"},{"floor":14,"key":"Oddly Smooth Stone"}],"event_choices":[{"cards_removed":["Strike_R"],"damage_healed":0,"gold_gain":0,"player_choice":"Card Removal","damage_taken":7,"max_hp_gain":0,"max_hp_loss":0,"event_name":"Golden Wing","floor":4,"gold_loss":0},{"damage_healed":0,"gold_gain":0,"player_choice":"Entered Light","damage_taken":16,"max_hp_gain":0,"max_hp_loss":0,"event_name":"Shining Light","floor":5,"gold_loss":0,"cards_upgraded":["Strike_R","Headbutt"]}],"is_beta":false,"boss_relics":[],"items_purged_floors":[],"is_endless":false,"potions_floor_spawned":[8,10,14],"killed_by":"Hexaghost","ascension_level":0}