{"gold_per_floor":[113,124,299,316,316,316,316,336,387,400,434,45,65,80,80,182,182,192,292,391,407,424,424,443,176,176,176,188,188,188,188,188,292,292,308,133,61,78,127,127,156,174,198,210,224,224,253,54,54,54,54,54,54,83,83],"floor_reached":55,"playtime":2703,"items_purged":["Doubt","Bash"],"score":786,"play_id":"77ce2409-1583-4c63-8065-1e6942235b05","local_time":"20190101195059","is_ascension_mode":false,"campfire_choices":[{"data":"Spot Weakness","floor":7.0,"key":"SMITH"},{"data":"Apotheosis","floor":15.0,"key":"SMITH"},{"data":"1","floor":23.0,"key":"LIFT"},{"floor":29.0,"key":"REST"},{"data":"2","floor":32.0,"key":"LIFT"},{"data":"3","floor":40.0,"key":"LIFT"},{"floor":49.0,"key":"RECALL"},{"floor":52.0,"key":"REST"}],"neow_cost":"NONE","seed_source_timestamp":634317751762183,"circlet_count":0,"master_deck":["Strike_R","Strike_R","Strike_R","Strike_R","Strike_R","Defend_R+1","Defend_R","Defend_R+1","Defend_R","Spot Weakness+1","Heavy Blade","Battle Trance","Apotheosis+1","Spot Weakness","Flex","Seeing Red","Demon Form","Heavy Blade","Flex+1","Seeing Red+1","Impervious+1","Spot Weakness+1","Spot Weakness+1"],"special_seed":0,"relics":["Burning Blood","Lantern","Ancient Tea Set","Orichalcum","Centennial Puzzle","Mark of Pain","Girya","Toxic Egg 2","Bag of Preparation","Self Forming Clay","Fusion Hammer","Dead Branch","Strawberry","FossilizedHelix","ClockworkSouvenir","Blood Vial"],"potions_floor_usage":[55],"damage_taken":[{"damage":9.0,"enemies":"Jaw Worm","floor":1.0,"turns":5.0},{"damage":2.0,"enemies":"2 Louse","floor":2.0,"turns":2.0},{"damage":0.0,"enemies":"Small Slimes","floor":4.0,"turns":2.0},{"damage":6.0,"enemies":"Looter","floor":8.0,"turns":4.0},{"damage":3.0,"enemies":"Large Slime","floor":10.0,"turns":6.0},{"damage":10.0,"enemies":"Gremlin Nob","floor":11.0,"turns":3.0},{"damage":0.0,"enemies":"Lots of Slimes","floor":13.0,"turns":2.0},{"damage":8.0,"enemies":"2 Fungi Beasts","floor":14.0,"turns":3.0},{"damage":18.0,"enemies":"The Guardian","floor":16.0,"turns":7.0},{"damage":17.0,"enemies":"2 Thieves","floor":18.0,"turns":3.0},{"damage":20.0,"enemies":"Colosseum Slavers","floor":19.0,"turns":5.0},{"damage":20.0,"enemies":"Colosseum Nobs","floor":19.0,"turns":4.0},{"damage":5.0,"enemies":"Chosen","floor":21.0,"turns":3.0},{"damage":7.0,"enemies":"Centurion and Healer","floor":22.0,"turns":3.0},{"damage":16.0,"enemies":"Snecko","floor":24.0,"turns":4.0},{"damage":5.0,"enemies":"Snake Plant","floor":28.0,"turns":2.0},{"damage":0.0,"enemies":"Chosen and Byrds","floor":31.0,"turns":1.0},{"damage":19.0,"enemies":"Champ","floor":33.0,"turns":6.0},{"damage":0.0,"enemies":"Orb Walker","floor":35.0,"turns":1.0},{"damage":0.0,"enemies":"3 Shapes","floor":38.0,"turns":3.0},{"damage":15.0,"enemies":"2 Orb Walkers","floor":39.0,"turns":3.0},{"damage":15.0,"enemies":"Nemesis","floor":41.0,"turns":5.0},{"damage":0.0,"enemies":"Writhing Mass","floor":42.0,"turns":2.0},{"damage":0.0,"enemies":"Transient","floor":44.0,"turns":5.0},{"damage":4.0,"enemies":"Jaw Worm Horde","floor":45.0,"turns":5.0},{"damage":2.0,"enemies":"Reptomancer","floor":47.0,"turns":2.0},{"damage":28.0,"enemies":"Awakened One","floor":50.0,"turns":6.0},{"damage":11.0,"enemies":"Shield and Spear","floor":54.0,"turns":4.0},{"damage":90,"enemies":"The Heart","floor":55,"turns":8}],"seed_played":"7696077788398946919","potions_obtained":[{"floor":4.0,"key":"Poison Potion"},{"floor":8.0,"key":"SneckoOil"},{"floor":11.0,"key":"GamblersBrew"},{"floor":13.0,"key":"Ancient Potion"},{"floor":21.0,"key":"AttackPotion"},{"floor":24.0,"key":"SkillPotion"},{"floor":30.0,"key":"Fruit Juice"},{"floor":30.0,"key":"Energy Potion"},{"floor":30.0,"key":"SmokeBomb"},{"floor":33.0,"key":"AttackPotion"},{"floor":41.0,"key":"Strength Potion"},{"floor":42.0,"key":"SkillPotion"},{"floor":45.0,"key":"Poison Potion"},{"floor":47.0,"key":"Dexterity Potion"},{"floor":54.0,"key":"Ancient Potion"}],"is_trial":false,"path_per_floor":["M","M","?","M","?","?","R","M","T","M","E","$","M","M","R","B",null,"M","?","?","M","M","R","M","$","T","?","M","R","?","M","R","B",null,"M","$","$","M","?","R","E","M","T","M","M","?","E","$","R","B",null,"R","$","E","B"],"character_chosen":"IRONCLAD","items_purchased":["Apotheosis","Spot Weakness","Flex","Flex+1","Seeing Red+1","Bag of Preparation","Spot Weakness+1","Spot Weakness+1","ClockworkSouvenir"],"campfire_rested":2,"item_purchase_floors":[12,12,12,25,25,25,36,37,48],"current_hp_per_floor":[77,80,80,80,64,52,52,52,52,55,51,51,57,55,55,43,80,69,41,41,42,41,41,31,31,31,31,32,56,56,62,62,54,85,85,85,85,85,76,76,74,80,80,86,88,88,92,92,92,70,92,92,92,87,0],"gold":83,"neow_bonus":"RANDOM_COMMON_RELIC","is_prod":false,"is_daily":false,"chose_seed":false,"campfire_upgraded":2,"win_rate":0,"timestamp":1546390259,"path_taken":["M","M","?","M","?","?","R","M","T","M","E","$","M","M","R","BOSS","M","?","?","M","M","R","M","$","T","?","M","R","?","M","R","BOSS","M","?","$","M","?","R","E","M","T","M","M","?","E","$","R","BOSS","R","$","E","BOSS"],"build_version":"2018-12-20","purchased_purges":2,"victory":false,"max_hp_per_floor":[80,80,80,80,80,80,80,80,80,80,80,80,80,80,80,80,80,80,80,80,80,80,80,80,80,80,80,80,80,80,80,80,85,85,85,85,85,85,85,85,92,92,92,92,92,92,92,92,92,92,92,92,92,92,92],"card_choices":[{"not_picked":["Dropkick","Warcry"],"picked":"Cleave","floor":1.0},{"not_picked":["Havoc","Pummel","Warcry"],"picked":"SKIP","floor":2.0},{"not_picked":["Shrug It Off","Havoc"],"picked":"Spot Weakness","floor":4.0},{"not_picked":["Dark Embrace","Iron Wave"],"picked":"Heavy Blade","floor":8.0},{"not_picked":["Heavy Blade","Cleave"],"picked":"Battle Trance","floor":10.0},{"not_picked":["Dual Wield","Perfected Strike","Corruption"],"picked":"SKIP","floor":11.0},{"not_picked":["Clothesline","Havoc","Sever Soul"],"picked":"SKIP","floor":13.0},{"not_picked":["Dual Wield","Thunderclap"],"picked":"Seeing Red","floor":14.0},{"not_picked":["Immolate","Bludgeon"],"picked":"Demon Form","floor":16.0},{"not_picked":["Pommel Strike+1","Rampage","Body Slam"],"picked":"SKIP","floor":18.0},{"not_picked":["Thunderclap","Clash"],"picked":"Heavy Blade","floor":21.0},{"not_picked":["Clothesline","Battle Trance+1","Iron Wave+1"],"picked":"SKIP","floor":22.0},{"not_picked":["Rage+1","Sword Boomerang","Twin Strike+1"],"picked":"SKIP","floor":24.0},{"not_picked":["Juggernaut","Anger+1","Shockwave+1"],"picked":"SKIP","floor":28.0},{"not_picked":["Dark Embrace","Barricade"],"picked":"Impervious+1","floor":33.0},{"not_picked":["Flex+1","Perfected Strike","True Grit+1"],"picked":"SKIP","floor":35.0},{"not_picked":["Heavy Blade","Anger","Flex+1"],"picked":"SKIP","floor":38.0},{"not_picked":["Sever Soul+1","Cleave+1","Flex+1"],"picked":"SKIP","floor":41.0},{"not_picked":["Sword Boomerang+1","Clothesline","Juggernaut"],"picked":"SKIP","floor":42.0},{"not_picked":["True Grit+1","Pummel","Clothesline+1"],"picked":"SKIP","floor":44.0},{"not_picked":["Wild Strike+1","Evolve+1","Warcry+1"],"picked":"SKIP","floor":45.0},{"not_picked":["Metallicize","Combust","Iron Wave"],"picked":"SKIP","floor":47.0},{"not_picked":["Perfected Strike","Bloodletting+1","Iron Wave"],"picked":"SKIP","floor":54.0}],"player_experience":383587,"relics_obtained":[{"floor":9.0,"key":"Orichalcum"},{"floor":11.0,"key":"Centennial Puzzle"},{"floor":19.0,"key":"Girya"},{"floor":19.0,"key":"Toxic Egg 2"},{"floor":26.0,"key":"Self Forming Clay"},{"floor":39.0,"key":"Dead Branch"},{"floor":41.0,"key":"Strawberry"},{"floor":47.0,"key":"FossilizedHelix"},{"floor":54.0,"key":"Blood Vial"}],"event_choices":[{"damage_healed":0.0,"max_hp_gain":0.0,"max_hp_loss":0.0,"gold_gain":175.0,"event_name":"Liars Game","player_choice":"AGREE","floor":3.0,"gold_loss":0.0,"damage_taken":0.0,"cards_obtained":["Doubt"]},{"damage_healed":0.0,"max_hp_gain":0.0,"max_hp_loss":0.0,"gold_gain":0.0,"event_name":"Shining Light","player_choice":"Entered Light","floor":5.0,"gold_loss":0.0,"damage_taken":16.0,"cards_upgraded":["Defend_R","Defend_R"]},{"damage_healed":0.0,"max_hp_gain":0.0,"max_hp_loss":0.0,"gold_gain":0.0,"event_name":"Scrap Ooze","player_choice":"Success","floor":6.0,"gold_loss":0.0,"damage_taken":12.0,"relics_obtained":["Ancient Tea Set"]},{"damage_healed":0.0,"max_hp_gain":0.0,"max_hp_loss":0.0,"gold_gain":0.0,"event_name":"Colosseum","player_choice":"Fight","floor":19.0,"gold_loss":0.0,"damage_taken":0.0},{"damage_healed":0.0,"max_hp_gain":0.0,"max_hp_loss":0.0,"gold_gain":0.0,"event_name":"Colosseum","player_choice":"Fought Nobs","floor":19.0,"gold_loss":0.0,"damage_taken":0.0},{"damage_healed":0.0,"max_hp_gain":0.0,"max_hp_loss":0.0,"gold_gain":99.0,"event_name":"Nest","player_choice":"Stole From Cult","floor":20.0,"gold_loss":0.0,"damage_taken":0.0},{"damage_healed":0.0,"max_hp_gain":0.0,"max_hp_loss":0.0,"gold_gain":0.0,"event_name":"Cursed Tome","player_choice":"Ignored","floor":27.0,"gold_loss":0.0,"damage_taken":0.0},{"damage_healed":0.0,"max_hp_gain":0.0,"max_hp_loss":0.0,"gold_gain":0.0,"event_name":"Lab","player_choice":"Got Potions","floor":30.0,"gold_loss":0.0,"damage_taken":0.0},{"damage_healed":0.0,"max_hp_gain":0.0,"max_hp_loss":0.0,"gold_gain":0.0,"event_name":"Mysterious Sphere","player_choice":"Fight","floor":39.0,"gold_loss":0.0,"damage_taken":0.0},{"cards_removed":["Cleave"],"damage_healed":0.0,"max_hp_gain":0.0,"max_hp_loss":0.0,"gold_gain":0.0,"event_name":"Falling","player_choice":"Removed Attack","floor":46.0,"gold_loss":0.0,"damage_taken":0.0}],"is_beta":false,"boss_relics":[{"not_picked":["Black Star","Runic Pyramid"],"picked":"Mark of Pain"},{"not_picked":["Calling Bell","Busted Crown"],"picked":"Fusion Hammer"}],"items_purged_floors":[12,36],"is_endless":false,"potions_floor_spawned":[4,8,11,13,19,21,24,31,33,41,42,45,47,54],"killed_by":"The Heart","ascension_level":0}