{"gold_per_floor":[117,128,53,53,53,66,76,76,99,99,161,181,181,181,181,283,283,294,168,168,258,258,258,275,275,275,275,290,301,316,332,332,429,429,440,440,457,457,472,472,482,482,482,482,152,164,175,175,175,175],"floor_reached":51,"playtime":1000,"items_purged":["Defend_R","Defend_R","Searing Blow"],"score":689,"play_id":"648597eb-5a86-4bed-b9de-c2e1b7c9fd24","local_time":"20180822191839","is_ascension_mode":false,"campfire_choices":[{"data":"Flex","floor":8,"key":"SMITH"},{"data":"Heavy Blade","floor":13,"key":"SMITH"},{"data":"Limit Break","floor":15,"key":"SMITH"},{"data":"Flex","floor":23,"key":"SMITH"},{"data":"Bash","floor":25,"key":"SMITH"},{"data":"Limit Break","floor":27,"key":"SMITH"},{"data":"Battle Trance","floor":32,"key":"SMITH"},{"data":"Pommel Strike","floor":40,"key":"SMITH"},{"floor":42,"key":"REST"},{"data":"Pommel Strike","floor":49,"key":"SMITH"}],"neow_cost":"NONE","seed_source_timestamp":75720080148447,"circlet_count":0,"master_deck":["Bash+1","Heavy Blade+1","Battle Trance+1","Flex+1","Seeing Red","Flex+1","Limit Break+1","Parasite","Limit Break+1","Flex+1","Flex+1","Inflame+1","Pommel Strike+1","Wild Strike","Havoc","Shockwave","Pommel Strike+1","Battle Trance+1","Pommel Strike+1","Enlightenment","Heavy Blade+1"],"relics":["Burning Blood","Juzu Bracelet","Vajra","Sozu","Nilry\u0027s Codex","Letter Opener","Pear","Pandora\u0027s Box","Pantograph","DollysMirror"],"potions_floor_usage":[18,24,50],"damage_taken":[{"damage":6,"enemies":"Cultist","floor":1,"turns":3},{"damage":11,"enemies":"Jaw Worm","floor":2,"turns":2},{"damage":10,"enemies":"Small Slimes","floor":6,"turns":2},{"damage":7,"enemies":"3 Louse","floor":7,"turns":2},{"damage":16,"enemies":"Gremlin Nob","floor":11,"turns":3},{"damage":13,"enemies":"Red Slaver","floor":12,"turns":2},{"damage":43,"enemies":"The Guardian","floor":16,"turns":5},{"damage":10,"enemies":"2 Thieves","floor":18,"turns":2},{"damage":0,"enemies":"Shell Parasite","floor":24,"turns":1},{"damage":0,"enemies":"Snake Plant","floor":28,"turns":2},{"damage":0,"enemies":"Snecko","floor":29,"turns":2},{"damage":5,"enemies":"Cultist and Chosen","floor":30,"turns":3},{"damage":12,"enemies":"Centurion and Healer","floor":31,"turns":3},{"damage":54,"enemies":"Champ","floor":33,"turns":4},{"damage":0,"enemies":"3 Darklings","floor":35,"turns":2},{"damage":24,"enemies":"3 Shapes","floor":37,"turns":3},{"damage":5,"enemies":"Maw","floor":39,"turns":3},{"damage":20,"enemies":"Sphere and 2 Shapes","floor":41,"turns":3},{"damage":12,"enemies":"4 Shapes","floor":46,"turns":2},{"damage":0,"enemies":"Spire Growth","floor":47,"turns":2},{"damage":72,"enemies":"Donu and Deca","floor":50,"turns":5}],"seed_played":"-1333649146439677819","potions_obtained":[{"floor":1,"key":"SteroidPotion"},{"floor":6,"key":"SpeedPotion"},{"floor":11,"key":"EssenceOfSteel"},{"floor":12,"key":"AttackPotion"},{"floor":16,"key":"Fire Potion"}],"is_trial":false,"path_per_floor":["M","M","$","?","?","M","M","R","T","$","?","M","R","?","R","B",null,"M","$","?","?","T","R","M","R","T","R","M","M","M","M","R","B",null,"M","?","M","?","M","R","M","R","T","?","$","M","M","?","R","B"],"character_chosen":"IRONCLAD","items_purchased":["Flex","DollysMirror"],"campfire_rested":1,"item_purchase_floors":[19,45],"current_hp_per_floor":[80,75,75,75,75,71,70,70,70,70,60,53,53,73,73,36,80,76,76,60,44,44,44,50,50,60,60,66,72,73,70,70,22,93,93,93,75,75,76,76,62,89,89,79,79,73,79,79,79,27],"gold":175,"neow_bonus":"THREE_CARDS","is_prod":false,"is_daily":false,"chose_seed":false,"campfire_upgraded":9,"win_rate":0,"timestamp":1534979919,"path_taken":["M","M","$","?","?","M","?","R","T","$","?","M","R","?","R","BOSS","M","$","?","?","?","R","M","R","T","R","M","M","M","M","R","BOSS","M","?","M","?","M","R","M","R","T","?","$","M","M","?","R","BOSS"],"build_version":"2018-08-16","purchased_purges":3,"victory":true,"max_hp_per_floor":[80,80,80,80,80,80,80,80,80,80,80,80,80,80,80,80,80,80,80,80,80,80,80,80,80,90,90,90,90,90,93,93,93,93,93,93,93,93,93,93,93,93,93,93,93,93,93,93,93,93],"card_choices":[{"not_picked":["Rampage","Intimidate"],"picked":"Heavy Blade","floor":0},{"not_picked":["Iron Wave","Inflame"],"picked":"Battle Trance","floor":1},{"not_picked":["Disarm","Perfected Strike"],"picked":"Flex","floor":2},{"not_picked":["Pommel Strike","Havoc"],"picked":"Seeing Red","floor":6},{"not_picked":["Shrug It Off","Iron Wave"],"picked":"Flex","floor":7},{"not_picked":["Uppercut","Corruption"],"picked":"Limit Break","floor":11},{"not_picked":["Shockwave","Burning Pact","Shrug It Off"],"picked":"SKIP","floor":12},{"not_picked":["Brutality","Immolate"],"picked":"Limit Break","floor":16},{"not_picked":["Clothesline","Uppercut","Feel No Pain"],"picked":"SKIP","floor":18},{"not_picked":["Warcry","Clothesline","Perfected Strike"],"picked":"SKIP","floor":24},{"not_picked":["Entrench+1","Spot Weakness","Dark Embrace"],"picked":"SKIP","floor":28},{"not_picked":["Cleave+1","Wild Strike"],"picked":"Flex+1","floor":29},{"not_picked":["Rampage","Searing Blow","True Grit"],"picked":"SKIP","floor":30},{"not_picked":["Dark Embrace","Thunderclap"],"picked":"Inflame+1","floor":31},{"not_picked":["Headbutt+1","Clash+1","Perfected Strike"],"picked":"SKIP","floor":35},{"not_picked":["Carnage+1","Iron Wave","Searing Blow"],"picked":"SKIP","floor":37},{"not_picked":["Body Slam","Flame Barrier"],"picked":"Battle Trance+1","floor":39},{"not_picked":["Flex","Armaments+1"],"picked":"Pommel Strike+1","floor":41},{"not_picked":["Finesse","PanicButton"],"picked":"Enlightenment","floor":44},{"not_picked":["Warcry","Flame Barrier+1","Disarm+1"],"picked":"SKIP","floor":46},{"not_picked":["True Grit","Rage+1","Clothesline+1"],"picked":"SKIP","floor":47}],"player_experience":139745,"relics_obtained":[{"floor":9,"key":"Juzu Bracelet"},{"floor":11,"key":"Vajra"},{"floor":20,"key":"Nilry\u0027s Codex"},{"floor":22,"key":"Letter Opener"},{"floor":26,"key":"Pear"},{"floor":43,"key":"Pantograph"}],"event_choices":[{"event_name":"Upgrade Shrine","player_choice":"Upgraded","floor":4,"damage_taken":0},{"event_name":"Transmorgrifier","player_choice":"Transform","floor":5,"damage_taken":0},{"event_name":"Dead Adventurer","player_choice":"Searched \u00271\u0027 times","floor":11,"damage_taken":0},{"event_name":"Mushrooms","player_choice":"Healed and dodged fight","floor":14,"damage_taken":0},{"event_name":"Cursed Tome","player_choice":"Obtained Book","floor":20,"damage_taken":0},{"event_name":"Knowing Skull","player_choice":"GOLD ","floor":21,"damage_taken":0},{"event_name":"Mysterious Sphere","player_choice":"Ignore","floor":36,"damage_taken":0},{"event_name":"Tomb of Lord Red Mask","player_choice":"Ignored","floor":38,"damage_taken":0},{"event_name":"SensoryStone","player_choice":"Memory 3","floor":44,"damage_taken":0},{"event_name":"Falling","player_choice":"Removed Attack","floor":48,"damage_taken":0}],"is_beta":false,"boss_relics":[{"not_picked":["Black Blood","Orrery"],"picked":"Sozu"},{"not_picked":["White Beast Statue","Runic Dome"],"picked":"Pandora\u0027s Box"}],"items_purged_floors":[3,19,45],"is_endless":false,"potions_floor_spawned":[1,6,11,12,16,29,30,31,35,37,47],"ascension_level":0}