{"gold_per_floor":[212,227,40,51,62,89,99,132,132,82,99,99,125,50,50,148,148,161,174,184,184,51,51,77,77,101,101,111,111,111,137,137,247,259,283,310,332,344,367,414,426,472,510,533,545,589,601,628,640,652,664,676,161,193,193],"floor_reached":56,"playtime":2638,"items_purged":["Strike_R","Strike_R"],"score":2140,"play_id":"35c7aa27-e39f-46af-a397-de33a391c9d7","local_time":"20190218032305","is_ascension_mode":true,"campfire_choices":[{"floor":12,"key":"DIG"},{"data":"1","floor":15,"key":"LIFT"},{"floor":23,"key":"DIG"},{"floor":25,"key":"DIG"},{"floor":29,"key":"DIG"},{"floor":32,"key":"DIG"},{"floor":41,"key":"DIG"},{"floor":45,"key":"DIG"},{"floor":49,"key":"RECALL"},{"floor":52,"key":"DIG"}],"neow_cost":"NONE","seed_source_timestamp":1011052165441600,"circlet_count":0,"master_deck":["AscendersBane","Bash","Feel No Pain","Clothesline","Immolate","Flame Barrier","Warcry","Dropkick","Spot Weakness","Fiend Fire+1","Battle Trance","Shrug It Off","Headbutt+1","Reaper+1","Spot Weakness","Uppercut+1","Corruption","Feel No Pain+1","Feed+1","Bash+1","Reaper+1","Reaper+1","Heavy Blade+1","Fiend Fire+1","Dual Wield+1","Second Wind+1","Dropkick+1","Shockwave","Pommel Strike+1","Uppercut+1","Body Slam+1","Master of Strategy","Feel No Pain","Pommel Strike+1","Dual Wield+1","Flame Barrier+1","Disarm","Corruption","Evolve"],"special_seed":0,"relics":["Burning Blood","Molten Egg 2","Mummified Hand","Shovel","Meat on the Bone","Girya","Snecko Eye","Bronze Scales","Blood Vial","PreservedInsect","MutagenicStrength","Bottled Tornado","Turnip","MawBank","Pandora\u0027s Box","Bag of Preparation","War Paint","Paper Frog","Vajra","Dream Catcher","Happy Flower","Shuriken","Red Skull","Pantograph","Dodecahedron"],"potions_floor_usage":[8,11,13,16,42,44,55,55],"damage_taken":[{"damage":0,"enemies":"Small Slimes","floor":1,"turns":3},{"damage":13,"enemies":"Jaw Worm","floor":2,"turns":5},{"damage":0,"enemies":"Cultist","floor":4,"turns":5},{"damage":11,"enemies":"Exordium Thugs","floor":5,"turns":4},{"damage":19,"enemies":"3 Sentries","floor":6,"turns":8},{"damage":17,"enemies":"Large Slime","floor":7,"turns":5},{"damage":16,"enemies":"Gremlin Nob","floor":8,"turns":3},{"damage":0,"enemies":"Lots of Slimes","floor":11,"turns":1},{"damage":33,"enemies":"Lagavulin","floor":13,"turns":9},{"damage":15,"enemies":"Hexaghost","floor":16,"turns":8},{"damage":0,"enemies":"Spheric Guardian","floor":18,"turns":1},{"damage":7,"enemies":"Chosen","floor":19,"turns":3},{"damage":10,"enemies":"3 Cultists","floor":20,"turns":4},{"damage":0,"enemies":"Book of Stabbing","floor":24,"turns":4},{"damage":6,"enemies":"Snake Plant","floor":28,"turns":2},{"damage":13,"enemies":"Slavers","floor":31,"turns":3},{"damage":32,"enemies":"Champ","floor":33,"turns":7},{"damage":14,"enemies":"3 Shapes","floor":35,"turns":4},{"damage":26,"enemies":"3 Darklings","floor":36,"turns":3},{"damage":11,"enemies":"Transient","floor":37,"turns":5},{"damage":21,"enemies":"Spire Growth","floor":39,"turns":4},{"damage":27,"enemies":"Giant Head","floor":40,"turns":6},{"damage":0,"enemies":"Reptomancer","floor":42,"turns":1},{"damage":0,"enemies":"Jaw Worm Horde","floor":44,"turns":1},{"damage":9,"enemies":"Giant Head","floor":46,"turns":3},{"damage":0,"enemies":"3 Darklings","floor":48,"turns":1},{"damage":37,"enemies":"Awakened One","floor":50,"turns":5},{"damage":0,"enemies":"Shield and Spear","floor":54,"turns":4},{"damage":31,"enemies":"The Heart","floor":55,"turns":6}],"seed_played":"-9211492136082440605","potions_obtained":[{"floor":1,"key":"GamblersBrew"},{"floor":6,"key":"PowerPotion"},{"floor":8,"key":"Strength Potion"},{"floor":13,"key":"AttackPotion"},{"floor":16,"key":"FearPotion"},{"floor":19,"key":"AttackPotion"},{"floor":33,"key":"Swift Potion"},{"floor":42,"key":"Energy Potion"},{"floor":46,"key":"GamblersBrew"}],"is_trial":false,"path_per_floor":["M","M","$","M","M","E","M","E","T","?","M","R","E","$","R","B",null,"M","M","M","?","$","R","E","R","T","?","M","R","?","E","R","B",null,"M","M","M","?","M","E","R","E","T","M","R","E","?","M","R","B",null,"R","$","E","B",null],"character_chosen":"IRONCLAD","items_purchased":["Immolate","Flame Barrier","Feel No Pain","Red Skull","Pantograph","Disarm","Corruption"],"campfire_rested":0,"item_purchase_floors":[3,3,22,53,53,53,53],"current_hp_per_floor":[78,71,71,77,72,59,48,38,38,38,44,44,29,29,29,32,68,74,79,76,76,76,76,80,80,80,80,80,80,80,77,77,82,84,88,88,88,88,74,71,71,79,79,88,88,85,85,88,88,92,92,92,92,96,96],"gold":193,"neow_bonus":"HUNDRED_GOLD","is_prod":false,"is_daily":false,"chose_seed":false,"campfire_upgraded":0,"win_rate":0,"timestamp":1550488985,"path_taken":["M","M","$","M","M","E","M","E","T","?","M","R","E","$","R","BOSS","M","M","M","?","$","R","E","R","T","?","M","R","?","E","R","BOSS","M","M","?","?","M","E","R","E","T","M","R","E","?","M","R","BOSS","R","$","E","BOSS"],"build_version":"2019-01-23","purchased_purges":2,"victory":true,"max_hp_per_floor":[80,80,80,80,80,80,80,80,80,80,80,80,80,80,80,80,80,80,80,80,80,80,80,80,80,80,80,80,80,80,84,84,84,84,88,88,88,88,88,88,88,88,88,88,88,88,88,88,88,92,92,92,92,96,96],"card_choices":[{"not_picked":["Rupture","Perfected Strike"],"picked":"Feel No Pain","floor":1},{"not_picked":["Carnage","Thunderclap"],"picked":"Clothesline","floor":2},{"not_picked":["Havoc","Clothesline"],"picked":"Warcry","floor":4},{"not_picked":["Fire Breathing","Warcry"],"picked":"Dropkick","floor":5},{"not_picked":["Thunderclap","Twin Strike"],"picked":"Spot Weakness","floor":6},{"not_picked":["Second Wind","Twin Strike+1"],"picked":"Fiend Fire+1","floor":7},{"not_picked":["Twin Strike+1","Headbutt+1"],"picked":"Battle Trance","floor":8},{"not_picked":["Anger+1","Thunderclap+1"],"picked":"Shrug It Off","floor":11},{"not_picked":["Fire Breathing","Spot Weakness"],"picked":"Headbutt+1","floor":13},{"not_picked":["Offering","Double Tap"],"picked":"Reaper+1","floor":16},{"not_picked":["Shrug It Off","Pommel Strike+1"],"picked":"Spot Weakness","floor":18},{"not_picked":["Sword Boomerang+1","Power Through","Flex"],"picked":"SKIP","floor":19},{"not_picked":["Cleave+1","Anger+1"],"picked":"Uppercut+1","floor":20},{"not_picked":["Heavy Blade+1","Rupture"],"picked":"Feed+1","floor":24},{"not_picked":["Wild Strike+1","Carnage+1","Iron Wave+1"],"picked":"SKIP","floor":28},{"not_picked":["True Grit","Body Slam+1"],"picked":"Reaper+1","floor":31},{"not_picked":["Exhume","Berserk"],"picked":"Reaper+1","floor":33},{"not_picked":["Wild Strike+1","Searing Blow+1"],"picked":"Pommel Strike+1","floor":35},{"not_picked":["Second Wind","Thunderclap+1"],"picked":"Uppercut+1","floor":36},{"not_picked":["Carnage+1","Twin Strike+1"],"picked":"Body Slam+1","floor":37},{"not_picked":["Madness","The Bomb"],"picked":"Master of Strategy","floor":38},{"not_picked":["Flex","Twin Strike+1"],"picked":"Feel No Pain","floor":39},{"not_picked":["Wild Strike+1","Clothesline+1","Entrench"],"picked":"SKIP","floor":40},{"not_picked":["Perfected Strike+1","Clash+1","Twin Strike+1"],"picked":"SKIP","floor":42},{"not_picked":["Clash+1","Headbutt+1"],"picked":"Pommel Strike+1","floor":44},{"not_picked":["Twin Strike+1","Seeing Red+1"],"picked":"Dual Wield+1","floor":46},{"not_picked":["Searing Blow+1","Intimidate"],"picked":"Flame Barrier+1","floor":48},{"not_picked":["Flex","Uppercut+1"],"picked":"Evolve","floor":54}],"player_experience":729904,"relics_obtained":[{"floor":6,"key":"Molten Egg 2"},{"floor":8,"key":"Mummified Hand"},{"floor":9,"key":"Shovel"},{"floor":12,"key":"Meat on the Bone"},{"floor":13,"key":"Girya"},{"floor":23,"key":"Bronze Scales"},{"floor":24,"key":"Blood Vial"},{"floor":25,"key":"PreservedInsect"},{"floor":29,"key":"Bottled Tornado"},{"floor":31,"key":"Turnip"},{"floor":32,"key":"MawBank"},{"floor":40,"key":"Bag of Preparation"},{"floor":41,"key":"War Paint"},{"floor":42,"key":"Paper Frog"},{"floor":43,"key":"Vajra"},{"floor":45,"key":"Dream Catcher"},{"floor":46,"key":"Happy Flower"},{"floor":52,"key":"Shuriken"},{"floor":54,"key":"Dodecahedron"}],"event_choices":[{"cards_removed":["Strike_R"],"damage_healed":0,"gold_gain":0,"player_choice":"Card Removal","damage_taken":0,"max_hp_gain":0,"max_hp_loss":0,"event_name":"The Cleric","floor":10,"gold_loss":50},{"damage_healed":0,"gold_gain":0,"player_choice":"Read","damage_taken":0,"max_hp_gain":0,"max_hp_loss":0,"event_name":"The Library","floor":21,"gold_loss":0,"cards_obtained":["Corruption"]},{"damage_healed":0,"gold_gain":0,"player_choice":"Inject Mutagens","damage_taken":0,"relics_obtained":["MutagenicStrength"],"max_hp_gain":0,"max_hp_loss":0,"event_name":"Drug Dealer","floor":27,"gold_loss":0},{"damage_healed":0,"gold_gain":0,"player_choice":"1 cards matched","damage_taken":0,"max_hp_gain":0,"max_hp_loss":0,"event_name":"Match and Keep!","floor":30,"gold_loss":0,"cards_obtained":["Bash"]},{"damage_healed":0,"gold_gain":0,"player_choice":"Memory 1","damage_taken":0,"max_hp_gain":0,"max_hp_loss":0,"event_name":"SensoryStone","floor":38,"gold_loss":0},{"damage_healed":0,"gold_gain":0,"player_choice":"Upgraded","damage_taken":0,"max_hp_gain":0,"max_hp_loss":0,"event_name":"Upgrade Shrine","floor":47,"gold_loss":0,"cards_upgraded":["Feel No Pain"]}],"is_beta":false,"boss_relics":[{"not_picked":["Black Star","Eternal Feather"],"picked":"Snecko Eye"},{"not_picked":["Astrolabe","Orrery"],"picked":"Pandora\u0027s Box"}],"items_purged_floors":[14,22],"is_endless":false,"potions_floor_spawned":[1,6,7,8,13,16,19,31,33,37,39,42,46,48,54],"ascension_level":12}