{"path_per_floor":["M","M","M","?","M","R","M","E","T","$","R","M","M","M","R","B",null,"M","?","?","M","?","R","$","M","T","R","?","E","M","M","R","B",null,"M","M","?","M","M","E","?","E","T","M","$","R","E","M","R","B"],"character_chosen":"DEFECT","items_purchased":["Self Repair+1","Recycle+1","Bandage Up+1","Defragment+1","Membership Card"],"gold_per_floor":[115,135,149,149,168,168,182,213,213,0,0,0,16,35,35,137,137,111,111,111,127,127,127,35,48,48,48,73,105,118,118,118,217,217,236,249,249,259,275,303,303,332,410,421,88,88,121,135,135,135],"floor_reached":51,"campfire_rested":1,"playtime":8395,"item_purchase_floors":[10,10,24,45,45],"current_hp_per_floor":[70,70,58,58,40,40,31,14,14,14,14,24,18,28,28,39,75,63,63,63,71,71,71,71,65,65,65,71,65,75,75,75,75,75,75,75,75,75,75,75,75,64,64,75,75,75,77,79,79,79],"items_purged":["Strike_B","Auto Shields"],"gold":135,"score":929,"play_id":"a67a32f0-03b3-4228-99a5-8cfaa71e43b1","local_time":"20180604171932","is_prod":false,"is_daily":false,"chose_seed":false,"is_ascension_mode":true,"campfire_upgraded":7,"win_rate":0,"timestamp":1528100372,"campfire_choices":[{"data":"Defragment","floor":6,"key":"SMITH"},{"data":"Dualcast","floor":11,"key":"SMITH"},{"data":"Beam Cell","floor":15,"key":"SMITH"},{"data":"Seek","floor":23,"key":"SMITH"},{"data":"Darkness","floor":27,"key":"SMITH"},{"data":"Gash","floor":32,"key":"SMITH"},{"data":"Reinforced Body","floor":46,"key":"SMITH"},{"floor":49,"key":"REST"}],"path_taken":["M","M","?","?","M","R","M","E","T","$","R","M","M","?","R","BOSS","M","?","?","?","?","R","?","M","T","R","?","E","M","M","R","BOSS","M","M","?","?","M","E","?","E","T","?","$","R","E","M","R","BOSS"],"build_version":"2018-05-31","seed_source_timestamp":899548684799233,"purchased_purges":2,"victory":true,"master_deck":["Dualcast+1","Seek+1","Defragment+1","Beam Cell+1","Reinforced Body+1","Darkness+1","Self Repair+1","Hologram+1","Chill+1","Defragment+1","Multi-Cast+1","Turbo+1","Capacitor+1","Glacier+1","Hologram+1","Hello World+1","Stack+1","Capacitor+1","Bandage Up+1","Glacier+1","Reboot+1","Defragment+1","Redo+1","Defragment+1","Defragment+1"],"max_hp_per_floor":[75,75,75,75,75,75,75,75,75,75,75,75,75,75,75,75,75,75,75,75,75,75,75,75,75,75,75,75,75,75,75,75,75,75,75,75,75,75,75,75,75,75,75,75,75,75,77,79,79,79],"relics":["Cracked Core","Frozen Egg 2","Toxic Egg 2","Pandora\u0027s Box","Mercury Hourglass","Red Mask","Lantern","Black Star","Torii","Calipers","Oddly Smooth Stone","Vajra","Smiling Mask","Membership Card","Pen Nib","Singing Bowl"],"card_choices":[{"not_picked":["Conserve Battery","Barrage"],"picked":"Defragment","floor":1},{"not_picked":["Skim","Go for the Eyes"],"picked":"Beam Cell","floor":2},{"not_picked":["Go for the Eyes","Barrage"],"picked":"Reinforced Body","floor":3},{"not_picked":["Steam Power","Turbo","Compile Driver"],"picked":"SKIP","floor":5},{"not_picked":["Redo","Tempest"],"picked":"Darkness","floor":7},{"not_picked":["Melter","All For One"],"picked":"Auto Shields","floor":8},{"not_picked":["Streamline","Redo+1"],"picked":"Hologram+1","floor":12},{"not_picked":["Sweeping Beam","Melter"],"picked":"Chill+1","floor":13},{"not_picked":["Streamline","Beam Cell"],"picked":"Defragment+1","floor":14},{"not_picked":["Echo Form+1","Buffer+1"],"picked":"Multi-Cast+1","floor":16},{"not_picked":["Beam Cell","Recycle+1","Ball Lightning+1"],"picked":"SKIP","floor":18},{"not_picked":["Lockon","Chill+1"],"picked":"Capacitor+1","floor":21},{"not_picked":["Compile Driver+1","Cold Snap","Beam Cell"],"picked":"SKIP","floor":25},{"not_picked":["Cold Snap+1","Ball Lightning"],"picked":"Glacier+1","floor":28},{"not_picked":["Coolheaded+1","Creative AI+1","Stack+1"],"picked":"SKIP","floor":29},{"not_picked":["Lockon","Turbo+1","Rebound"],"picked":"SKIP","floor":30},{"not_picked":["Rainbow+1","Echo Form+1"],"picked":"Reboot+1","floor":33},{"not_picked":["Rip and Tear","Hologram+1"],"picked":"Defragment+1","floor":35},{"not_picked":["Conserve Battery+1","Recycle+1"],"picked":"Redo+1","floor":36},{"not_picked":["Beam Cell","Conserve Battery+1"],"picked":"Defragment+1","floor":38},{"not_picked":["Ball Lightning+1","Steam+1","Gash"],"picked":"SKIP","floor":39},{"not_picked":["FTL","Undo+1","Rainbow+1"],"picked":"SKIP","floor":40},{"not_picked":["Force Field+1","Capacitor+1","Blizzard+1"],"picked":"SKIP","floor":42},{"not_picked":["Turbo+1","White Noise+1","Chill+1"],"picked":"SKIP","floor":44},{"not_picked":["Glacier+1","Cold Snap+1","Genetic Algorithm+1"],"picked":"Singing Bowl","floor":47},{"not_picked":["Turbo+1","Lockon+1","Leap+1"],"picked":"Singing Bowl","floor":48}],"player_experience":484748,"potions_floor_usage":[8,16,30,31,39,50,50],"damage_taken":[{"damage":5,"enemies":"Cultist","floor":1,"turns":4},{"damage":0,"enemies":"Small Slimes","floor":2,"turns":3},{"damage":12,"enemies":"Jaw Worm","floor":3,"turns":2},{"damage":18,"enemies":"Lots of Slimes","floor":5,"turns":4},{"damage":9,"enemies":"2 Fungi Beasts","floor":7,"turns":3},{"damage":17,"enemies":"Lagavulin","floor":8,"turns":6},{"damage":0,"enemies":"Looter","floor":12,"turns":4},{"damage":16,"enemies":"Large Slime","floor":13,"turns":6},{"damage":0,"enemies":"Exordium Thugs","floor":14,"turns":6},{"damage":14,"enemies":"The Guardian","floor":16,"turns":9},{"damage":22,"enemies":"2 Thieves","floor":18,"turns":5},{"damage":2,"enemies":"Chosen","floor":21,"turns":5},{"damage":22,"enemies":"Centurion and Healer","floor":25,"turns":10},{"damage":10,"enemies":"가면 도적단","floor":28,"turns":8},{"damage":20,"enemies":"Slavers","floor":29,"turns":12},{"damage":0,"enemies":"3 Cultists","floor":30,"turns":6},{"damage":0,"enemies":"Snake Plant","floor":31,"turns":1},{"damage":4,"enemies":"Champ","floor":33,"turns":10},{"damage":4,"enemies":"Orb Walker","floor":35,"turns":4},{"damage":0,"enemies":"3 Shapes","floor":36,"turns":15},{"damage":0,"enemies":"Sphere and 2 Shapes","floor":38,"turns":8},{"damage":1,"enemies":"3 Darklings","floor":39,"turns":7},{"damage":3,"enemies":"Giant Head","floor":40,"turns":9},{"damage":27,"enemies":"Nemesis","floor":42,"turns":7},{"damage":0,"enemies":"4 Shapes","floor":44,"turns":19},{"damage":11,"enemies":"2 Orb Walkers","floor":47,"turns":12},{"damage":0,"enemies":"Maw","floor":48,"turns":15},{"damage":0,"enemies":"Donu and Deca","floor":50,"turns":14}],"relics_obtained":[{"floor":8,"key":"Frozen Egg 2"},{"floor":9,"key":"Toxic Egg 2"},{"floor":26,"key":"Mercury Hourglass"},{"floor":28,"key":"Red Mask"},{"floor":29,"key":"Lantern"},{"floor":40,"key":"Torii"},{"floor":40,"key":"Calipers"},{"floor":42,"key":"Oddly Smooth Stone"},{"floor":42,"key":"Vajra"},{"floor":43,"key":"Smiling Mask"},{"floor":47,"key":"Pen Nib"},{"floor":47,"key":"Singing Bowl"}],"event_choices":[{"event_name":"Match and Keep!","player_choice":"0 cards matched","floor":4,"damage_taken":0},{"event_name":"Wheel of Change","player_choice":"Card Removal","floor":19,"damage_taken":0},{"event_name":"Vampires","player_choice":"Ignored","floor":20,"damage_taken":0},{"event_name":"Purifier","player_choice":"One Purge","floor":22,"damage_taken":0},{"event_name":"Masked Bandits","player_choice":"Fought over 48 gold","floor":28,"damage_taken":0},{"event_name":"SecretPortal","player_choice":"Rejected Portal.","floor":37,"damage_taken":0}],"boss_relics":[{"not_picked":["Runic Dome","Ectoplasm"],"picked":"Pandora\u0027s Box"},{"not_picked":["Runic Pyramid","Cursed Key"],"picked":"Black Star"}],"items_purged_floors":[10,45],"potions_floor_spawned":[1,7,8,13,14,16,21,28,31,33,38,40,44,47],"seed_played":"-6919951040407779315","ascension_level":3,"potions_obtained":[{"floor":1,"key":"GamblersBrew"},{"floor":7,"key":"Regen Potion"},{"floor":8,"key":"Fire Potion"},{"floor":13,"key":"FairyPotion"},{"floor":16,"key":"SmokeBomb"},{"floor":33,"key":"Energy Potion"},{"floor":38,"key":"EssenceOfSteel"},{"floor":40,"key":"SpeedPotion"},{"floor":47,"key":"LiquidBronze"}],"is_trial":false}