{"gold_per_floor":[16,31,31,31,106,106,126,160,160,179,1,11,11,28,28,28],"floor_reached":16,"playtime":531,"items_purged":["Strike_G"],"score":189,"play_id":"d1ec8035-b4f2-4fbf-aee7-02da234ca44c","local_time":"20180912153714","is_ascension_mode":true,"campfire_choices":[{"data":"Dagger Spray","floor":6.0,"key":"SMITH"},{"data":"Calculated Gamble","floor":13,"key":"SMITH"},{"floor":15,"key":"REST"}],"neow_cost":"NO_GOLD","seed_source_timestamp":586417596068221,"circlet_count":0,"master_deck":["Defend_G","Defend_G","Defend_G","Defend_G","Defend_G","Strike_G","Strike_G","Strike_G","Survivor","Neutralize","AscendersBane","Dagger Spray","Dagger Spray+1","Backstab","Dagger Throw","Outmaneuver","Skewer","Calculated Gamble+1","Eviscerate","Doppelganger"],"special_seed":0,"relics":["Ring of the Snake","Prayer Wheel","Sundial","Shuriken"],"potions_floor_usage":[8,16],"damage_taken":[{"damage":1.0,"enemies":"2 Louse","floor":1.0,"turns":3.0},{"damage":4.0,"enemies":"Small Slimes","floor":2.0,"turns":3.0},{"damage":2.0,"enemies":"Jaw Worm","floor":7.0,"turns":3.0},{"damage":31,"enemies":"Gremlin Nob","floor":8,"turns":4},{"damage":1,"enemies":"2 Fungi Beasts","floor":10,"turns":3},{"damage":0,"enemies":"Lots of Slimes","floor":12,"turns":1},{"damage":0,"enemies":"Looter","floor":14,"turns":1},{"damage":21,"enemies":"The Guardian","floor":16,"turns":8}],"seed_played":"6556238583751814349","potions_obtained":[{"floor":2.0,"key":"PowerPotion"},{"floor":14,"key":"SpeedPotion"}],"is_trial":false,"path_per_floor":["M","M","?","?","?","R","M","E","T","M","$","M","R","M","R"],"character_chosen":"THE_SILENT","items_purchased":["Eviscerate","Poison Potion"],"campfire_rested":1,"item_purchase_floors":[11,11],"current_hp_per_floor":[58,54,54,54,43,43,41,10,10,9,9,9,9,9,28,7],"gold":28,"neow_bonus":"ONE_RARE_RELIC","is_prod":false,"is_daily":false,"chose_seed":false,"campfire_upgraded":2,"win_rate":0,"timestamp":1536734234,"path_taken":["M","M","?","?","?","R","M","E","T","?","$","M","R","M","R","BOSS"],"build_version":"2018-09-06","purchased_purges":1,"victory":false,"max_hp_per_floor":[66,66,66,66,66,66,66,66,66,66,66,66,66,66,66,66],"card_choices":[{"not_picked":["Backflip","Poisoned Stab"],"picked":"Dagger Spray","floor":1.0},{"not_picked":["Backflip","Tactician"],"picked":"Dagger Spray","floor":1.0},{"not_picked":["Outmaneuver","Quick Slash"],"picked":"Backstab","floor":2.0},{"not_picked":["Underhanded Strike","Infinite Blades"],"picked":"Dagger Throw","floor":2.0},{"not_picked":["Skewer","Envenom"],"picked":"Outmaneuver","floor":7.0},{"not_picked":["Blade Dance","Dagger Spray"],"picked":"Skewer","floor":7.0},{"not_picked":["Caltrops","Poisoned Stab","Dodge and Roll"],"picked":"SKIP","floor":8},{"not_picked":["Infinite Blades","All Out Attack"],"picked":"Calculated Gamble","floor":10},{"not_picked":["Riddle With Holes","Dagger Spray","Sucker Punch"],"picked":"SKIP","floor":10},{"not_picked":["Quick Slash","Dodge and Roll","Flechettes"],"picked":"SKIP","floor":12},{"not_picked":["Sucker Punch","Wraith Form v2","Dodge and Roll"],"picked":"SKIP","floor":12},{"not_picked":["Riddle With Holes","Dagger Spray"],"picked":"Doppelganger","floor":14},{"not_picked":["Flying Knee","Poisoned Stab","Dagger Throw"],"picked":"SKIP","floor":14}],"player_experience":658082,"relics_obtained":[{"floor":8,"key":"Sundial"},{"floor":9,"key":"Shuriken"}],"event_choices":[{"event_name":"Liars Game","player_choice":"disagreed","floor":3.0,"damage_taken":0.0},{"event_name":"Purifier","player_choice":"One Purge","floor":4.0,"damage_taken":0.0},{"event_name":"World of Goop","player_choice":"Gather Gold","floor":5.0,"damage_taken":0.0}],"is_beta":false,"boss_relics":[],"items_purged_floors":[11],"is_endless":false,"potions_floor_spawned":[2,14],"killed_by":"The Guardian","ascension_level":17}