{"gold_per_floor":[112,112,112,125,135,135,145,145,170,170],"floor_reached":10,"playtime":290,"items_purged":[],"score":116,"play_id":"dcce0155-ef1f-4962-a0e0-94f290f69122","local_time":"20190208214005","is_ascension_mode":true,"campfire_choices":[{"data":"Chaos","floor":6,"key":"SMITH"},{"data":"Dualcast","floor":8,"key":"SMITH"}],"neow_cost":"NONE","seed_source_timestamp":215270906809600,"circlet_count":0,"master_deck":["AscendersBane","Strike_B","Strike_B","Strike_B","Strike_B","Defend_B","Defend_B","Defend_B","Defend_B","Zap+1","Dualcast+1","Ball Lightning","Darkness","Chaos+1","Coolheaded"],"relics":["Cracked Core","Dream Catcher","Regal Pillow"],"potions_floor_usage":[10,10],"damage_taken":[{"damage":7,"enemies":"Jaw Worm","floor":1,"turns":3},{"damage":0,"enemies":"Small Slimes","floor":4,"turns":2},{"damage":0,"enemies":"Cultist","floor":5,"turns":3},{"damage":12,"enemies":"Lots of Slimes","floor":7,"turns":4},{"damage":18,"enemies":"Exordium Wildlife","floor":10,"turns":3}],"seed_played":"8533537008622438727","potions_obtained":[{"floor":5,"key":"Strength Potion"},{"floor":7,"key":"LiquidBronze"}],"is_trial":false,"path_per_floor":["M","?","?","M","M","R","M","R","T","M"],"character_chosen":"DEFECT","items_purchased":[],"campfire_rested":0,"item_purchase_floors":[],"current_hp_per_floor":[64,29,29,29,29,29,17,17,17,0],"gold":170,"neow_bonus":"TEN_PERCENT_HP_BONUS","is_prod":false,"is_daily":false,"chose_seed":false,"campfire_upgraded":2,"win_rate":0,"timestamp":1549690805,"path_taken":["M","?","?","M","?","R","M","R","T","M"],"build_version":"2019-01-23","purchased_purges":0,"victory":false,"max_hp_per_floor":[78,78,78,78,78,78,78,78,78,78],"card_choices":[{"not_picked":["Compile Driver","Storm"],"picked":"Ball Lightning","floor":1},{"not_picked":["Double Energy","Lockon"],"picked":"Darkness","floor":4},{"not_picked":["Auto Shields","Hello World"],"picked":"Chaos","floor":5},{"not_picked":["Hologram","Streamline"],"picked":"Coolheaded","floor":7}],"player_experience":666821,"relics_obtained":[{"floor":9,"key":"Regal Pillow"}],"event_choices":[{"damage_healed":0,"gold_gain":0,"player_choice":"Success","damage_taken":35,"relics_obtained":["Dream Catcher"],"max_hp_gain":0,"max_hp_loss":0,"event_name":"Scrap Ooze","floor":2,"gold_loss":0},{"damage_healed":0,"gold_gain":0,"player_choice":"Upgraded","damage_taken":0,"max_hp_gain":0,"max_hp_loss":0,"event_name":"Upgrade Shrine","floor":3,"gold_loss":0,"cards_upgraded":["Zap"]}],"is_beta":false,"boss_relics":[],"items_purged_floors":[],"is_endless":false,"potions_floor_spawned":[5,7],"killed_by":"Exordium Wildlife","ascension_level":20}