{"gold_per_floor":[113,113,127,16,29,29,42,72,140,150,150,150,150,163,163,262,262,281,281,281,300,313,313,346,346,371,371,204,204,232,282,282,381,381,394,406,150,150,167,167,180,180,180,208,222,242,242,259,259,259,259,259,13,38,38],"floor_reached":55,"playtime":5955,"items_purged":["Defend_G","Strike_G","Predator+1"],"score":746,"play_id":"395aa074-4bd1-44cd-a19d-922c09990533","local_time":"20190303111644","is_ascension_mode":true,"campfire_choices":[{"data":"Infinite Blades","floor":6,"key":"SMITH"},{"floor":13,"key":"REST"},{"data":"Accuracy","floor":15,"key":"SMITH"},{"data":"Storm of Steel","floor":23,"key":"SMITH"},{"floor":25,"key":"REST"},{"data":"Backflip","floor":27,"key":"SMITH"},{"data":"Infinite Blades","floor":29,"key":"SMITH"},{"data":"Strike_G","floor":32,"key":"PURGE"},{"floor":40,"key":"RECALL"},{"floor":49,"key":"REST"},{"data":"Strike_G","floor":52,"key":"PURGE"}],"neow_cost":"NONE","seed_source_timestamp":33992048507077,"circlet_count":0,"master_deck":["Defend_G","Defend_G","Defend_G","Defend_G","Strike_G","Strike_G","Survivor","Neutralize+1","Cloak And Dagger","Infinite Blades+1","Accuracy+1","Accuracy+1","Backflip+1","Dagger Throw","Storm of Steel+1","Footwork+1","Infinite Blades+1","Prepared+1","Adrenaline+1","Leg Sweep+1","Cloak And Dagger+1","Tactician+1","Prepared+1","Blur+1","Backflip+1"],"relics":["Ring of the Snake","Peace Pipe","Omamori","Bottled Tornado","Runic Pyramid","Juzu Bracelet","Orichalcum","Toxic Egg 2","Fusion Hammer","Strawberry","Mango","Frozen Eye","Ornamental Fan"],"potions_floor_usage":[16,30,30,33,46,46,50,50,54],"damage_taken":[{"damage":0,"enemies":"2 Louse","floor":1,"turns":4},{"damage":0,"enemies":"Jaw Worm","floor":3,"turns":4},{"damage":1,"enemies":"Small Slimes","floor":5,"turns":4},{"damage":0,"enemies":"Blue Slaver","floor":7,"turns":5},{"damage":12,"enemies":"Lagavulin","floor":8,"turns":6},{"damage":11,"enemies":"Exordium Wildlife","floor":10,"turns":6},{"damage":3,"enemies":"2 Fungi Beasts","floor":14,"turns":4},{"damage":20,"enemies":"Slime Boss","floor":16,"turns":9},{"damage":0,"enemies":"3 Byrds","floor":18,"turns":4},{"damage":10,"enemies":"Chosen","floor":21,"turns":3},{"damage":15,"enemies":"Centurion and Healer","floor":22,"turns":5},{"damage":7,"enemies":"Book of Stabbing","floor":24,"turns":4},{"damage":1,"enemies":"Slavers","floor":30,"turns":4},{"damage":17,"enemies":"Champ","floor":33,"turns":7},{"damage":5,"enemies":"Orb Walker","floor":35,"turns":2},{"damage":9,"enemies":"3 Shapes","floor":36,"turns":4},{"damage":1,"enemies":"Maw","floor":39,"turns":6},{"damage":17,"enemies":"Writhing Mass","floor":41,"turns":7},{"damage":17,"enemies":"Reptomancer","floor":44,"turns":6},{"damage":0,"enemies":"Transient","floor":45,"turns":5},{"damage":49,"enemies":"Sphere and 2 Shapes","floor":46,"turns":8},{"damage":0,"enemies":"3 Darklings","floor":48,"turns":4},{"damage":8,"enemies":"Awakened One","floor":50,"turns":14},{"damage":22,"enemies":"Shield and Spear","floor":54,"turns":10},{"damage":75,"enemies":"The Heart","floor":55,"turns":9}],"seed_played":"5003874715995673192","potions_obtained":[{"floor":1,"key":"Poison Potion"},{"floor":5,"key":"PowerPotion"},{"floor":10,"key":"AttackPotion"},{"floor":14,"key":"Dexterity Potion"},{"floor":21,"key":"LiquidBronze"},{"floor":30,"key":"Energy Potion"},{"floor":36,"key":"Block Potion"},{"floor":45,"key":"LiquidBronze"},{"floor":46,"key":"Weak Potion"},{"floor":48,"key":"Explosive Potion"}],"is_trial":false,"path_per_floor":["M","?","M","$","M","R","M","E","T","M","?","?","R","M","R","B",null,"M","?","?","M","M","R","E","R","T","R","$","R","E","?","R","B",null,"M","M","$","?","M","R","M","?","T","E","M","M","T","M","R","B",null,"R","$","E","B"],"character_chosen":"THE_SILENT","items_purchased":["Accuracy","Infinite Blades","Leg Sweep+1","Cloak And Dagger+1","Frozen Eye","SkillPotion"],"campfire_rested":3,"item_purchase_floors":[4,28,37,37,53,53],"current_hp_per_floor":[70,52,52,52,51,51,51,39,39,28,28,28,49,46,46,26,70,70,70,57,47,32,32,25,47,47,47,47,47,46,46,46,29,75,70,61,61,61,60,60,43,75,75,65,65,16,30,30,58,50,96,96,96,74,0],"gold":38,"neow_bonus":"UPGRADE_CARD","is_prod":false,"is_daily":false,"chose_seed":false,"campfire_upgraded":5,"win_rate":0,"timestamp":1551633404,"path_taken":["M","?","M","$","M","R","M","E","T","M","?","?","R","M","R","BOSS","M","?","?","M","M","R","E","R","T","R","?","R","E","?","R","BOSS","M","M","$","?","M","R","M","?","T","E","M","M","?","M","R","BOSS","R","$","E","BOSS"],"build_version":"2019-01-23","purchased_purges":3,"victory":false,"max_hp_per_floor":[70,70,70,70,70,70,70,70,70,70,70,70,70,70,70,70,70,70,70,75,75,75,75,75,75,75,75,75,75,75,75,75,75,75,75,75,75,75,75,75,75,75,75,82,82,82,96,96,96,96,96,96,96,96,96],"card_choices":[{"not_picked":["Flechettes","Dodge and Roll"],"picked":"Cloak And Dagger","floor":1},{"not_picked":["Bouncing Flask","Bane"],"picked":"Infinite Blades","floor":3},{"not_picked":["Outmaneuver","Deadly Poison","Riddle With Holes"],"picked":"SKIP","floor":5},{"not_picked":["Distraction","All Out Attack"],"picked":"Accuracy","floor":7},{"not_picked":["Prepared","Bane","Underhanded Strike"],"picked":"SKIP","floor":8},{"not_picked":["Poisoned Stab","Skewer"],"picked":"Backflip","floor":10},{"not_picked":["Flechettes","Wraith Form v2"],"picked":"Dagger Throw","floor":14},{"not_picked":["Unload","Die Die Die"],"picked":"Storm of Steel","floor":16},{"not_picked":["Prepared","Bouncing Flask+1"],"picked":"Predator+1","floor":18},{"not_picked":["Outmaneuver","Terror"],"picked":"Footwork+1","floor":21},{"not_picked":["Dagger Spray","Slice+1","Dodge and Roll"],"picked":"SKIP","floor":22},{"not_picked":["Flying Knee","Heel Hook","Bane"],"picked":"SKIP","floor":24},{"not_picked":["Doppelganger","Sucker Punch"],"picked":"Prepared","floor":30},{"not_picked":["Storm of Steel+1","Bullet Time+1"],"picked":"Adrenaline+1","floor":33},{"not_picked":["Dagger Throw","Skewer","Dodge and Roll+1"],"picked":"SKIP","floor":35},{"not_picked":["Deadly Poison+1","Dagger Throw+1","Predator+1"],"picked":"SKIP","floor":36},{"not_picked":["Backflip+1","Dodge and Roll+1"],"picked":"Tactician+1","floor":39},{"not_picked":["Dodge and Roll+1","Quick Slash"],"picked":"Prepared+1","floor":41},{"not_picked":["Predator","Dagger Throw+1"],"picked":"Blur+1","floor":44},{"not_picked":["Acrobatics+1","Dash","Endless Agony+1"],"picked":"SKIP","floor":45},{"not_picked":["All Out Attack+1","Dagger Throw+1","Poisoned Stab"],"picked":"SKIP","floor":46},{"not_picked":["Flechettes+1","Slice","Flying Knee"],"picked":"SKIP","floor":48},{"not_picked":["Noxious Fumes+1","Underhanded Strike+1"],"picked":"Backflip+1","floor":54}],"player_experience":86718,"relics_obtained":[{"floor":8,"key":"Omamori"},{"floor":9,"key":"Bottled Tornado"},{"floor":24,"key":"Juzu Bracelet"},{"floor":26,"key":"Orichalcum"},{"floor":30,"key":"Toxic Egg 2"},{"floor":44,"key":"Strawberry"},{"floor":47,"key":"Mango"},{"floor":54,"key":"Ornamental Fan"}],"event_choices":[{"damage_healed":0,"gold_gain":0,"player_choice":"Success","damage_taken":18,"relics_obtained":["Peace Pipe"],"max_hp_gain":0,"max_hp_loss":0,"event_name":"Scrap Ooze","floor":2,"gold_loss":0},{"damage_healed":0,"gold_gain":0,"player_choice":"Ignored","damage_taken":0,"max_hp_gain":0,"max_hp_loss":0,"event_name":"Golden Wing","floor":11,"gold_loss":0},{"damage_healed":0,"gold_gain":0,"player_choice":"Grow","damage_taken":0,"max_hp_gain":0,"max_hp_loss":0,"event_name":"Living Wall","floor":12,"gold_loss":0,"cards_upgraded":["Accuracy"]},{"damage_healed":0,"gold_gain":0,"player_choice":"Ignored","damage_taken":0,"max_hp_gain":0,"max_hp_loss":0,"event_name":"Vampires","floor":19,"gold_loss":0},{"damage_healed":0,"gold_gain":0,"player_choice":"Shed Blood","damage_taken":18,"max_hp_gain":5,"max_hp_loss":0,"event_name":"Forgotten Altar","floor":20,"gold_loss":0},{"damage_healed":0,"gold_gain":100,"player_choice":"Bet on Murderer","damage_taken":0,"max_hp_gain":0,"max_hp_loss":0,"event_name":"The Joust","floor":31,"gold_loss":50},{"damage_healed":0,"gold_gain":0,"player_choice":"Memory 1","damage_taken":0,"max_hp_gain":0,"max_hp_loss":0,"event_name":"SensoryStone","floor":38,"gold_loss":0},{"damage_healed":32,"gold_gain":0,"player_choice":"Heal","damage_taken":0,"max_hp_gain":0,"max_hp_loss":0,"event_name":"MindBloom","floor":42,"gold_loss":0,"cards_obtained":["Doubt"]}],"is_beta":false,"boss_relics":[{"not_picked":["Velvet Choker","Eternal Feather"],"picked":"Runic Pyramid"},{"not_picked":["Snecko Eye","Astrolabe"],"picked":"Fusion Hammer"}],"items_purged_floors":[4,28,37],"is_endless":false,"potions_floor_spawned":[1,5,10,14,21,30,36,45,46,48],"killed_by":"The Heart","ascension_level":1}