{"gold_per_floor":[116,66,66,78,91,91,125,135,135,310,310,321,335,350,350,446,446,446,446,446,446,371,371,371,371,371,22,22,22,22,22,22,22],"floor_reached":33,"playtime":1440,"items_purged":["Strike_R","Defend_R"],"score":323,"play_id":"fd30b9eb-b189-4fa8-929c-852cbd326d88","local_time":"20190203111921","is_ascension_mode":true,"campfire_choices":[{"data":"Infernal Blade","floor":6,"key":"SMITH"},{"floor":15,"key":"REST"},{"data":"Flame Barrier","floor":24,"key":"SMITH"},{"floor":29,"key":"REST"},{"floor":32,"key":"REST"}],"neow_cost":"NONE","seed_source_timestamp":2202207581003916,"circlet_count":0,"master_deck":["Strike_R","Strike_R","Defend_R","Defend_R","Defend_R","Bash","Body Slam+1","Infernal Blade+1","Cleave","Exhume","Flame Barrier+1","Ghostly Armor","Anger","Feed","Battle Trance+1","Anger","True Grit","Pommel Strike","Body Slam+1","Shrug It Off+1","RitualDagger","Flame Barrier+1"],"relics":["Burning Blood","Centennial Puzzle","Anchor","Ectoplasm","Pear","Self Forming Clay","Toxic Egg 2"],"potions_floor_usage":[16,16,18,33,33],"damage_taken":[{"damage":15,"enemies":"Small Slimes","floor":1,"turns":4},{"damage":8,"enemies":"Jaw Worm","floor":4,"turns":4},{"damage":4,"enemies":"Cultist","floor":5,"turns":3},{"damage":32,"enemies":"Gremlin Nob","floor":7,"turns":4},{"damage":19,"enemies":"Large Slime","floor":8,"turns":5},{"damage":8,"enemies":"2 Fungi Beasts","floor":12,"turns":3},{"damage":1,"enemies":"Exordium Thugs","floor":13,"turns":4},{"damage":0,"enemies":"Exordium Wildlife","floor":14,"turns":3},{"damage":65,"enemies":"Hexaghost","floor":16,"turns":12},{"damage":0,"enemies":"Spheric Guardian","floor":18,"turns":3},{"damage":2,"enemies":"Shell Parasite","floor":19,"turns":4},{"damage":11,"enemies":"3 Cultists","floor":20,"turns":5},{"damage":36,"enemies":"Gremlin Leader","floor":23,"turns":8},{"damage":23,"enemies":"Sentry and Sphere","floor":25,"turns":5},{"damage":9,"enemies":"Centurion and Healer","floor":28,"turns":3},{"damage":123,"enemies":"Collector","floor":33,"turns":12}],"seed_played":"-7079778384951615012","potions_obtained":[{"floor":7,"key":"SkillPotion"},{"floor":12,"key":"BloodPotion"},{"floor":14,"key":"Energy Potion"},{"floor":16,"key":"AttackPotion"},{"floor":18,"key":"Regen Potion"},{"floor":23,"key":"LiquidBronze"}],"is_trial":false,"path_per_floor":["M","?","?","M","M","R","E","M","T","?","?","M","M","M","R","B",null,"M","M","M","?","$","E","R","M","T","$","M","R","?","?","R","B"],"character_chosen":"IRONCLAD","items_purchased":["Toxic Egg 2"],"campfire_rested":3,"item_purchase_floors":[27],"current_hp_per_floor":[71,71,71,69,71,71,45,32,32,32,32,30,35,41,65,14,80,80,80,78,78,78,58,58,41,41,41,38,65,59,59,86,0],"gold":22,"neow_bonus":"REMOVE_CARD","is_prod":false,"is_daily":false,"chose_seed":false,"campfire_upgraded":2,"win_rate":0,"timestamp":1549210761,"path_taken":["M","?","?","?","M","R","E","M","T","?","?","?","M","M","R","BOSS","M","M","M","?","$","E","R","M","T","$","M","R","?","?","R","BOSS"],"build_version":"2019-01-23","purchased_purges":2,"victory":false,"max_hp_per_floor":[80,80,80,80,80,80,80,80,80,80,80,80,80,80,80,80,80,80,80,83,83,83,93,93,93,93,93,93,93,93,93,93,93],"card_choices":[{"not_picked":["Clash","Warcry"],"picked":"Body Slam","floor":1},{"not_picked":["Shockwave","Anger"],"picked":"Infernal Blade","floor":4},{"not_picked":["Rampage","Pummel"],"picked":"Cleave","floor":5},{"not_picked":["Heavy Blade","Combust"],"picked":"Exhume","floor":7},{"not_picked":["Flex","Perfected Strike"],"picked":"Flame Barrier","floor":8},{"not_picked":["Perfected Strike","Spot Weakness","Twin Strike"],"picked":"SKIP","floor":12},{"not_picked":["Anger","Carnage"],"picked":"Ghostly Armor","floor":13},{"not_picked":["Havoc","Disarm"],"picked":"Anger","floor":14},{"not_picked":["Offering","Demon Form"],"picked":"Feed","floor":16},{"not_picked":["Armaments+1","Evolve+1"],"picked":"Battle Trance+1","floor":18},{"not_picked":["Sword Boomerang+1","Havoc"],"picked":"Anger","floor":19},{"not_picked":["Anger","Sword Boomerang"],"picked":"True Grit","floor":20},{"not_picked":["Evolve+1","Blood for Blood+1"],"picked":"Pommel Strike","floor":23},{"not_picked":["Uppercut","Pummel"],"picked":"Body Slam+1","floor":25},{"not_picked":["Headbutt","Anger"],"picked":"Shrug It Off+1","floor":28}],"player_experience":137967,"relics_obtained":[{"floor":7,"key":"Centennial Puzzle"},{"floor":9,"key":"Anchor"},{"floor":23,"key":"Pear"},{"floor":26,"key":"Self Forming Clay"}],"event_choices":[{"cards_removed":["Strike_R"],"damage_healed":0,"gold_gain":0,"player_choice":"Card Removal","damage_taken":0,"max_hp_gain":0,"max_hp_loss":0,"event_name":"The Cleric","floor":2,"gold_loss":50},{"damage_healed":0,"gold_gain":0,"player_choice":"Forge","damage_taken":0,"max_hp_gain":0,"max_hp_loss":0,"event_name":"Accursed Blacksmith","floor":3,"gold_loss":0,"cards_upgraded":["Body Slam"]},{"damage_healed":0,"gold_gain":175,"player_choice":"AGREE","damage_taken":0,"max_hp_gain":0,"max_hp_loss":0,"event_name":"Liars Game","floor":10,"gold_loss":0,"cards_obtained":["Doubt"]},{"cards_removed":["Doubt"],"damage_healed":0,"gold_gain":0,"player_choice":"Forget","damage_taken":0,"max_hp_gain":0,"max_hp_loss":0,"event_name":"Living Wall","floor":11,"gold_loss":0},{"damage_healed":0,"gold_gain":0,"player_choice":"Ignored","damage_taken":0,"max_hp_gain":0,"max_hp_loss":0,"event_name":"Ghosts","floor":21,"gold_loss":0},{"damage_healed":0,"gold_gain":0,"player_choice":"Joined the Cult","damage_taken":6,"max_hp_gain":0,"max_hp_loss":0,"event_name":"Nest","floor":30,"gold_loss":0,"cards_obtained":["RitualDagger"]},{"damage_healed":0,"gold_gain":0,"player_choice":"Copied","damage_taken":0,"max_hp_gain":0,"max_hp_loss":0,"event_name":"Duplicator","floor":31,"gold_loss":0,"cards_obtained":["Flame Barrier"]}],"is_beta":false,"boss_relics":[{"not_picked":["Coffee Dripper","Fusion Hammer"],"picked":"Ectoplasm"}],"items_purged_floors":[22,27],"is_endless":false,"potions_floor_spawned":[7,12,14,16,18,23],"killed_by":"Collector","ascension_level":4}