{"gold_per_floor":[17,36,211,226,245,245,278,293,364,364,374,374,384,397,397,493,493,493,153,93,93,93,93,93,93,93,93,93,93,93,93,93,93,93,93,93,93,93,93,93,93,93,93,93,93,93,93,93,93,93],"floor_reached":50,"playtime":11561,"items_purged":["Strike_G"],"score":507,"play_id":"ca119e88-dcf8-4c29-8006-0b542c0da9b6","local_time":"20190129103421","is_ascension_mode":false,"campfire_choices":[{"data":"Neutralize","floor":6.0,"key":"SMITH"},{"data":"Prepared","floor":10.0,"key":"SMITH"},{"data":"Flechettes","floor":12.0,"key":"SMITH"},{"data":"Bouncing Flask","floor":15.0,"key":"SMITH"},{"floor":23.0,"key":"REST"},{"data":"Noxious Fumes","floor":25.0,"key":"SMITH"},{"data":"Caltrops","floor":29.0,"key":"SMITH"},{"floor":32.0,"key":"REST"},{"floor":40.0,"key":"REST"},{"floor":46,"key":"REST"},{"floor":49,"key":"REST"}],"neow_cost":"NO_GOLD","seed_source_timestamp":0,"circlet_count":0,"master_deck":["Defend_G+1","Defend_G+1","Defend_G+1","Defend_G+1","Defend_G+1","Strike_G+1","Strike_G+1","Survivor","Neutralize+1","Caltrops+1","Deadly Poison","Doubt","Bouncing Flask+1","Prepared+1","Dagger Throw+1","Flechettes+1","Dagger Throw","Blade Dance+1","Poisoned Stab+1","Doppelganger+1","Deadly Poison+1","Noxious Fumes+1","Blur+1","Backflip+1","Phantasmal Killer+1","Crippling Poison+1","Bane+1","Infinite Blades","Envenom","Acrobatics+1","Prepared+1","Writhe","Prepared+1","Discovery+1","Infinite Blades+1"],"special_seed":0,"relics":["Ring of the Snake","Lantern","Toxic Egg 2","Ectoplasm","Whetstone","Enchiridion","Sundial","Sozu","FossilizedHelix"],"potions_floor_usage":[],"damage_taken":[{"damage":0.0,"enemies":"Jaw Worm","floor":1.0,"turns":6.0},{"damage":0.0,"enemies":"Small Slimes","floor":2.0,"turns":5.0},{"damage":0.0,"enemies":"Cultist","floor":4.0,"turns":4.0},{"damage":19.0,"enemies":"3 Louse","floor":5.0,"turns":4.0},{"damage":11.0,"enemies":"Lagavulin","floor":7.0,"turns":5.0},{"damage":19.0,"enemies":"Lots of Slimes","floor":8.0,"turns":4.0},{"damage":0.0,"enemies":"2 Fungi Beasts","floor":11.0,"turns":3.0},{"damage":0.0,"enemies":"Blue Slaver","floor":13.0,"turns":4.0},{"damage":0.0,"enemies":"Exordium Wildlife","floor":14.0,"turns":4.0},{"damage":7.0,"enemies":"The Guardian","floor":16.0,"turns":7.0},{"damage":16.0,"enemies":"3 Byrds","floor":18.0,"turns":4.0},{"damage":11.0,"enemies":"2 Thieves","floor":20.0,"turns":4.0},{"damage":15.0,"enemies":"3 Cultists","floor":22.0,"turns":4.0},{"damage":0.0,"enemies":"Centurion and Healer","floor":27.0,"turns":4.0},{"damage":0.0,"enemies":"Snecko","floor":28.0,"turns":4.0},{"damage":0.0,"enemies":"Snake Plant","floor":30.0,"turns":3.0},{"damage":0.0,"enemies":"Chosen and Byrds","floor":31.0,"turns":4.0},{"damage":43.0,"enemies":"Collector","floor":33.0,"turns":8.0},{"damage":11.0,"enemies":"3 Darklings","floor":35.0,"turns":3.0},{"damage":5.0,"enemies":"Orb Walker","floor":36.0,"turns":3.0},{"damage":30.0,"enemies":"Spire Growth","floor":37.0,"turns":4.0},{"damage":9.0,"enemies":"Maw","floor":39.0,"turns":5.0},{"damage":0.0,"enemies":"Transient","floor":41.0,"turns":5.0},{"damage":52,"enemies":"Reptomancer","floor":42,"turns":6},{"damage":9,"enemies":"Writhing Mass","floor":47,"turns":5},{"damage":40,"enemies":"Time Eater","floor":50,"turns":4}],"seed_played":"-8371191722275305010","potions_obtained":[{"floor":1.0,"key":"LiquidBronze"},{"floor":4.0,"key":"Ancient Potion"},{"floor":5.0,"key":"EssenceOfSteel"},{"floor":8.0,"key":"Energy Potion"},{"floor":14.0,"key":"Regen Potion"},{"floor":20.0,"key":"FearPotion"},{"floor":22.0,"key":"Swift Potion"},{"floor":27.0,"key":"Ancient Potion"},{"floor":33.0,"key":"Explosive Potion"}],"is_trial":false,"path_per_floor":["M","M","?","M","M","R","E","M","T","R","M","R","M","M","R","B",null,"M","$","M","?","M","R","?","R","T","M","M","R","M","M","R","B",null,"M","M","M","?","M","R","M","E","T","?","$","R","M","$","R","B"],"character_chosen":"THE_SILENT","items_purchased":["Whetstone","Noxious Fumes","Blur+1"],"campfire_rested":5,"item_purchase_floors":[19,19,19],"current_hp_per_floor":[70,70,70,70,51,51,40,21,21,21,21,21,21,21,21,29,70,54,54,43,27,12,33,33,33,33,33,33,33,33,33,54,11,70,59,54,24,42,33,54,54,2,2,2,2,23,14,14,35,0],"gold":93,"neow_bonus":"REMOVE_TWO","is_prod":false,"is_daily":false,"chose_seed":false,"campfire_upgraded":6,"win_rate":0,"timestamp":1548758061,"path_taken":["M","M","?","M","M","R","E","M","T","R","M","R","M","M","R","BOSS","M","$","M","?","M","R","?","R","T","M","M","R","M","M","R","BOSS","M","M","M","?","M","R","M","E","T","?","?","R","M","$","R","BOSS"],"build_version":"2019-01-23","purchased_purges":1,"victory":false,"max_hp_per_floor":[70,70,70,70,70,70,70,70,70,70,70,70,70,70,70,70,70,70,70,70,70,70,70,70,70,70,70,70,70,70,70,70,70,70,70,70,70,70,70,70,70,70,70,70,70,70,70,70,70,70],"card_choices":[{"not_picked":["Skewer","Escape Plan"],"picked":"Caltrops","floor":1.0},{"not_picked":["Acrobatics","Deflect"],"picked":"Deadly Poison","floor":2.0},{"not_picked":["Bane","Slice"],"picked":"Bouncing Flask","floor":4.0},{"not_picked":["Deflect","PiercingWail"],"picked":"Prepared","floor":5.0},{"not_picked":["Dash","Well Laid Plans"],"picked":"Dagger Throw","floor":7.0},{"not_picked":["Backflip","Endless Agony"],"picked":"Flechettes","floor":8.0},{"not_picked":["Riddle With Holes","Bane"],"picked":"Dagger Throw","floor":11.0},{"not_picked":["Tactician+1","Blur+1"],"picked":"Blade Dance+1","floor":13.0},{"not_picked":["Outmaneuver+1","Choke"],"picked":"Poisoned Stab","floor":14.0},{"not_picked":["Glass Knife","Die Die Die"],"picked":"Doppelganger+1","floor":16.0},{"not_picked":["Flying Knee","Masterful Stab+1"],"picked":"Deadly Poison+1","floor":18.0},{"not_picked":["Masterful Stab+1","Flying Knee","Deflect+1"],"picked":"SKIP","floor":20.0},{"not_picked":["Slice","Skewer"],"picked":"Backflip+1","floor":22.0},{"not_picked":["Outmaneuver+1","Dodge and Roll+1"],"picked":"Phantasmal Killer+1","floor":27.0},{"not_picked":["Well Laid Plans","Acrobatics+1"],"picked":"Crippling Poison+1","floor":28.0},{"not_picked":["Escape Plan+1","Quick Slash"],"picked":"Bane+1","floor":30.0},{"not_picked":["Sucker Punch","Outmaneuver+1"],"picked":"Infinite Blades","floor":31.0},{"not_picked":["Wraith Form v2","Burst+1"],"picked":"Envenom","floor":33.0},{"not_picked":["Backflip+1","Crippling Poison+1"],"picked":"Acrobatics+1","floor":35.0},{"not_picked":["Backstab+1","Bane"],"picked":"Prepared+1","floor":36.0},{"not_picked":["Dodge and Roll+1","Choke","Poisoned Stab"],"picked":"SKIP","floor":37.0},{"not_picked":["PiercingWail+1","Outmaneuver+1"],"picked":"Prepared+1","floor":39.0},{"not_picked":["Dagger Spray","PiercingWail+1","Underhanded Strike"],"picked":"SKIP","floor":41.0},{"not_picked":["Dagger Spray+1","Deadly Poison+1","Masterful Stab"],"picked":"SKIP","floor":42},{"not_picked":["Trip+1","Violence+1"],"picked":"Discovery+1","floor":44},{"not_picked":["Prepared+1","Eviscerate"],"picked":"Infinite Blades+1","floor":47}],"player_experience":163645,"relics_obtained":[{"floor":7.0,"key":"Lantern"},{"floor":9.0,"key":"Toxic Egg 2"},{"floor":21.0,"key":"Enchiridion"},{"floor":26.0,"key":"Sundial"},{"floor":42,"key":"FossilizedHelix"}],"event_choices":[{"damage_healed":0.0,"max_hp_gain":0.0,"max_hp_loss":0.0,"gold_gain":175.0,"event_name":"Liars Game","player_choice":"AGREE","floor":3.0,"gold_loss":0.0,"damage_taken":0.0,"cards_obtained":["Doubt"]},{"damage_healed":0.0,"max_hp_gain":0.0,"max_hp_loss":0.0,"gold_gain":0.0,"event_name":"Cursed Tome","player_choice":"Obtained Book","floor":21.0,"gold_loss":0.0,"damage_taken":16.0},{"damage_healed":0.0,"max_hp_gain":0.0,"max_hp_loss":0.0,"gold_gain":0.0,"event_name":"Back to Basics","player_choice":"Simplicity","floor":24.0,"gold_loss":0.0,"damage_taken":0.0,"cards_upgraded":["Defend_G","Defend_G","Defend_G","Defend_G","Defend_G","Strike_G","Strike_G"]},{"damage_healed":18.0,"max_hp_gain":0.0,"max_hp_loss":0.0,"gold_gain":0.0,"event_name":"Winding Halls","player_choice":"Writhe","floor":38.0,"gold_loss":0.0,"damage_taken":0.0,"cards_obtained":["Writhe"]},{"damage_healed":0,"gold_gain":0,"player_choice":"Memory 1","damage_taken":0,"max_hp_gain":0,"max_hp_loss":0,"event_name":"SensoryStone","floor":44,"gold_loss":0}],"is_beta":false,"boss_relics":[{"not_picked":["Snecko Eye","Ring of the Serpent"],"picked":"Ectoplasm"},{"not_picked":["Eternal Feather","Coffee Dripper"],"picked":"Sozu"}],"items_purged_floors":[19],"is_endless":false,"potions_floor_spawned":[1,4,5,8,14,20,22,27,33,36,41,47],"killed_by":"Time Eater","ascension_level":0}