{"gold_per_floor":[118,118,128,53,33,33,67,67,67,87,101,131,148,34,34,106,106,86,86,96,111,69,69,82,82,158,81,31,31,45,62,62,134,184,195,195,15,15,15,15,0,13,13,33,33,33],"floor_reached":46,"playtime":1777,"items_purged":["Strike_G","Strike_G"],"score":906,"play_id":"7fce69d9-27b8-41e3-91fa-4ff251c4a62c","local_time":"20181102085037","is_ascension_mode":true,"campfire_choices":[{"data":"Footwork","floor":6.0,"key":"SMITH"},{"data":"Predator","floor":8.0,"key":"SMITH"},{"floor":15.0,"key":"REST"},{"data":"Bullet Time","floor":23.0,"key":"SMITH"},{"floor":25.0,"key":"REST"},{"data":"Noxious Fumes","floor":29.0,"key":"SMITH"},{"floor":32.0,"key":"REST"},{"data":"Madness","floor":40.0,"key":"SMITH"},{"floor":45,"key":"REST"}],"neow_cost":"NONE","seed_source_timestamp":43591513546353,"circlet_count":0,"master_deck":["AscendersBane","Defend_G","Defend_G","Defend_G+1","Defend_G","Defend_G+1","Strike_G","Strike_G","Survivor","Neutralize","Footwork+1","Predator+1","Leg Sweep","Footwork+1","Malaise","Noxious Fumes+1","Well Laid Plans","Bullet Time+1","Bouncing Flask","Dash","Cloak And Dagger","Caltrops+1","Noxious Fumes+1","Tools of the Trade+1","Madness+1","Madness","Noxious Fumes+1","Sadistic Nature+1","Leg Sweep","Parasite","Backflip"],"special_seed":0,"relics":["Ring of the Snake","NeowsBlessing","Happy Flower","Orichalcum","Regal Pillow","HoveringKite","Frozen Egg 2","Singing Bowl","Tiny House","Red Mask","Dodecahedron"],"potions_floor_usage":[46,46],"damage_taken":[{"damage":0.0,"enemies":"Jaw Worm","floor":1.0,"turns":1.0},{"damage":0.0,"enemies":"Cultist","floor":3.0,"turns":1.0},{"damage":0.0,"enemies":"Gremlin Nob","floor":7.0,"turns":1.0},{"damage":0.0,"enemies":"Small Slimes","floor":10.0,"turns":2.0},{"damage":1.0,"enemies":"Red Slaver","floor":11.0,"turns":5.0},{"damage":25.0,"enemies":"Lagavulin","floor":12.0,"turns":9.0},{"damage":2.0,"enemies":"Large Slime","floor":13.0,"turns":8.0},{"damage":4.0,"enemies":"Hexaghost","floor":16.0,"turns":9.0},{"damage":8.0,"enemies":"2 Thieves","floor":18.0,"turns":5.0},{"damage":0.0,"enemies":"Shell Parasite","floor":20.0,"turns":7.0},{"damage":13.0,"enemies":"Snake Plant","floor":21.0,"turns":6.0},{"damage":19.0,"enemies":"Snecko","floor":24.0,"turns":7.0},{"damage":11.0,"enemies":"Sentry and Sphere","floor":30.0,"turns":7.0},{"damage":27.0,"enemies":"3 Cultists","floor":31.0,"turns":6.0},{"damage":28.0,"enemies":"Champ","floor":33.0,"turns":15.0},{"damage":3.0,"enemies":"Orb Walker","floor":35.0,"turns":6.0},{"damage":29.0,"enemies":"3 Shapes","floor":42.0,"turns":4.0},{"damage":0,"enemies":"Writhing Mass","floor":44,"turns":8},{"damage":74,"enemies":"Reptomancer","floor":46,"turns":3}],"seed_played":"1482753071224352561","potions_obtained":[{"floor":5.0,"key":"SteroidPotion"},{"floor":11.0,"key":"Ancient Potion"},{"floor":12.0,"key":"SkillPotion"},{"floor":13.0,"key":"GhostInAJar"},{"floor":16.0,"key":"Poison Potion"},{"floor":24.0,"key":"Block Potion"},{"floor":30.0,"key":"AttackPotion"},{"floor":31.0,"key":"GamblersBrew"},{"floor":33.0,"key":"SteroidPotion"},{"floor":34.0,"key":"Weak Potion"},{"floor":42.0,"key":"Weak Potion"},{"floor":44,"key":"Block Potion"}],"is_trial":false,"path_per_floor":["M","?","M","$","?","R","E","R","T","M","M","E","M","$","R","B",null,"M","?","M","M","$","R","M","R","T","$","?","R","M","M","R","B",null,"M","?","$","?","$","R","?","M","T","M","R","E"],"character_chosen":"THE_SILENT","items_purchased":["Footwork","Well Laid Plans","Caltrops+1","Noxious Fumes+1","Noxious Fumes+1"],"campfire_rested":4,"item_purchase_floors":[4,14,22,27,37],"current_hp_per_floor":[59,52,52,52,52,52,52,52,52,52,51,26,24,24,58,54,63,55,55,55,42,42,42,23,57,57,57,57,57,48,23,59,31,67,66,52,52,52,52,52,52,23,23,23,61,0],"gold":33,"neow_bonus":"THREE_ENEMY_KILL","is_prod":false,"is_daily":false,"chose_seed":false,"campfire_upgraded":5,"win_rate":0,"timestamp":1541173837,"path_taken":["M","?","M","$","?","R","E","R","T","M","M","E","?","$","R","BOSS","M","?","?","M","$","R","M","R","T","?","?","R","M","?","R","BOSS","M","?","$","?","?","R","?","M","T","M","R","E"],"build_version":"2018-11-01","purchased_purges":2,"victory":false,"max_hp_per_floor":[66,66,66,66,66,66,66,66,66,66,66,66,66,66,66,66,66,66,66,66,66,66,66,66,66,66,66,66,66,68,70,70,70,77,79,79,79,79,79,79,79,79,79,79,79,79],"card_choices":[{"not_picked":["Dagger Throw","Dodge and Roll","Outmaneuver"],"picked":"SKIP","floor":1.0},{"not_picked":["Skewer","Dodge and Roll","Blade Dance"],"picked":"SKIP","floor":3.0},{"not_picked":["Tactician","Deflect"],"picked":"Predator","floor":7.0},{"not_picked":["Backflip","Catalyst"],"picked":"Leg Sweep","floor":10.0},{"not_picked":["Acrobatics","Dagger Throw"],"picked":"Footwork","floor":11.0},{"not_picked":["Poisoned Stab","Expertise"],"picked":"Malaise","floor":12.0},{"not_picked":["Backflip","Prepared"],"picked":"Noxious Fumes","floor":13.0},{"not_picked":["Night Terror","Unload"],"picked":"Bullet Time","floor":16.0},{"not_picked":["Skewer","Setup+1"],"picked":"Bouncing Flask","floor":18.0},{"not_picked":["Cloak And Dagger","Slice"],"picked":"Dash","floor":20.0},{"not_picked":["Bane","Well Laid Plans+1"],"picked":"Cloak And Dagger","floor":21.0},{"not_picked":["Finisher","Deflect","Dodge and Roll"],"picked":"SKIP","floor":24.0},{"not_picked":["Choke","PiercingWail","Flechettes"],"picked":"Singing Bowl","floor":30.0},{"not_picked":["Bane","Flying Knee+1","Cloak And Dagger"],"picked":"Singing Bowl","floor":31.0},{"not_picked":["Glass Knife","Storm of Steel"],"picked":"Tools of the Trade+1","floor":33.0},{"not_picked":["Deadly Poison+1","Blade Dance","Prepared"],"picked":"Singing Bowl","floor":34.0},{"not_picked":["Flying Knee","Bane+1","Glass Knife"],"picked":"Singing Bowl","floor":35.0},{"not_picked":["Trip","Flash of Steel"],"picked":"Sadistic Nature+1","floor":38.0},{"not_picked":["Acrobatics","Dagger Throw"],"picked":"Leg Sweep","floor":42.0},{"not_picked":["Deflect","Bane"],"picked":"Backflip","floor":44}],"player_experience":589004,"relics_obtained":[{"floor":7.0,"key":"Happy Flower"},{"floor":9.0,"key":"Orichalcum"},{"floor":12.0,"key":"Regal Pillow"},{"floor":26.0,"key":"Singing Bowl"},{"floor":43.0,"key":"Dodecahedron"}],"event_choices":[{"cards_removed":["Strike_G"],"damage_healed":0.0,"max_hp_gain":0.0,"max_hp_loss":0.0,"gold_gain":0.0,"event_name":"Golden Wing","player_choice":"Card Removal","floor":2.0,"gold_loss":0.0,"damage_taken":7.0},{"damage_healed":0.0,"max_hp_gain":0.0,"max_hp_loss":0.0,"gold_gain":0.0,"event_name":"The Woman in Blue","player_choice":"Bought 1 Potion","floor":5.0,"gold_loss":0.0,"damage_taken":0.0},{"damage_healed":0.0,"max_hp_gain":0.0,"max_hp_loss":0.0,"gold_gain":0.0,"event_name":"WeMeetAgain","player_choice":"Gave Potion","floor":19.0,"gold_loss":0.0,"damage_taken":0.0,"relics_obtained":["Frozen Egg 2"]},{"damage_healed":0.0,"max_hp_gain":0.0,"max_hp_loss":0.0,"gold_gain":0.0,"event_name":"Designer","player_choice":"Upgraded Two","floor":28.0,"gold_loss":50.0,"damage_taken":0.0,"cards_upgraded":["Defend_G","Defend_G"]},{"damage_healed":0.0,"max_hp_gain":0.0,"max_hp_loss":0.0,"gold_gain":0.0,"event_name":"Winding Halls","player_choice":"Embrace Madness","floor":36.0,"gold_loss":0.0,"damage_taken":14.0,"cards_obtained":["Madness","Madness"]},{"damage_healed":0.0,"max_hp_gain":0.0,"max_hp_loss":0.0,"gold_gain":0.0,"event_name":"SensoryStone","player_choice":"Memory 1","floor":38.0,"gold_loss":0.0,"damage_taken":0.0},{"damage_healed":0.0,"max_hp_gain":0.0,"max_hp_loss":0.0,"gold_gain":0.0,"event_name":"Tomb of Lord Red Mask","player_choice":"Paid","floor":41.0,"gold_loss":15.0,"damage_taken":0.0,"relics_obtained":["Red Mask"]}],"is_beta":false,"boss_relics":[{"not_picked":["Ring of the Serpent","Runic Pyramid"],"picked":"HoveringKite"},{"not_picked":["Black Star","Eternal Feather"],"picked":"Tiny House"}],"items_purged_floors":[14,37],"is_endless":false,"potions_floor_spawned":[11,12,13,16,24,30,31,33,42,44],"killed_by":"Reptomancer","ascension_level":20}