{"gold_per_floor":[116,116,137,153,9,9,49,49,125,140,140,140,156,156,156,276,306,321,344,360,17,17],"floor_reached":22,"playtime":812,"items_purged":["Normality"],"score":283,"play_id":"0e79cab0-51ca-4590-985d-da2ee86e1ead","local_time":"20190216151907","is_ascension_mode":true,"campfire_choices":[{"data":"Demon Form","floor":6,"key":"SMITH"},{"data":"Armaments","floor":8,"key":"SMITH"},{"data":"Inflame","floor":12,"key":"SMITH"},{"data":"Flame Barrier","floor":15,"key":"SMITH"}],"neow_cost":"NONE","seed_source_timestamp":883099108357300,"circlet_count":0,"master_deck":["Strike_R","Strike_R","Strike_R","Strike_R","Strike_R","Defend_R","Defend_R","Defend_R","Defend_R","Bash","Twin Strike","Armaments+1","Perfected Strike","Demon Form+1","Flame Barrier+1","Inflame+1","Iron Wave","Fiend Fire","Clumsy","Writhe","Feel No Pain","Uppercut","Thunderclap"],"relics":["Burning Blood","Dream Catcher","Golden Idol","Red Skull","Paper Frog","Darkstone Periapt","Calling Bell","Tiny Chest","Shuriken","FossilizedHelix","Potion Belt","Kunai"],"potions_floor_usage":[16,16,16,22,22],"damage_taken":[{"damage":1,"enemies":"Small Slimes","floor":1,"turns":4},{"damage":0,"enemies":"2 Louse","floor":3,"turns":4},{"damage":0,"enemies":"Cultist","floor":4,"turns":3},{"damage":30,"enemies":"Lagavulin","floor":7,"turns":6},{"damage":1,"enemies":"Exordium Wildlife","floor":10,"turns":5},{"damage":17,"enemies":"2 Fungi Beasts","floor":13,"turns":5},{"damage":4,"enemies":"Hexaghost","floor":16,"turns":6},{"damage":46,"enemies":"Spheric Guardian","floor":18,"turns":7},{"damage":29,"enemies":"Shell Parasite","floor":20,"turns":6},{"damage":21,"enemies":"3 Cultists","floor":22,"turns":3}],"seed_played":"3278421228240484285","potions_obtained":[{"floor":3,"key":"Fire Potion"},{"floor":4,"key":"GamblersBrew"},{"floor":7,"key":"Block Potion"},{"floor":14,"key":"AttackPotion"},{"floor":14,"key":"Weak Potion"},{"floor":16,"key":"Swift Potion"},{"floor":18,"key":"SteroidPotion"}],"is_trial":false,"path_per_floor":["M","?","M","M","$","R","E","R","T","M","?","R","M","?","R","B",null,"M","T","M","$","M"],"character_chosen":"IRONCLAD","items_purchased":["Demon Form","Kunai","Thunderclap"],"campfire_rested":0,"item_purchase_floors":[5,21,21],"current_hp_per_floor":[77,57,63,69,69,69,45,45,45,50,32,32,21,21,21,23,84,44,44,21,21,0],"gold":17,"neow_bonus":"RANDOM_COMMON_RELIC","is_prod":false,"is_daily":false,"chose_seed":false,"campfire_upgraded":4,"win_rate":0,"timestamp":1550359147,"path_taken":["M","?","M","M","$","R","E","R","T","M","?","R","M","?","R","BOSS","M","?","M","$","M"],"build_version":"2019-01-23","purchased_purges":1,"victory":false,"max_hp_per_floor":[80,80,80,80,80,80,80,80,80,80,80,80,80,80,80,80,98,98,98,98,98,98],"card_choices":[{"not_picked":["Power Through","Heavy Blade"],"picked":"Twin Strike","floor":1},{"not_picked":["Havoc","Thunderclap"],"picked":"Armaments","floor":3},{"not_picked":["Armaments","Warcry"],"picked":"Perfected Strike","floor":4},{"not_picked":["Twin Strike","Cleave"],"picked":"Flame Barrier","floor":7},{"not_picked":["Pommel Strike","Twin Strike"],"picked":"Inflame","floor":10},{"not_picked":["Armaments","Flex"],"picked":"Iron Wave","floor":13},{"not_picked":["Berserk","Brutality"],"picked":"Fiend Fire","floor":16},{"not_picked":["Flex","Pummel"],"picked":"Feel No Pain","floor":18},{"not_picked":["Flame Barrier","Havoc"],"picked":"Uppercut","floor":20}],"player_experience":711756,"relics_obtained":[{"floor":7,"key":"Red Skull"},{"floor":9,"key":"Paper Frog"},{"floor":17,"key":"Tiny Chest"},{"floor":17,"key":"Shuriken"},{"floor":17,"key":"FossilizedHelix"},{"floor":19,"key":"Potion Belt"}],"event_choices":[{"damage_healed":0,"gold_gain":0,"player_choice":"Take Damage","damage_taken":20,"relics_obtained":["Golden Idol"],"max_hp_gain":0,"max_hp_loss":0,"event_name":"Golden Idol","floor":2,"gold_loss":0},{"damage_healed":0,"gold_gain":0,"player_choice":"Success","damage_taken":18,"relics_obtained":["Darkstone Periapt"],"max_hp_gain":0,"max_hp_loss":0,"event_name":"Scrap Ooze","floor":11,"gold_loss":0},{"damage_healed":0,"gold_gain":0,"player_choice":"Got Potions","damage_taken":0,"max_hp_gain":0,"max_hp_loss":0,"event_name":"Lab","floor":14,"gold_loss":0}],"is_beta":false,"boss_relics":[{"not_picked":["Runic Dome","White Beast Statue"],"picked":"Calling Bell"}],"items_purged_floors":[21],"is_endless":false,"potions_floor_spawned":[3,4,7,16,18],"killed_by":"3 Cultists","ascension_level":8}