{"gold_per_floor":[110,126,201,201,214,214,194,226,226,259,259,277,289,321,321,393,393,413,7,7,7,7,42,53,53,78,104,104,129,148,161,161,233,233,251,251,301,320,320,353,353,353],"floor_reached":42,"playtime":1784,"items_purged":["Flechettes"],"score":1204,"play_id":"e08b60d4-ae94-4e64-a076-eec1d4edb391","local_time":"20180917155852","daily_mods":["Draft"],"is_ascension_mode":true,"campfire_choices":[{"data":"Catalyst","floor":6.0,"key":"SMITH"},{"data":"Catalyst","floor":11.0,"key":"SMITH"},{"data":"Reflex","floor":15,"key":"SMITH"},{"data":"Prepared","floor":25,"key":"SMITH"},{"data":"Calculated Gamble","floor":28,"key":"SMITH"},{"data":"Noxious Fumes","floor":32,"key":"SMITH"},{"data":"Well Laid Plans","floor":41,"key":"SMITH"}],"neow_cost":"","seed_source_timestamp":740186602234533,"circlet_count":0,"master_deck":["AscendersBane","Backflip","Acrobatics","Prepared+1","Acrobatics","Catalyst+1","Deadly Poison","Catalyst+1","Backstab","Well Laid Plans+1","Reflex+1","Calculated Gamble+1","Blur","Dodge and Roll","Noxious Fumes+1","Concentrate","PiercingWail","PiercingWail","After Image"],"special_seed":0,"relics":["Ring of the Snake","Question Card","Girya","FossilizedHelix","Runic Dome","Gremlin Horn","Bag of Marbles","Bag of Preparation","Juzu Bracelet","Kunai","Empty Cage","FaceOfCleric","Paper Crane"],"potions_floor_usage":[],"damage_taken":[{"damage":0.0,"enemies":"Cultist","floor":1.0,"turns":2.0},{"damage":7.0,"enemies":"Jaw Worm","floor":2.0,"turns":2.0},{"damage":0.0,"enemies":"Small Slimes","floor":5.0,"turns":2.0},{"damage":20.0,"enemies":"Lagavulin","floor":8.0,"turns":3.0},{"damage":8.0,"enemies":"Gremlin Nob","floor":10.0,"turns":3.0},{"damage":8.0,"enemies":"Blue Slaver","floor":12.0,"turns":2.0},{"damage":6.0,"enemies":"Looter","floor":13.0,"turns":2.0},{"damage":0,"enemies":"Lagavulin","floor":14,"turns":2},{"damage":10,"enemies":"Hexaghost","floor":16,"turns":4},{"damage":9,"enemies":"Shell Parasite","floor":18,"turns":3},{"damage":14,"enemies":"Book of Stabbing","floor":23,"turns":2},{"damage":0,"enemies":"2 Thieves","floor":24,"turns":3},{"damage":0,"enemies":"Gremlin Leader","floor":27,"turns":3},{"damage":29,"enemies":"Slavers","floor":29,"turns":4},{"damage":0,"enemies":"Snake Plant","floor":30,"turns":1},{"damage":0,"enemies":"Snecko","floor":31,"turns":2},{"damage":8,"enemies":"Automaton","floor":33,"turns":5},{"damage":6,"enemies":"3 Shapes","floor":35,"turns":4},{"damage":0,"enemies":"Orb Walker","floor":38,"turns":2},{"damage":0,"enemies":"Nemesis","floor":40,"turns":5},{"damage":49,"enemies":"2 Orb Walkers","floor":42,"turns":3}],"seed_played":"6867381218218051572","potions_obtained":[{"floor":5.0,"key":"Ancient Potion"},{"floor":7.0,"key":"Block Potion"},{"floor":10.0,"key":"Weak Potion"},{"floor":13.0,"key":"GhostInAJar"},{"floor":40,"key":"GhostInAJar"}],"is_trial":true,"path_per_floor":["M","M","?","?","M","R","?","E","T","E","R","M","M","E","R","B",null,"M","$","?","?","?","E","M","R","T","E","R","E","M","M","R","B",null,"M","?","?","M","?","E","R"],"character_chosen":"THE_SILENT","items_purchased":["Gremlin Horn","PiercingWail"],"campfire_rested":0,"item_purchase_floors":[19,19],"current_hp_per_floor":[59,52,41,63,63,63,63,43,43,35,35,27,21,21,21,11,52,43,43,66,66,66,52,52,52,52,52,52,23,23,23,23,15,53,47,47,47,48,48,49,49,0],"gold":353,"neow_bonus":"","is_prod":false,"is_daily":false,"chose_seed":false,"campfire_upgraded":7,"win_rate":0,"timestamp":1537167532,"path_taken":["M","?","?","?","M","R","?","E","T","E","R","M","M","E","R","BOSS","M","$","?","?","?","E","M","R","T","E","R","E","M","M","R","BOSS","M","?","?","M","?","E","R","E"],"build_version":"2018-09-06","purchased_purges":1,"victory":false,"max_hp_per_floor":[66,66,66,66,66,66,66,66,66,66,66,66,66,66,66,66,66,66,66,66,66,66,66,66,66,66,66,66,66,66,66,66,66,66,66,66,66,67,67,68,68,68],"card_choices":[{"not_picked":["Deflect","Dodge and Roll"],"picked":"Backflip","floor":0.0},{"not_picked":["Finisher","Slice"],"picked":"Acrobatics","floor":0.0},{"not_picked":["Sucker Punch","Setup"],"picked":"Prepared","floor":0.0},{"not_picked":["Quick Slash","Poisoned Stab"],"picked":"Acrobatics","floor":0.0},{"not_picked":["All Out Attack","Deadly Poison"],"picked":"Catalyst","floor":0.0},{"not_picked":["Prepared","Dodge and Roll"],"picked":"Deadly Poison","floor":0.0},{"not_picked":["Dagger Spray","Poisoned Stab"],"picked":"Catalyst","floor":0.0},{"not_picked":["Cloak And Dagger","Heel Hook"],"picked":"Bouncing Flask","floor":0.0},{"not_picked":["Dagger Spray","PiercingWail"],"picked":"Backstab","floor":0.0},{"not_picked":["Bane","Sucker Punch"],"picked":"Finisher","floor":0.0},{"not_picked":["PiercingWail","Cloak And Dagger"],"picked":"Well Laid Plans","floor":0.0},{"not_picked":["Crippling Poison","PiercingWail"],"picked":"Reflex","floor":0.0},{"not_picked":["Skewer","Blade Dance"],"picked":"Calculated Gamble","floor":0.0},{"not_picked":["Accuracy","Skewer"],"picked":"Flechettes","floor":0.0},{"not_picked":["Slice","Setup"],"picked":"Poisoned Stab","floor":0.0},{"not_picked":["Deflect","Dash","Backflip"],"picked":"SKIP","floor":1.0},{"not_picked":["Dagger Spray","Quick Slash","Backflip"],"picked":"SKIP","floor":2.0},{"not_picked":["Quick Slash","Backflip"],"picked":"Dagger Spray","floor":2.0},{"not_picked":["Bane","Slice","Concentrate"],"picked":"SKIP","floor":5.0},{"not_picked":["Bane","Prepared","Quick Slash"],"picked":"SKIP","floor":8.0},{"not_picked":["Cloak And Dagger","Poisoned Stab","Backstab","Setup"],"picked":"SKIP","floor":10.0},{"not_picked":["Cloak And Dagger","Blur","Deadly Poison","Doppelganger"],"picked":"SKIP","floor":12.0},{"not_picked":["Cloak And Dagger","Deadly Poison","Doppelganger"],"picked":"Blur","floor":12.0},{"not_picked":["Choke","Backstab","Slice"],"picked":"Dodge and Roll","floor":13.0},{"not_picked":["A Thousand Cuts","Deadly Poison","Dodge and Roll"],"picked":"Noxious Fumes","floor":14},{"not_picked":["Dagger Spray","Slice","Acrobatics"],"picked":"Concentrate","floor":18},{"not_picked":["Dagger Throw","Night Terror","Backstab","Distraction"],"picked":"SKIP","floor":23},{"not_picked":["Cloak And Dagger","Poisoned Stab","Dagger Spray+1","Deadly Poison"],"picked":"SKIP","floor":24},{"not_picked":["Concentrate","Choke","Backstab","Underhanded Strike"],"picked":"SKIP","floor":27},{"not_picked":["Bane","Leg Sweep","PiercingWail","Slice"],"picked":"SKIP","floor":29},{"not_picked":["Bane","Leg Sweep","Slice"],"picked":"PiercingWail","floor":29},{"not_picked":["Blade Dance","PiercingWail","Underhanded Strike","Backflip+1"],"picked":"SKIP","floor":30},{"not_picked":["Choke","Dagger Throw","Cloak And Dagger","Accuracy"],"picked":"SKIP","floor":31},{"not_picked":["Wraith Form v2","Adrenaline","Storm of Steel"],"picked":"After Image","floor":33},{"not_picked":["Dagger Throw","Flying Knee","Quick Slash","Deadly Poison+1"],"picked":"SKIP","floor":35},{"not_picked":["Slice","Blur","PiercingWail+1","Noxious Fumes"],"picked":"SKIP","floor":38},{"not_picked":["Quick Slash","Poisoned Stab","Dagger Throw","Leg Sweep"],"picked":"SKIP","floor":40}],"player_experience":662950,"relics_obtained":[{"floor":8.0,"key":"Question Card"},{"floor":10.0,"key":"Girya"},{"floor":14,"key":"FossilizedHelix"},{"floor":23,"key":"Bag of Marbles"},{"floor":26,"key":"Bag of Preparation"},{"floor":27,"key":"Juzu Bracelet"},{"floor":29,"key":"Kunai"},{"floor":40,"key":"Paper Crane"}],"event_choices":[{"event_name":"World of Goop","player_choice":"Gather Gold","floor":3.0,"damage_taken":0.0},{"event_name":"Big Fish","player_choice":"Banana","floor":4.0,"damage_taken":0.0},{"event_name":"The Woman in Blue","player_choice":"Bought 1 Potion","floor":7.0,"damage_taken":0.0},{"event_name":"Wheel of Change","player_choice":"Full Heal","floor":20,"damage_taken":0},{"event_name":"Beggar","player_choice":"Ignored","floor":21,"damage_taken":0},{"event_name":"Back to Basics","player_choice":"Elegance","floor":22,"damage_taken":0},{"event_name":"FaceTrader","player_choice":"Trade","floor":36,"damage_taken":0},{"event_name":"Golden Shrine","player_choice":"Pray","floor":37,"damage_taken":0},{"event_name":"Purifier","player_choice":"One Purge","floor":39,"damage_taken":0}],"is_beta":false,"boss_relics":[{"not_picked":["Fusion Hammer","Ectoplasm"],"picked":"Runic Dome"},{"not_picked":["Cursed Key","WristBlade"],"picked":"Empty Cage"}],"items_purged_floors":[19],"is_endless":false,"potions_floor_spawned":[5,8,10,13,16,18,24,29,31,33,35,40],"killed_by":"2 Orb Walkers","ascension_level":20}