{"gold_per_floor":[213,213,3,3,17,51,51,51,51,77,100,142],"floor_reached":12,"playtime":456,"items_purged":[],"score":140,"play_id":"4bb6c904-74b3-4d81-8d92-09a05bf45f44","local_time":"20190116094049","is_ascension_mode":true,"campfire_choices":[{"data":"Streamline","floor":8,"key":"SMITH"}],"neow_cost":"NONE","seed_source_timestamp":494519559988500,"circlet_count":0,"master_deck":["AscendersBane","Strike_B","Strike_B","Strike_B","Strike_B","Defend_B","Defend_B","Defend_B","Zap","Dualcast","Barrage","Gash","Streamline+1","Chill","Coolheaded","Sweeping Beam"],"relics":["Cracked Core","Kunai","Vajra","Orichalcum","MawBank"],"potions_floor_usage":[12],"damage_taken":[{"damage":2,"enemies":"Jaw Worm","floor":1,"turns":3},{"damage":0,"enemies":"Cultist","floor":5,"turns":2},{"damage":29,"enemies":"3 Sentries","floor":6,"turns":7},{"damage":0,"enemies":"2 Louse","floor":10,"turns":2},{"damage":10,"enemies":"Large Slime","floor":11,"turns":4},{"damage":8,"enemies":"3 Sentries","floor":12,"turns":2}],"seed_played":"-7764008989850568119","potions_obtained":[{"floor":10,"key":"Strength Potion"}],"is_trial":false,"path_per_floor":["M","?","$","?","M","E","?","R","T","M","M","?"],"character_chosen":"DEFECT","items_purchased":["Vajra","Gash"],"campfire_rested":0,"item_purchase_floors":[3,3],"current_hp_per_floor":[62,44,44,44,44,15,15,15,15,15,5,0],"gold":142,"neow_bonus":"HUNDRED_GOLD","is_prod":false,"is_daily":false,"chose_seed":false,"campfire_upgraded":1,"win_rate":0,"timestamp":1547660449,"path_taken":["M","?","$","?","?","E","?","R","T","M","M","?"],"build_version":"2019-01-10","purchased_purges":0,"victory":false,"max_hp_per_floor":[71,71,71,71,71,71,71,71,71,71,71,71],"card_choices":[{"not_picked":["Loop","Hologram"],"picked":"Barrage","floor":1},{"not_picked":["Rip and Tear","Cold Snap"],"picked":"Streamline","floor":5},{"not_picked":["Skim","Fission"],"picked":"Chill","floor":6},{"not_picked":["Streamline","Redo"],"picked":"Coolheaded","floor":10},{"not_picked":["Stack","Consume"],"picked":"Sweeping Beam","floor":11}],"player_experience":493461,"relics_obtained":[{"floor":6,"key":"Orichalcum"},{"floor":9,"key":"MawBank"}],"event_choices":[{"damage_healed":0,"gold_gain":0,"player_choice":"Success","damage_taken":18,"relics_obtained":["Kunai"],"max_hp_gain":0,"max_hp_loss":0,"event_name":"Scrap Ooze","floor":2,"gold_loss":0},{"cards_removed":["Defend_B"],"damage_healed":0,"gold_gain":0,"player_choice":"Purged","damage_taken":0,"max_hp_gain":0,"max_hp_loss":0,"event_name":"Purifier","floor":4,"gold_loss":0},{"damage_healed":0,"gold_gain":0,"player_choice":"Ignored","damage_taken":0,"max_hp_gain":0,"max_hp_loss":0,"event_name":"Shining Light","floor":7,"gold_loss":0},{"damage_healed":0,"gold_gain":30,"player_choice":"Searched \u00273\u0027 times","damage_taken":0,"max_hp_gain":0,"max_hp_loss":0,"event_name":"Dead Adventurer","floor":12,"gold_loss":0}],"is_beta":false,"boss_relics":[],"items_purged_floors":[],"is_endless":false,"potions_floor_spawned":[10],"killed_by":"3 Sentries","ascension_level":16}