{"gold_per_floor":[362,187,206,217,217,217,236,236,236,53,94,94,119,294,294,424,424,394,394,394,358,358,358,358,358,358,358,358,358,358,358,358,358,358,358,358,358,358,258,258,180,180,180,180,180,180,180,180],"floor_reached":48,"playtime":3935,"items_purged":["Strike_B","Strike_B"],"score":736,"play_id":"6508cc7b-747f-4eeb-95f9-9f418f071749","local_time":"20181112065404","is_ascension_mode":true,"campfire_choices":[{"floor":6,"key":"REST"},{"floor":8,"key":"REST"},{"data":"Defend_B","floor":12,"key":"PURGE"},{"data":"Doubt","floor":15,"key":"PURGE"},{"floor":24,"key":"REST"},{"data":"Defend_B","floor":28,"key":"PURGE"},{"floor":32,"key":"REST"},{"floor":45,"key":"REST"},{"floor":47,"key":"RECALL"}],"neow_cost":"PERCENT_DAMAGE","seed_source_timestamp":2755818558874640,"circlet_count":0,"master_deck":["Strike_B","Defend_B","Defend_B","Zap","Dualcast","Beam Cell","Ball Lightning","Defragment","Chill","Rebound","Turbo","Apotheosis","Tempest","Rebound","Thunder Strike","Self Repair","Skim","RitualDagger","Cold Snap+1","Capacitor","Double Energy","Barrage+1","Lockon","Echo Form","Ball Lightning+1","Steam Power+1","Go for the Eyes+1","Reinforced Body+1","Self Repair","Recycle+1","Redo+1"],"relics":["Cracked Core","Golden Idol","Peace Pipe","Emotion Chip","Ectoplasm","Bottled Flame","Incense Burner","Meat on the Bone","Vajra","Runic Pyramid","Ice Cream"],"potions_floor_usage":[11,11,25,25,25,33,35,40],"damage_taken":[{"damage":0,"enemies":"2 Louse","floor":1,"turns":3},{"damage":7,"enemies":"Jaw Worm","floor":3,"turns":3},{"damage":0,"enemies":"Cultist","floor":4,"turns":2},{"damage":9,"enemies":"Looter","floor":7,"turns":2},{"damage":3,"enemies":"3 Sentries","floor":11,"turns":7},{"damage":0,"enemies":"3 Louse","floor":13,"turns":3},{"damage":0,"enemies":"Slime Boss","floor":16,"turns":5},{"damage":22,"enemies":"2 Thieves","floor":18,"turns":2},{"damage":9,"enemies":"Gremlin Leader","floor":23,"turns":4},{"damage":9,"enemies":"Slavers","floor":25,"turns":5},{"damage":40,"enemies":"Gremlin Leader","floor":27,"turns":6},{"damage":13,"enemies":"Spheric Guardian","floor":29,"turns":4},{"damage":3,"enemies":"Centurion and Healer","floor":31,"turns":6},{"damage":62,"enemies":"Collector","floor":33,"turns":8},{"damage":34,"enemies":"3 Darklings","floor":35,"turns":4},{"damage":7,"enemies":"3 Shapes","floor":36,"turns":4},{"damage":15,"enemies":"Transient","floor":38,"turns":5},{"damage":44,"enemies":"Reptomancer","floor":40,"turns":5},{"damage":1,"enemies":"Sphere and 2 Shapes","floor":44,"turns":3},{"damage":31,"enemies":"3 Darklings","floor":46,"turns":4},{"damage":63,"enemies":"2 Orb Walkers","floor":48,"turns":4}],"seed_played":"3266406061253011966","potions_obtained":[{"floor":3,"key":"EntropicBrew"},{"floor":4,"key":"PowerPotion"},{"floor":7,"key":"Strength Potion"},{"floor":23,"key":"Strength Potion"},{"floor":29,"key":"Explosive Potion"},{"floor":33,"key":"GamblersBrew"},{"floor":38,"key":"AttackPotion"},{"floor":40,"key":"Dexterity Potion"},{"floor":44,"key":"FocusPotion"}],"is_trial":false,"path_per_floor":["M","$","M","M","?","R","M","R","T","$","E","R","M","?","R","B",null,"M","?","?","$","?","E","R","E","T","E","R","M","?","M","R","B",null,"M","M","?","M","$","E","$","?","T","M","R","M","R","?"],"character_chosen":"DEFECT","items_purchased":["Ball Lightning","Defragment","Apotheosis","Skim","Self Repair"],"campfire_rested":5,"item_purchase_floors":[2,2,10,21,41],"current_hp_per_floor":[50,50,43,43,25,47,38,60,60,60,57,57,57,57,57,57,71,49,49,49,49,43,44,66,64,64,43,43,52,52,49,71,31,64,42,57,57,52,52,30,30,30,30,41,63,61,61,0],"gold":180,"neow_bonus":"TWO_FIFTY_GOLD","is_prod":false,"is_daily":false,"chose_seed":false,"campfire_upgraded":0,"win_rate":0,"timestamp":1542002044,"path_taken":["M","$","M","M","?","R","M","R","T","$","E","R","M","?","R","BOSS","M","?","?","$","?","E","R","E","T","E","R","M","?","?","R","BOSS","M","M","?","M","$","E","$","?","T","M","R","M","R","?"],"build_version":"2018-11-08","purchased_purges":2,"victory":false,"max_hp_per_floor":[75,75,75,75,75,75,75,75,75,75,75,75,75,75,75,75,75,75,75,75,75,75,75,75,75,75,75,75,75,75,75,75,75,75,75,75,75,75,75,75,75,75,75,75,75,75,75,75],"card_choices":[{"not_picked":["Redo","Leap"],"picked":"Beam Cell","floor":1},{"not_picked":["Leap","Barrage"],"picked":"Chill","floor":3},{"not_picked":["Loop","Barrage"],"picked":"Rebound","floor":4},{"not_picked":["Meteor Strike","Barrage"],"picked":"Turbo","floor":7},{"not_picked":["Chaos","Streamline"],"picked":"Tempest","floor":11},{"not_picked":["Static Discharge","Barrage"],"picked":"Rebound","floor":13},{"not_picked":["All For One","Core Surge"],"picked":"Thunder Strike","floor":16},{"not_picked":["Steam Power","FTL"],"picked":"Coolheaded","floor":18},{"not_picked":["Chill","Turbo"],"picked":"Cold Snap+1","floor":23},{"not_picked":["Stack","Scrape"],"picked":"Capacitor","floor":25},{"not_picked":["Go for the Eyes","Sweeping Beam"],"picked":"Double Energy","floor":27},{"not_picked":["Ball Lightning","Rip and Tear"],"picked":"Barrage+1","floor":29},{"not_picked":["Undo","Gash"],"picked":"Lockon","floor":31},{"not_picked":["Seek","All For One"],"picked":"Echo Form","floor":33},{"not_picked":["Scrape+1","Streamline"],"picked":"Ball Lightning+1","floor":35},{"not_picked":["Stack+1","Redo"],"picked":"Steam Power+1","floor":36},{"not_picked":["Hologram","Rebound+1"],"picked":"Go for the Eyes+1","floor":38},{"not_picked":["Cold Snap+1","Compile Driver+1"],"picked":"Reinforced Body+1","floor":40},{"not_picked":["Heatsinks+1","Sunder+1"],"picked":"Recycle+1","floor":44},{"not_picked":["Reprogram+1","Reinforced Body"],"picked":"Redo+1","floor":46}],"player_experience":333800,"relics_obtained":[{"floor":9,"key":"Peace Pipe"},{"floor":11,"key":"Emotion Chip"},{"floor":23,"key":"Bottled Flame"},{"floor":25,"key":"Incense Burner"},{"floor":26,"key":"Meat on the Bone"},{"floor":27,"key":"Vajra"},{"floor":40,"key":"Ice Cream"}],"event_choices":[{"damage_healed":0,"gold_gain":0,"player_choice":"Take Damage","damage_taken":18,"relics_obtained":["Golden Idol"],"max_hp_gain":0,"max_hp_loss":0,"event_name":"Golden Idol","floor":5,"gold_loss":0},{"damage_healed":0,"gold_gain":175,"player_choice":"AGREE","damage_taken":0,"max_hp_gain":0,"max_hp_loss":0,"event_name":"Liars Game","floor":14,"gold_loss":0,"cards_obtained":["Doubt"]},{"cards_removed":["Strike_B"],"damage_healed":0,"gold_gain":0,"player_choice":"Elegance","damage_taken":0,"max_hp_gain":0,"max_hp_loss":0,"event_name":"Back to Basics","floor":19,"gold_loss":0},{"damage_healed":0,"gold_gain":0,"player_choice":"Read","damage_taken":0,"max_hp_gain":0,"max_hp_loss":0,"event_name":"The Library","floor":20,"gold_loss":0,"cards_obtained":["Self Repair"]},{"damage_healed":0,"gold_gain":0,"player_choice":"Joined the Cult","damage_taken":6,"max_hp_gain":0,"max_hp_loss":0,"event_name":"Nest","floor":22,"gold_loss":0,"cards_obtained":["RitualDagger"]},{"damage_healed":0,"gold_gain":0,"player_choice":"Ignored","damage_taken":0,"max_hp_gain":0,"max_hp_loss":0,"event_name":"Golden Shrine","floor":30,"gold_loss":0},{"damage_healed":0,"gold_gain":0,"player_choice":"Ignored","damage_taken":0,"max_hp_gain":0,"max_hp_loss":0,"event_name":"The Moai Head","floor":37,"gold_loss":0},{"cards_removed":["Coolheaded"],"damage_healed":0,"gold_gain":0,"player_choice":"Removed Skill","damage_taken":0,"max_hp_gain":0,"max_hp_loss":0,"event_name":"Falling","floor":42,"gold_loss":0},{"damage_healed":0,"gold_gain":0,"player_choice":"Fight","damage_taken":0,"max_hp_gain":0,"max_hp_loss":0,"event_name":"Mysterious Sphere","floor":48,"gold_loss":0}],"is_beta":true,"boss_relics":[{"not_picked":["Runic Dome","Astrolabe"],"picked":"Ectoplasm"},{"not_picked":["Busted Crown","Cursed Key"],"picked":"Runic Pyramid"}],"items_purged_floors":[2,39],"is_endless":false,"potions_floor_spawned":[3,4,7,23,29,33,38,40,44],"killed_by":"2 Orb Walkers","ascension_level":6}