{"gold_per_floor":[117,35,35,35,48,87,87,48,48,48,48,48,63,63,63,63],"floor_reached":16,"playtime":359,"items_purged":[],"score":182,"play_id":"c63469d7-08b4-4b93-9fe3-2912d5ec4bae","local_time":"20181020225323","is_ascension_mode":true,"campfire_choices":[{"data":"Self Repair","floor":10,"key":"SMITH"},{"data":"Zap","floor":12,"key":"SMITH"},{"data":"Tempest","floor":15,"key":"SMITH"}],"neow_cost":"NONE","seed_source_timestamp":33542890269133,"circlet_count":0,"master_deck":["Strike_B","Strike_B","Strike_B","Defend_B","Defend_B","Defend_B","Defend_B","Zap+1","Dualcast","AscendersBane","Beam Cell","Self Repair","Go for the Eyes","Tempest+1","Self Repair+1","Good Instincts","Defragment+1"],"relics":["Cracked Core","NeowsBlessing","Matryoshka","Golden Idol","Gremlin Horn","Orichalcum","Bottled Tornado"],"potions_floor_usage":[16,16],"damage_taken":[{"damage":0,"enemies":"Small Slimes","floor":1,"turns":1},{"damage":0,"enemies":"Jaw Worm","floor":5,"turns":1},{"damage":0,"enemies":"Gremlin Nob","floor":6,"turns":1},{"damage":9,"enemies":"2 Louse","floor":13,"turns":3},{"damage":60,"enemies":"Slime Boss","floor":16,"turns":9}],"seed_played":"1338460210595210395","potions_obtained":[{"floor":1,"key":"Regen Potion"},{"floor":13,"key":"EssenceOfSteel"}],"is_trial":false,"path_per_floor":["M","$","?","?","M","E","?","$","T","R","?","R","M","?","R"],"character_chosen":"DEFECT","items_purchased":["Self Repair","Self Repair"],"campfire_rested":0,"item_purchase_floors":[2,8],"current_hp_per_floor":[68,68,56,38,45,45,38,38,38,38,38,38,46,46,46,0],"gold":63,"neow_bonus":"THREE_ENEMY_KILL","is_prod":false,"is_daily":false,"chose_seed":false,"campfire_upgraded":3,"win_rate":0,"timestamp":1540101203,"path_taken":["M","$","?","?","M","E","?","$","T","R","?","R","M","?","R","BOSS"],"build_version":"2018-10-18","purchased_purges":0,"victory":false,"max_hp_per_floor":[75,75,75,75,75,75,75,75,75,75,75,75,75,75,75,75],"card_choices":[{"not_picked":["Aggregate","Go for the Eyes"],"picked":"Beam Cell","floor":1},{"not_picked":["Compile Driver","Skim"],"picked":"Go for the Eyes","floor":5},{"not_picked":["Coolheaded","Stack"],"picked":"Tempest","floor":6},{"not_picked":["Hologram","Blizzard"],"picked":"Defragment","floor":13}],"player_experience":307404,"relics_obtained":[{"floor":6,"key":"Gremlin Horn"},{"floor":9,"key":"Orichalcum"},{"floor":9,"key":"Bottled Tornado"}],"event_choices":[{"damage_healed":0,"gold_gain":0,"player_choice":"Success","damage_taken":12,"relics_obtained":["Matryoshka"],"max_hp_gain":0,"max_hp_loss":0,"event_name":"Scrap Ooze","floor":3,"gold_loss":0},{"damage_healed":0,"gold_gain":0,"player_choice":"Take Damage","damage_taken":18,"relics_obtained":["Golden Idol"],"max_hp_gain":0,"max_hp_loss":0,"event_name":"Golden Idol","floor":4,"gold_loss":0},{"cards_removed":["Strike_B"],"damage_healed":0,"gold_gain":0,"player_choice":"Card Removal","damage_taken":7,"max_hp_gain":0,"max_hp_loss":0,"event_name":"Golden Wing","floor":7,"gold_loss":0},{"damage_healed":0,"gold_gain":0,"player_choice":"1 cards matched","damage_taken":0,"max_hp_gain":0,"max_hp_loss":0,"event_name":"Match and Keep!","floor":11,"gold_loss":0,"cards_obtained":["Good Instincts"]},{"damage_healed":0,"gold_gain":0,"player_choice":"Grow","damage_taken":0,"max_hp_gain":0,"max_hp_loss":0,"event_name":"Living Wall","floor":14,"gold_loss":0,"cards_upgraded":["Defragment"]}],"is_beta":false,"boss_relics":[],"items_purged_floors":[],"is_endless":false,"potions_floor_spawned":[1,13],"killed_by":"Slime Boss","ascension_level":10}