{"gold_per_floor":[112,112,131,149,4,4,18,31,55,67,95,95,121,146,158,170],"floor_reached":16,"playtime":552,"items_purged":[],"score":222,"play_id":"9d76fe1c-d154-4187-a455-fc99cc25c610","local_time":"20180929215521","is_ascension_mode":true,"campfire_choices":[{"data":"Glass Knife","floor":6,"key":"SMITH"},{"data":"Dagger Spray","floor":15,"key":"SMITH"}],"neow_cost":"","seed_source_timestamp":102246128715305,"circlet_count":0,"master_deck":["Defend_G","Defend_G","Defend_G","Defend_G","Defend_G","Strike_G","Strike_G","Strike_G","Strike_G","Survivor","Neutralize","AscendersBane","Endless Agony","Terror","Footwork","Glass Knife+1","Dagger Spray+1","Dodge and Roll","Dagger Throw","Cloak And Dagger"],"relics":["Ring of the Snake","Strawberry","Potion Belt","MawBank"],"potions_floor_usage":[11,13,16],"damage_taken":[{"damage":1,"enemies":"Small Slimes","floor":1,"turns":5},{"damage":0,"enemies":"Cultist","floor":3,"turns":4},{"damage":2,"enemies":"Jaw Worm","floor":4,"turns":3},{"damage":5,"enemies":"Gremlin Gang","floor":7,"turns":5},{"damage":0,"enemies":"Red Slaver","floor":8,"turns":3},{"damage":0,"enemies":"Large Slime","floor":10,"turns":4},{"damage":5,"enemies":"Lagavulin","floor":11,"turns":7},{"damage":7,"enemies":"3 Sentries","floor":13,"turns":9},{"damage":11,"enemies":"Exordium Thugs","floor":14,"turns":3},{"damage":26,"enemies":"Slime Boss","floor":16,"turns":7}],"seed_played":"-5533966710509842712","potions_obtained":[{"floor":1,"key":"SmokeBomb"},{"floor":2,"key":"EssenceOfSteel"},{"floor":2,"key":"EssenceOfSteel"},{"floor":13,"key":"Ancient Potion"}],"is_trial":false,"path_per_floor":["M","?","M","M","$","R","M","M","T","M","E","?","E","M","R"],"character_chosen":"THE_SILENT","items_purchased":["Glass Knife","Dagger Spray"],"campfire_rested":0,"item_purchase_floors":[5,5],"current_hp_per_floor":[58,58,58,56,56,56,51,51,58,58,53,46,39,28,28,2],"gold":170,"neow_bonus":"","is_prod":false,"is_daily":false,"chose_seed":false,"campfire_upgraded":2,"win_rate":0,"timestamp":1538225721,"path_taken":["M","?","M","M","$","R","?","?","T","M","E","?","E","M","R","BOSS"],"build_version":"2018-09-27","purchased_purges":0,"victory":false,"max_hp_per_floor":[66,66,66,66,66,66,66,66,73,73,73,73,73,73,73,73],"card_choices":[{"not_picked":["Well Laid Plans","Flechettes"],"picked":"Endless Agony","floor":1},{"not_picked":["Bane","Footwork"],"picked":"Terror","floor":3},{"not_picked":["Flying Knee","Expertise"],"picked":"Footwork","floor":4},{"not_picked":["Flechettes","Blade Dance"],"picked":"Dodge and Roll","floor":7},{"not_picked":["Caltrops","Noxious Fumes","Blade Dance"],"picked":"SKIP","floor":8},{"not_picked":["Deflect","Reflex"],"picked":"Dagger Throw","floor":10},{"not_picked":["All Out Attack","Eviscerate"],"picked":"Cloak And Dagger","floor":11},{"not_picked":["Tactician","Endless Agony","Cloak And Dagger"],"picked":"SKIP","floor":13},{"not_picked":["Reflex","Outmaneuver","Cloak And Dagger"],"picked":"SKIP","floor":14}],"player_experience":685351,"relics_obtained":[{"floor":9,"key":"Strawberry"},{"floor":11,"key":"Potion Belt"},{"floor":13,"key":"MawBank"}],"event_choices":[{"event_name":"The Lab","player_choice":"Got Potions","floor":2,"damage_taken":0},{"event_name":"Golden Wing","player_choice":"Card Removal","floor":12,"damage_taken":0}],"is_beta":false,"boss_relics":[],"items_purged_floors":[],"is_endless":false,"potions_floor_spawned":[1,4,7,8,13],"killed_by":"Slime Boss","ascension_level":19}