{"gold_per_floor":[112,112,41,316,33,33,72,72,144,179,179,215,238,263,263,387,387,405,88,109,109,123,123,157,181,205,223,259,184,199,269,269,393,393,408,424,757,857,876,876,451,463,513,613,284,284,330,355,355,355,355,355,71,98,98],"floor_reached":56,"playtime":4130,"items_purged":["Regret","Strike_B"],"score":1326,"play_id":"2a86aeb2-46eb-4b2b-ac9a-cc933c8d052a","local_time":"20190212000322","is_ascension_mode":true,"campfire_choices":[{"data":"Defragment","floor":6,"key":"SMITH"},{"data":"Zap","floor":8,"key":"SMITH"},{"data":"Coolheaded","floor":11,"key":"SMITH"},{"floor":15,"key":"REST"},{"data":"Buffer","floor":23,"key":"SMITH"},{"floor":32,"key":"REST"},{"floor":40,"key":"RECALL"},{"data":"Defragment","floor":46,"key":"SMITH"},{"floor":49,"key":"REST"},{"data":"Loop","floor":52,"key":"SMITH"}],"neow_cost":"TEN_PERCENT_HP_LOSS","seed_source_timestamp":2389486836728155,"circlet_count":0,"master_deck":["Strike_B+1","Strike_B+1","Defend_B","Defend_B","Defend_B+1","Defend_B","Zap+1","Dualcast","Ball Lightning","Defragment+1","Electrodynamics","Coolheaded+1","Buffer+1","Seek+1","Capacitor","Reboot","Amplify","Coolheaded+1","Static Discharge+1","Defragment+1","Chill+1","Biased Cognition","Chill+1","Double Energy","Leap","Static Discharge+1","Loop+1","Seek","Biased Cognition","Defragment","Thunder Strike","Loop","Capacitor","Loop"],"special_seed":0,"relics":["Cracked Core","WingedGreaves","Ice Cream","Mercury Hourglass","Art of War","Bag of Marbles","Runic Pyramid","Singing Bowl","Whetstone","Happy Flower","Boot","Tiny Chest","Orrery","Gambling Chip","War Paint","Bag of Preparation","Shovel","The Courier","Blue Candle"],"potions_floor_usage":[24,55,55,55,55],"damage_taken":[{"damage":1.0,"enemies":"Cultist","floor":1.0,"turns":3.0},{"damage":9,"enemies":"3 Sentries","floor":7,"turns":3},{"damage":6,"enemies":"Gremlin Nob","floor":10,"turns":3},{"damage":17,"enemies":"3 Sentries","floor":12,"turns":3},{"damage":0,"enemies":"2 Louse","floor":13,"turns":1},{"damage":0,"enemies":"Jaw Worm","floor":14,"turns":2},{"damage":17,"enemies":"The Guardian","floor":16,"turns":9},{"damage":3,"enemies":"Shell Parasite","floor":18,"turns":4},{"damage":0,"enemies":"Chosen","floor":20,"turns":4},{"damage":12,"enemies":"Sentry and Sphere","floor":22,"turns":4},{"damage":19,"enemies":"Slavers","floor":24,"turns":2},{"damage":6,"enemies":"Cultist and Chosen","floor":25,"turns":4},{"damage":0,"enemies":"3 Cultists","floor":27,"turns":3},{"damage":9,"enemies":"Gremlin Leader","floor":28,"turns":4},{"damage":3,"enemies":"Chosen and Byrds","floor":30,"turns":4},{"damage":6,"enemies":"Book of Stabbing","floor":31,"turns":5},{"damage":0,"enemies":"Collector","floor":33,"turns":9},{"damage":6,"enemies":"Orb Walker","floor":35,"turns":4},{"damage":0,"enemies":"3 Shapes","floor":36,"turns":2},{"damage":0,"enemies":"Writhing Mass","floor":39,"turns":6},{"damage":0,"enemies":"Jaw Worm Horde","floor":42,"turns":4},{"damage":7,"enemies":"Mind Bloom Boss Battle","floor":44,"turns":7},{"damage":0,"enemies":"2 Orb Walkers","floor":47,"turns":3},{"damage":15,"enemies":"Nemesis","floor":48,"turns":7},{"damage":4,"enemies":"Awakened One","floor":50,"turns":12},{"damage":0,"enemies":"Shield and Spear","floor":54,"turns":5},{"damage":22,"enemies":"The Heart","floor":55,"turns":11}],"seed_played":"-5467874935731525522","potions_obtained":[{"floor":7,"key":"EntropicBrew"},{"floor":10,"key":"Swift Potion"},{"floor":16,"key":"Fire Potion"},{"floor":24,"key":"SteroidPotion"},{"floor":25,"key":"SkillPotion"}],"is_trial":false,"path_per_floor":["M","?","$","?","$","R","E","R","T","E","R","E","M","M","R","B",null,"M","$","M","?","M","R","E","M","T","M","E","?","M","E","R","B",null,"M","M","?","?","M","R","$","M","T","?","$","R","?","E","R","B",null,"R","$","E","B",null],"character_chosen":"DEFECT","items_purchased":["Defragment","Electrodynamics","Coolheaded","Capacitor","Singing Bowl","Loop","Seek","FocusPotion","FocusPotion","War Paint","Bag of Preparation","Defragment","Thunder Strike","Loop","Capacitor","Loop"],"campfire_rested":3,"item_purchase_floors":[3,5,5,19,19,41,41,41,41,45,45,45,53,53,53,53],"current_hp_per_floor":[67,50,50,50,50,50,41,41,41,35,35,18,18,18,38,21,68,65,65,65,65,55,55,36,30,30,30,23,23,20,14,35,35,76,72,72,72,72,74,74,74,74,74,69,69,69,71,58,83,79,86,86,86,88,66],"gold":98,"neow_bonus":"ONE_RARE_RELIC","is_prod":false,"is_daily":false,"chose_seed":false,"campfire_upgraded":6,"win_rate":0,"timestamp":1549919002,"path_taken":["M","?","$","?","$","R","E","R","T","E","R","E","M","M","R","BOSS","M","$","M","?","M","R","E","M","T","M","E","?","?","E","R","BOSS","M","M","?","?","?","R","$","M","T","?","$","R","?","E","R","BOSS","R","$","E","BOSS"],"build_version":"2019-01-23","purchased_purges":2,"victory":true,"max_hp_per_floor":[68,68,68,68,68,68,68,68,68,68,68,68,68,68,68,68,68,68,68,68,68,70,70,70,70,70,70,72,72,72,72,72,72,76,78,78,78,78,80,80,80,80,80,82,82,82,84,86,86,86,86,86,86,88,88],"card_choices":[{"not_picked":["Coolheaded","Beam Cell"],"picked":"Ball Lightning","floor":1.0},{"not_picked":["Beam Cell","Aggregate","Ball Lightning"],"picked":"SKIP","floor":7},{"not_picked":["Hello World","Beam Cell","Doom and Gloom"],"picked":"SKIP","floor":10},{"not_picked":["Double Energy","Force Field"],"picked":"Buffer","floor":12},{"not_picked":["Redo","Streamline","Heatsinks"],"picked":"SKIP","floor":13},{"not_picked":["Steam","Ball Lightning","Streamline"],"picked":"SKIP","floor":14},{"not_picked":["Electrodynamics","All For One"],"picked":"Seek","floor":16},{"not_picked":["Steam","Cold Snap","Stack"],"picked":"SKIP","floor":18},{"not_picked":["Darkness","Conserve Battery"],"picked":"Reboot","floor":20},{"not_picked":["Compile Driver+1","Beam Cell","Sunder"],"picked":"Singing Bowl","floor":22},{"not_picked":["Barrage","Lockon"],"picked":"Amplify","floor":24},{"not_picked":["Gash","Conserve Battery"],"picked":"Coolheaded+1","floor":25},{"not_picked":["Turbo","Storm"],"picked":"Static Discharge+1","floor":27},{"not_picked":["Rip and Tear+1","Cold Snap","Coolheaded"],"picked":"Singing Bowl","floor":28},{"not_picked":["BootSequence+1","Redo"],"picked":"Defragment","floor":30},{"not_picked":["Consume+1","Turbo"],"picked":"Chill+1","floor":31},{"not_picked":["Core Surge","Creative AI"],"picked":"Biased Cognition","floor":33},{"not_picked":["Steam","Gash","Turbo"],"picked":"Singing Bowl","floor":34},{"not_picked":["Leap","Streamline+1"],"picked":"Chill+1","floor":34},{"not_picked":["Turbo+1","Aggregate+1"],"picked":"Double Energy","floor":34},{"not_picked":["Compile Driver","Gash","Cold Snap"],"picked":"Singing Bowl","floor":34},{"not_picked":["Sweeping Beam","Compile Driver+1"],"picked":"Leap","floor":34},{"not_picked":["Hologram","Ball Lightning","Steam"],"picked":"Singing Bowl","floor":35},{"not_picked":["Turbo","Darkness"],"picked":"Static Discharge+1","floor":36},{"not_picked":["Turbo","Conserve Battery","Compile Driver+1"],"picked":"Singing Bowl","floor":39},{"not_picked":["Cold Snap+1","Sweeping Beam"],"picked":"Biased Cognition","floor":42},{"not_picked":["BootSequence","Conserve Battery","Barrage+1"],"picked":"Singing Bowl","floor":44},{"not_picked":["Turbo+1","Steam+1","Streamline+1"],"picked":"Singing Bowl","floor":47},{"not_picked":["Beam Cell","Streamline+1","Defragment"],"picked":"Singing Bowl","floor":48},{"not_picked":["Streamline+1","Turbo+1","Compile Driver"],"picked":"Singing Bowl","floor":54}],"player_experience":556781,"relics_obtained":[{"floor":7,"key":"Ice Cream"},{"floor":9,"key":"Mercury Hourglass"},{"floor":10,"key":"Art of War"},{"floor":12,"key":"Bag of Marbles"},{"floor":24,"key":"Whetstone"},{"floor":26,"key":"Happy Flower"},{"floor":28,"key":"Boot"},{"floor":31,"key":"Tiny Chest"},{"floor":44,"key":"Gambling Chip"},{"floor":47,"key":"Shovel"},{"floor":48,"key":"The Courier"},{"floor":54,"key":"Blue Candle"}],"event_choices":[{"damage_healed":0.0,"max_hp_gain":0.0,"max_hp_loss":0.0,"gold_gain":0.0,"event_name":"Golden Idol","player_choice":"Take Damage","floor":2.0,"gold_loss":0.0,"damage_taken":17.0,"relics_obtained":["Golden Idol"]},{"damage_healed":0.0,"max_hp_gain":0.0,"max_hp_loss":0.0,"gold_gain":275.0,"event_name":"Golden Shrine","player_choice":"Desecrate","floor":4.0,"gold_loss":0.0,"damage_taken":0.0,"cards_obtained":["Regret"]},{"damage_healed":0,"gold_gain":0,"player_choice":"Ignored","damage_taken":0,"max_hp_gain":0,"max_hp_loss":0,"event_name":"Ghosts","floor":21,"gold_loss":0},{"cards_removed":["Strike_B"],"damage_healed":0,"gold_gain":0,"player_choice":"Gave Gold","damage_taken":0,"max_hp_gain":0,"max_hp_loss":0,"event_name":"Beggar","floor":29,"gold_loss":75},{"damage_healed":0,"gold_gain":333,"player_choice":"Gave Idol","damage_taken":0,"max_hp_gain":0,"max_hp_loss":0,"event_name":"The Moai Head","floor":37,"relics_lost":["Golden Idol"],"gold_loss":0},{"damage_healed":0,"gold_gain":100,"player_choice":"Pray","damage_taken":0,"max_hp_gain":0,"max_hp_loss":0,"event_name":"Golden Shrine","floor":38,"gold_loss":0},{"damage_healed":0,"gold_gain":0,"player_choice":"Fight","damage_taken":0,"max_hp_gain":0,"max_hp_loss":0,"event_name":"MindBloom","floor":44,"gold_loss":0},{"damage_healed":0,"gold_gain":0,"player_choice":"Fight","damage_taken":0,"max_hp_gain":0,"max_hp_loss":0,"event_name":"Mysterious Sphere","floor":47,"gold_loss":0}],"is_beta":false,"boss_relics":[{"not_picked":["Pandora\u0027s Box","White Beast Statue"],"picked":"Runic Pyramid"},{"not_picked":["Busted Crown","Calling Bell"],"picked":"Orrery"}],"items_purged_floors":[5,41],"is_endless":false,"potions_floor_spawned":[7,10,16,18,24,25,28,36,39],"ascension_level":1}