{"gold_per_floor":[10,10,23,34,34,34,49,62,62,62,88,108,126,8,8,81,81,93,104,104,114,130,130,143,168,168,192,192],"floor_reached":28,"playtime":1168,"items_purged":["Strike_G"],"score":559,"play_id":"b64b566e-1646-483e-bd05-5268a0f95ab3","local_time":"20180928003101","is_ascension_mode":true,"campfire_choices":[{"data":"Neutralize","floor":6,"key":"SMITH"},{"data":"Cloak And Dagger","floor":10,"key":"SMITH"},{"data":"Finisher","floor":15,"key":"SMITH"},{"floor":23,"key":"REST"}],"neow_cost":"NO_GOLD","seed_source_timestamp":28081190783611,"circlet_count":0,"master_deck":["Defend_G","Defend_G","Defend_G","Defend_G","Strike_G","Strike_G","Strike_G","Survivor","Neutralize+1","AscendersBane","Masterful Stab","Heel Hook","Backflip","Finisher+1","Cloak And Dagger+1","Well Laid Plans","Dagger Throw","Flying Knee","Terror","Tools of the Trade","Blade Dance+1","Underhanded Strike","Infinite Blades+1","Dagger Spray+1","Calculated Gamble"],"relics":["Ring of the Snake","Centennial Puzzle","Omamori","Sozu","Question Card","Boot","Letter Opener","Vajra"],"potions_floor_usage":[7,16,18],"damage_taken":[{"damage":3,"enemies":"Cultist","floor":1,"turns":5},{"damage":1,"enemies":"Small Slimes","floor":3,"turns":3},{"damage":7,"enemies":"Jaw Worm","floor":4,"turns":5},{"damage":8,"enemies":"Gremlin Gang","floor":7,"turns":6},{"damage":10,"enemies":"Red Slaver","floor":8,"turns":4},{"damage":5,"enemies":"3 Sentries","floor":11,"turns":9},{"damage":1,"enemies":"3 Louse","floor":12,"turns":3},{"damage":0,"enemies":"Looter","floor":13,"turns":3},{"damage":0,"enemies":"Hexaghost","floor":16,"turns":7},{"damage":0,"enemies":"3 Byrds","floor":18,"turns":5},{"damage":17,"enemies":"2 Thieves","floor":19,"turns":3},{"damage":6,"enemies":"3 Cultists","floor":21,"turns":4},{"damage":19,"enemies":"Snake Plant","floor":22,"turns":2},{"damage":10,"enemies":"Sentry and Sphere","floor":24,"turns":3},{"damage":27,"enemies":"Gremlin Leader","floor":25,"turns":4},{"damage":21,"enemies":"Shelled Parasite and Fungi","floor":28,"turns":1}],"seed_played":"-7545203219734359074","potions_obtained":[{"floor":1,"key":"Strength Potion"},{"floor":3,"key":"GamblersBrew"},{"floor":4,"key":"Poison Potion"},{"floor":13,"key":"Weak Potion"}],"is_trial":false,"path_per_floor":["M","$","M","M","?","R","M","M","T","R","E","M","M","$","R","B",null,"M","M","?","M","M","R","M","E","T","T"],"character_chosen":"THE_SILENT","items_purchased":["Terror"],"campfire_rested":1,"item_purchase_floors":[14],"current_hp_per_floor":[56,56,55,48,53,53,45,35,35,35,30,29,29,29,29,29,61,61,44,44,38,19,40,30,3,3,3,0],"gold":192,"neow_bonus":"REMOVE_TWO","is_prod":false,"is_daily":false,"chose_seed":false,"campfire_upgraded":3,"win_rate":0,"timestamp":1538062261,"path_taken":["M","?","M","M","?","R","M","M","T","R","E","M","?","$","R","BOSS","M","M","?","?","?","R","M","E","T","?","M"],"build_version":"2018-09-20","purchased_purges":1,"victory":false,"max_hp_per_floor":[66,66,66,66,71,71,71,71,71,71,71,71,71,71,71,71,71,71,71,71,71,71,71,71,71,71,71,71],"card_choices":[{"not_picked":["Concentrate","Prepared"],"picked":"Masterful Stab","floor":1},{"not_picked":["Blur","Acrobatics"],"picked":"Heel Hook","floor":3},{"not_picked":["Outmaneuver","Underhanded Strike"],"picked":"Backflip","floor":4},{"not_picked":["Sucker Punch","Tools of the Trade"],"picked":"Finisher","floor":7},{"not_picked":["PiercingWail","Footwork"],"picked":"Cloak And Dagger","floor":8},{"not_picked":["Acrobatics","Crippling Poison"],"picked":"Well Laid Plans","floor":11},{"not_picked":["Reflex","Prepared"],"picked":"Dagger Throw","floor":12},{"not_picked":["Choke","Acrobatics"],"picked":"Flying Knee","floor":13},{"not_picked":["Wraith Form v2","Storm of Steel"],"picked":"Tools of the Trade","floor":16},{"not_picked":["Dagger Throw","Outmaneuver"],"picked":"Blade Dance+1","floor":18},{"not_picked":["Riddle With Holes","Prepared"],"picked":"Underhanded Strike","floor":19},{"not_picked":["Blur","Underhanded Strike","Bane"],"picked":"Infinite Blades+1","floor":21},{"not_picked":["Noxious Fumes","Prepared","Deflect","Cloak And Dagger"],"picked":"SKIP","floor":22},{"not_picked":["PiercingWail","Flying Knee","All Out Attack+1"],"picked":"Dagger Spray+1","floor":24},{"not_picked":["Bane","PiercingWail","A Thousand Cuts"],"picked":"Calculated Gamble","floor":25}],"player_experience":676772,"relics_obtained":[{"floor":9,"key":"Centennial Puzzle"},{"floor":11,"key":"Omamori"},{"floor":25,"key":"Boot"},{"floor":26,"key":"Letter Opener"},{"floor":27,"key":"Vajra"}],"event_choices":[{"event_name":"Big Fish","player_choice":"Donut","floor":5,"damage_taken":0},{"event_name":"The Mausoleum","player_choice":"Yes","floor":20,"damage_taken":0}],"is_beta":false,"boss_relics":[{"not_picked":["Black Star","Runic Dome"],"picked":"Sozu"}],"items_purged_floors":[14],"is_endless":false,"potions_floor_spawned":[1,3,4,13,18,25],"killed_by":"Shelled Parasite and Fungi","ascension_level":18}