{"gold_per_floor":[119,132,132,132,52,52,109,109,158,193,193,211,224,299,299,427,427,427],"floor_reached":18,"playtime":740,"items_purged":[],"score":237,"play_id":"a14de08b-ad48-43cf-a03a-e9b884bdc078","local_time":"20180921173804","is_ascension_mode":true,"campfire_choices":[{"data":"Dualcast","floor":6,"key":"SMITH"},{"data":"Capacitor","floor":8,"key":"SMITH"},{"data":"Defragment","floor":11,"key":"SMITH"},{"floor":15,"key":"REST"}],"neow_cost":"NONE","seed_source_timestamp":602574268094359,"circlet_count":0,"master_deck":["Strike_B","Strike_B","Strike_B","Strike_B","Defend_B","Defend_B","Defend_B","Defend_B","Zap+1","Dualcast+1","AscendersBane","Hologram","Auto Shields","Injury","Capacitor+1","Defragment+1","Darkness","Chaos","Fission"],"relics":["Cracked Core","Golden Idol","Tiny Chest","Regal Pillow","Gremlin Horn","Eternal Feather"],"potions_floor_usage":[10],"damage_taken":[{"damage":1,"enemies":"Cultist","floor":1,"turns":4},{"damage":3,"enemies":"Jaw Worm","floor":2,"turns":4},{"damage":21,"enemies":"3 Sentries","floor":10,"turns":12},{"damage":0,"enemies":"2 Louse","floor":12,"turns":2},{"damage":20,"enemies":"Lots of Slimes","floor":13,"turns":4},{"damage":38,"enemies":"Slime Boss","floor":16,"turns":8},{"damage":61,"enemies":"3 Byrds","floor":18,"turns":7}],"seed_played":"7281709415295376457","potions_obtained":[{"floor":0,"key":"FocusPotion"},{"floor":0,"key":"SpeedPotion"},{"floor":0,"key":"Energy Potion"},{"floor":1,"key":"SkillPotion"}],"is_trial":false,"path_per_floor":["M","M","?","?","$","R","T","R","T","E","R","M","M","?","R","B",null],"character_chosen":"DEFECT","items_purchased":["Capacitor"],"campfire_rested":1,"item_purchase_floors":[5],"current_hp_per_floor":[67,64,64,64,64,64,64,64,64,43,43,43,23,12,49,11,59,0],"gold":427,"neow_bonus":"THREE_SMALL_POTIONS","is_prod":false,"is_daily":false,"chose_seed":false,"campfire_upgraded":3,"win_rate":0,"timestamp":1537565884,"path_taken":["M","?","?","?","$","R","?","R","T","E","R","M","M","?","R","BOSS","M"],"build_version":"2018-09-20","purchased_purges":0,"victory":false,"max_hp_per_floor":[75,75,75,75,75,75,75,75,75,75,75,75,75,75,75,75,75,75],"card_choices":[{"not_picked":["Sweeping Beam","Rebound"],"picked":"Hologram","floor":1},{"not_picked":["Undo","Go for the Eyes"],"picked":"Auto Shields","floor":2},{"not_picked":["Hologram","Doom and Gloom"],"picked":"Defragment","floor":10},{"not_picked":["Gash","Coolheaded"],"picked":"Darkness","floor":12},{"not_picked":["Turbo","Force Field"],"picked":"Chaos","floor":13},{"not_picked":["Creative AI","Hyperbeam"],"picked":"Fission","floor":16}],"player_experience":225438,"relics_obtained":[{"floor":7,"key":"Tiny Chest"},{"floor":9,"key":"Regal Pillow"},{"floor":10,"key":"Gremlin Horn"}],"event_choices":[{"event_name":"Living Wall","player_choice":"Grow","floor":3,"damage_taken":0},{"event_name":"Golden Idol","player_choice":"Take Wound","floor":4,"damage_taken":0},{"event_name":"World of Goop","player_choice":"Gather Gold","floor":14,"damage_taken":0}],"is_beta":false,"boss_relics":[{"not_picked":["Philosopher\u0027s Stone","Runic Dome"],"picked":"Eternal Feather"}],"items_purged_floors":[],"is_endless":false,"potions_floor_spawned":[1,2],"killed_by":"3 Byrds","ascension_level":10}