{"gold_per_floor":[110,31,43,43,55,55,69,69,69,69,85,114,25,43,43,146,146,159,175,28,28,38,38,38,54,80,80,94,107,7,25,25,122,122,134,60,60,74,85,85,109,125,125,125,125,0,0,11,11,11],"floor_reached":50,"playtime":2113,"items_purged":["Strike_B","Strike_B","Strike_B"],"score":446,"play_id":"cb6b97a6-ec73-46c8-bb10-fb57f69aa74e","local_time":"20190213133136","is_ascension_mode":false,"campfire_choices":[{"data":"Zap","floor":6,"key":"SMITH"},{"floor":8,"key":"REST"},{"floor":15,"key":"REST"},{"data":"White Noise","floor":23,"key":"SMITH"},{"data":"Defragment","floor":27,"key":"SMITH"},{"floor":32,"key":"REST"},{"floor":40,"key":"RECALL"},{"data":"Seek","floor":44,"key":"SMITH"},{"data":"Loop","floor":47,"key":"SMITH"},{"data":"Capacitor","floor":49,"key":"SMITH"}],"neow_cost":"NONE","seed_source_timestamp":5096220417054428,"circlet_count":0,"master_deck":["Defend_B","Defend_B","Defend_B","Defend_B","Zap+1","Dualcast","Glacier","Rebound","Go for the Eyes","Cold Snap+1","Gash+1","Defragment+1","Gash+1","Beam Cell+1","White Noise+1","Capacitor+1","Darkness","Go for the Eyes+1","Seek+1","Loop+1","Self Repair+1"],"relics":["Busted Crown","Molten Egg 2","Letter Opener","Orrery","Ancient Tea Set","Sozu","Centennial Puzzle","Sundial"],"potions_floor_usage":[16,16,22,22,25,33,33],"damage_taken":[{"damage":9,"enemies":"2 Louse","floor":1,"turns":3},{"damage":0,"enemies":"Small Slimes","floor":3,"turns":3},{"damage":0,"enemies":"Jaw Worm","floor":5,"turns":4},{"damage":7,"enemies":"Large Slime","floor":7,"turns":5},{"damage":3,"enemies":"Exordium Wildlife","floor":11,"turns":7},{"damage":14,"enemies":"3 Sentries","floor":12,"turns":9},{"damage":2,"enemies":"2 Fungi Beasts","floor":14,"turns":3},{"damage":13,"enemies":"Slime Boss","floor":16,"turns":10},{"damage":9,"enemies":"Chosen","floor":18,"turns":4},{"damage":13,"enemies":"Shell Parasite","floor":19,"turns":5},{"damage":8,"enemies":"Snake Plant","floor":22,"turns":5},{"damage":15,"enemies":"Snecko","floor":25,"turns":6},{"damage":29,"enemies":"3 Cultists","floor":28,"turns":7},{"damage":21,"enemies":"Snake Plant","floor":29,"turns":6},{"damage":6,"enemies":"Cultist and Chosen","floor":31,"turns":6},{"damage":14,"enemies":"Champ","floor":33,"turns":8},{"damage":0,"enemies":"3 Shapes","floor":35,"turns":7},{"damage":0,"enemies":"Orb Walker","floor":38,"turns":4},{"damage":9,"enemies":"Maw","floor":39,"turns":7},{"damage":17,"enemies":"Transient","floor":42,"turns":5},{"damage":3,"enemies":"4 Shapes","floor":48,"turns":8},{"damage":75,"enemies":"Time Eater","floor":50,"turns":5}],"seed_played":"-4562310320493635110","potions_obtained":[{"floor":7,"key":"Swift Potion"},{"floor":12,"key":"Dexterity Potion"},{"floor":14,"key":"EssenceOfSteel"},{"floor":18,"key":"Strength Potion"},{"floor":22,"key":"Regen Potion"},{"floor":29,"key":"Ancient Potion"},{"floor":31,"key":"AttackPotion"}],"is_trial":false,"path_per_floor":["M","$","M","?","M","R","M","R","T","?","M","E","$","M","R","B",null,"M","M","$","?","M","R","?","M","T","R","M","M","$","M","R","B",null,"M","$","?","M","M","R","T","M","T","R","?","$","R","M","R","B"],"character_chosen":"DEFECT","items_purchased":["Glacier","Defragment","Gash+1","Capacitor","Loop"],"campfire_rested":3,"item_purchase_floors":[2,13,13,20,36],"current_hp_per_floor":[66,66,66,66,66,66,59,75,75,63,60,46,46,44,66,53,75,66,53,53,75,67,67,67,66,66,66,37,16,16,10,32,18,75,75,75,75,75,75,75,75,68,68,68,68,68,68,75,75,0],"gold":11,"neow_bonus":"BOSS_RELIC","is_prod":false,"is_daily":false,"chose_seed":false,"campfire_upgraded":6,"win_rate":0,"timestamp":1550082696,"path_taken":["M","$","M","?","M","R","M","R","T","?","M","E","$","M","R","BOSS","M","M","$","?","M","R","?","M","T","R","M","M","$","M","R","BOSS","M","$","?","M","M","R","?","M","T","R","?","$","R","M","R","BOSS"],"build_version":"2019-01-23","purchased_purges":3,"victory":false,"max_hp_per_floor":[75,75,75,75,75,75,75,75,75,75,75,75,75,75,75,75,75,75,75,75,75,75,75,75,75,75,75,75,75,75,75,75,75,75,75,75,75,75,75,75,75,75,75,75,75,75,75,75,75,75],"card_choices":[{"not_picked":["Hologram"],"picked":"SKIP","floor":1},{"not_picked":[],"picked":"Rebound","floor":3},{"not_picked":["Recycle"],"picked":"SKIP","floor":5},{"not_picked":[],"picked":"Go for the Eyes","floor":7},{"not_picked":[],"picked":"Cold Snap+1","floor":11},{"not_picked":[],"picked":"Gash+1","floor":12},{"not_picked":["Cold Snap+1"],"picked":"SKIP","floor":14},{"not_picked":[],"picked":"Beam Cell+1","floor":17},{"not_picked":[],"picked":"White Noise","floor":17},{"not_picked":["Steam Power"],"picked":"SKIP","floor":18},{"not_picked":["Lockon+1"],"picked":"SKIP","floor":19},{"not_picked":[],"picked":"Darkness","floor":22},{"not_picked":["Fusion"],"picked":"SKIP","floor":25},{"not_picked":["Cold Snap+1"],"picked":"SKIP","floor":28},{"not_picked":["FTL+1"],"picked":"SKIP","floor":29},{"not_picked":[],"picked":"Go for the Eyes+1","floor":31},{"not_picked":[],"picked":"Seek","floor":33},{"not_picked":["Cold Snap+1"],"picked":"SKIP","floor":35},{"not_picked":[],"picked":"Self Repair+1","floor":38},{"not_picked":["Leap"],"picked":"SKIP","floor":39},{"not_picked":["Coolheaded+1"],"picked":"SKIP","floor":42},{"not_picked":["Redo"],"picked":"SKIP","floor":48}],"player_experience":86057,"relics_obtained":[{"floor":12,"key":"Letter Opener"},{"floor":26,"key":"Ancient Tea Set"},{"floor":41,"key":"Centennial Puzzle"},{"floor":43,"key":"Sundial"}],"event_choices":[{"damage_healed":0,"gold_gain":0,"player_choice":"Leave","damage_taken":0,"max_hp_gain":0,"max_hp_loss":0,"event_name":"The Cleric","floor":4,"gold_loss":0},{"damage_healed":0,"gold_gain":0,"player_choice":"Success","damage_taken":12,"relics_obtained":["Molten Egg 2"],"max_hp_gain":0,"max_hp_loss":0,"event_name":"Scrap Ooze","floor":10,"gold_loss":0},{"damage_healed":25,"gold_gain":0,"player_choice":"Heal","damage_taken":0,"max_hp_gain":0,"max_hp_loss":0,"event_name":"The Library","floor":21,"gold_loss":0},{"damage_healed":0,"gold_gain":0,"player_choice":"Ignored","damage_taken":0,"max_hp_gain":0,"max_hp_loss":0,"event_name":"Beggar","floor":24,"gold_loss":0},{"cards_removed":["Strike_B"],"damage_healed":0,"gold_gain":0,"player_choice":"Removed Attack","damage_taken":0,"max_hp_gain":0,"max_hp_loss":0,"event_name":"Falling","floor":37,"gold_loss":0},{"damage_healed":0,"gold_gain":0,"player_choice":"Ignored","damage_taken":0,"max_hp_gain":0,"max_hp_loss":0,"event_name":"Mysterious Sphere","floor":45,"gold_loss":0}],"is_beta":false,"boss_relics":[{"not_picked":["Philosopher\u0027s Stone","Velvet Choker"],"picked":"Orrery"},{"not_picked":["Empty Cage","Pandora\u0027s Box"],"picked":"Sozu"}],"items_purged_floors":[20,30,46],"is_endless":false,"potions_floor_spawned":[7,12,14,18,22,29,31,35,48],"killed_by":"Time Eater","ascension_level":0}