{"gold_per_floor":[216,226,226,239,239,253,42,42,68,68,68,82,82,96,96,194,194,210,210,225,225,241,241,340,340,340,27,42,55,75,0,0,0],"floor_reached":33,"playtime":1107,"items_purged":[],"score":239,"play_id":"eac281c6-8259-44ee-b46e-785de65db74a","local_time":"20181231204019","is_ascension_mode":false,"campfire_choices":[{"data":"Apotheosis","floor":8.0,"key":"SMITH"},{"data":"Spot Weakness","floor":10.0,"key":"SMITH"},{"data":"Heavy Blade","floor":13.0,"key":"SMITH"},{"data":"Cleave","floor":15.0,"key":"SMITH"},{"data":"Reaper","floor":23.0,"key":"SMITH"},{"data":"Clash","floor":25.0,"key":"SMITH"},{"floor":32,"key":"REST"}],"neow_cost":"NONE","seed_source_timestamp":552829612120256,"circlet_count":0,"master_deck":["Strike_R","Strike_R","Strike_R","Strike_R","Strike_R","Defend_R","Defend_R","Defend_R","Bash","Pommel Strike","Clash+1","Spot Weakness+1","Apotheosis+1","Cleave+1","Heavy Blade+1","Reaper+1","Flex+1","Flex","Shrug It Off+1","Cleave"],"special_seed":0,"relics":["Burning Blood","Regal Pillow","Sozu","Anchor","Gremlin Horn","Incense Burner"],"potions_floor_usage":[30],"damage_taken":[{"damage":1.0,"enemies":"2 Louse","floor":1.0,"turns":4.0},{"damage":1.0,"enemies":"Cultist","floor":2.0,"turns":4.0},{"damage":11.0,"enemies":"Jaw Worm","floor":4.0,"turns":3.0},{"damage":7.0,"enemies":"3 Louse","floor":6.0,"turns":4.0},{"damage":14.0,"enemies":"Exordium Wildlife","floor":12.0,"turns":4.0},{"damage":10.0,"enemies":"Looter","floor":14.0,"turns":2.0},{"damage":43.0,"enemies":"Hexaghost","floor":16.0,"turns":9.0},{"damage":10.0,"enemies":"Chosen","floor":18.0,"turns":4.0},{"damage":5.0,"enemies":"Spheric Guardian","floor":20.0,"turns":3.0},{"damage":39.0,"enemies":"Centurion and Healer","floor":22.0,"turns":6.0},{"damage":29.0,"enemies":"Shelled Parasite and Fungi","floor":28.0,"turns":4.0},{"damage":36.0,"enemies":"Snecko","floor":29.0,"turns":6.0},{"damage":0,"enemies":"Sentry and Sphere","floor":30,"turns":3},{"damage":86,"enemies":"Champ","floor":33,"turns":8}],"seed_played":"1766205355214249539","potions_obtained":[{"floor":1.0,"key":"Regen Potion"},{"floor":6.0,"key":"PowerPotion"},{"floor":16.0,"key":"Energy Potion"}],"is_trial":false,"path_per_floor":["M","M","$","M","?","M","$","R","T","R","$","M","R","M","R","B",null,"M","?","M","?","M","R","?","R","T","$","M","M","M","?","R","B"],"character_chosen":"IRONCLAD","items_purchased":["Apotheosis","Cleave","Incense Burner"],"campfire_rested":1,"item_purchase_floors":[7,7,27],"current_hp_per_floor":[80,80,80,75,75,74,74,74,74,74,74,66,66,62,62,40,80,80,80,80,80,65,65,65,65,65,65,42,21,27,27,66,0],"gold":0,"neow_bonus":"HUNDRED_GOLD","is_prod":false,"is_daily":false,"chose_seed":false,"campfire_upgraded":6,"win_rate":0,"timestamp":1546306819,"path_taken":["M","M","$","M","?","?","$","R","T","R","$","M","R","M","R","BOSS","M","?","M","?","M","R","?","R","T","$","?","M","M","?","R","BOSS"],"build_version":"2018-12-20","purchased_purges":0,"victory":false,"max_hp_per_floor":[80,80,80,80,80,80,80,80,80,80,80,80,80,80,80,80,80,80,80,80,80,80,80,80,80,80,80,80,80,80,80,80,80],"card_choices":[{"not_picked":["Metallicize","Entrench"],"picked":"Pommel Strike","floor":1.0},{"not_picked":["Pommel Strike","Wild Strike"],"picked":"Clash","floor":2.0},{"not_picked":["Body Slam","Sever Soul","Juggernaut"],"picked":"SKIP","floor":4.0},{"not_picked":["Armaments","Body Slam"],"picked":"Spot Weakness","floor":6.0},{"not_picked":["True Grit","Combust"],"picked":"Heavy Blade","floor":12.0},{"not_picked":["Iron Wave","Battle Trance","Headbutt"],"picked":"SKIP","floor":14.0},{"not_picked":["Dark Embrace","Juggernaut"],"picked":"Reaper","floor":16.0},{"not_picked":["Twin Strike","Rupture"],"picked":"Flex+1","floor":18.0},{"not_picked":["Warcry+1","Corruption","Wild Strike"],"picked":"SKIP","floor":20.0},{"not_picked":["Carnage","Shrug It Off+1"],"picked":"Flex","floor":22.0},{"not_picked":["Dropkick+1","Thunderclap"],"picked":"Shrug It Off+1","floor":28.0},{"not_picked":["Sword Boomerang","Shrug It Off"],"picked":"Cleave","floor":29.0},{"not_picked":["Havoc","Dual Wield","Second Wind+1"],"picked":"SKIP","floor":30}],"player_experience":371970,"relics_obtained":[{"floor":9.0,"key":"Regal Pillow"},{"floor":26.0,"key":"Gremlin Horn"}],"event_choices":[{"cards_removed":["Defend_R"],"damage_healed":0.0,"max_hp_gain":0.0,"max_hp_loss":0.0,"gold_gain":0.0,"event_name":"Purifier","player_choice":"Purged","floor":5.0,"gold_loss":0.0,"damage_taken":0.0},{"damage_healed":0.0,"max_hp_gain":0.0,"max_hp_loss":0.0,"gold_gain":0.0,"event_name":"Cursed Tome","player_choice":"Ignored","floor":19.0,"gold_loss":0.0,"damage_taken":0.0},{"damage_healed":0.0,"max_hp_gain":0.0,"max_hp_loss":0.0,"gold_gain":0.0,"event_name":"The Mausoleum","player_choice":"Opened","floor":21.0,"gold_loss":0.0,"damage_taken":0.0,"relics_obtained":["Anchor"],"cards_obtained":["Writhe"]},{"damage_healed":0.0,"max_hp_gain":0.0,"max_hp_loss":0.0,"gold_gain":99.0,"event_name":"Nest","player_choice":"Stole From Cult","floor":24.0,"gold_loss":0.0,"damage_taken":0.0},{"cards_removed":["Writhe"],"damage_healed":0,"gold_gain":0,"player_choice":"Gave Gold","damage_taken":0,"max_hp_gain":0,"max_hp_loss":0,"event_name":"Beggar","floor":31,"gold_loss":75}],"is_beta":false,"boss_relics":[{"not_picked":["Eternal Feather","Fusion Hammer"],"picked":"Sozu"}],"items_purged_floors":[],"is_endless":false,"potions_floor_spawned":[1,6,16,18,28,30],"killed_by":"Champ","ascension_level":0}