{"path_per_floor":["M","?","$","?","M","R","M","M","T","R","M","M","E","?","R","B",null,"M","?","M","M","?","R","$","R","T","M","M","?","R","?","R","B",null,"M","?","M","?","?","R","M","?","T","M","R","M"],"character_chosen":"DEFECT","items_purchased":["Torii"],"gold_per_floor":[117,117,42,42,57,57,76,86,86,86,99,114,139,139,139,265,265,284,319,339,362,362,362,71,71,125,150,174,174,174,99,99,223,223,243,465,489,489,489,489,512,512,539,562,562,575,575],"floor_reached":47,"campfire_rested":5,"playtime":1826,"item_purchase_floors":[24],"current_hp_per_floor":[57,57,57,57,57,57,57,57,57,57,44,31,17,17,35,19,63,42,42,32,22,22,40,40,40,40,39,31,31,49,49,63,39,63,63,63,62,62,62,62,52,44,44,17,35,31,0],"items_purged":["Regret"],"gold":575,"score":427,"play_id":"3a0758b7-892a-4e78-9b7c-3d3911122855","local_time":"20180603195610","is_prod":false,"is_daily":false,"chose_seed":false,"is_ascension_mode":false,"campfire_upgraded":3,"win_rate":0,"timestamp":1528019770,"campfire_choices":[{"data":"1","floor":6,"key":"LIFT"},{"data":"Storm","floor":10,"key":"SMITH"},{"floor":15,"key":"REST"},{"floor":23,"key":"REST"},{"data":"Creative AI","floor":25,"key":"SMITH"},{"floor":30,"key":"REST"},{"floor":32,"key":"REST"},{"data":"Dualcast","floor":40,"key":"SMITH"},{"floor":45,"key":"REST"}],"path_taken":["M","?","$","?","M","R","M","M","T","R","?","M","E","?","R","BOSS","M","?","M","M","?","R","$","R","T","M","?","?","R","?","R","BOSS","M","?","M","?","?","R","M","?","T","M","R","M","M"],"build_version":"2018-05-30v2","seed_source_timestamp":4896548790177,"purchased_purges":1,"victory":false,"master_deck":["Defend_B","Defend_B","Defend_B","Defend_B","Zap","Dualcast+1","Electrodynamics","Gash","Storm+1","Loop","Chill+1","Creative AI+1","Lockon+1","Redo+1","Sweeping Beam+1","White Noise+1","Capacitor+1","Barrage+1","Darkness+1","Machine Learning","Madness+1","Madness+1","Heatsinks+1"],"max_hp_per_floor":[68,68,68,68,68,68,68,68,68,68,68,68,68,63,63,63,63,63,63,63,63,63,63,63,63,63,63,63,63,63,63,63,63,63,63,63,63,63,63,63,63,63,63,63,63,63,63],"relics":["Cracked Core","Girya","Toxic Egg 2","Thread and Needle","Golden Idol","Astrolabe","Red Mask","Torii","Happy Flower","Lizard Tail","Oddly Smooth Stone"],"card_choices":[{"not_picked":["Rainbow","All For One"],"picked":"Electrodynamics","floor":0},{"not_picked":["Barrage","Rebound"],"picked":"Gash","floor":1},{"not_picked":["Reinforced Body","Cold Snap","Leap"],"picked":"SKIP","floor":5},{"not_picked":["Hologram","Conserve Battery"],"picked":"Storm","floor":7},{"not_picked":["Conserve Battery","Streamline","Auto Shields"],"picked":"SKIP","floor":8},{"not_picked":["Streamline","Fission+1","Barrage"],"picked":"SKIP","floor":11},{"not_picked":["Static Discharge","Compile Driver"],"picked":"Loop","floor":12},{"not_picked":["Barrage","Steam Power+1"],"picked":"Chill+1","floor":13},{"not_picked":["Seek+1","Biased Cognition"],"picked":"Creative AI","floor":16},{"not_picked":["Cold Snap+1","Rebound+1"],"picked":"White Noise+1","floor":18},{"not_picked":["Hologram+1","Heatsinks"],"picked":"Capacitor","floor":19},{"not_picked":["Turbo+1","Coolheaded+1"],"picked":"Barrage+1","floor":20},{"not_picked":["Chaos+1","Rebound"],"picked":"Darkness+1","floor":21},{"not_picked":["Conserve Battery+1","Leap+1"],"picked":"Barrage","floor":27},{"not_picked":["Steam+1","Go for the Eyes","Turbo+1"],"picked":"SKIP","floor":28},{"not_picked":["Hyperbeam","Reboot+1"],"picked":"Machine Learning","floor":33},{"not_picked":["Conserve Battery+1","Cold Snap+1","Compile Driver"],"picked":"SKIP","floor":35},{"not_picked":["Melter","Steam Power+1","Stack+1"],"picked":"SKIP","floor":37},{"not_picked":["Hologram+1","Undo+1","Leap+1"],"picked":"SKIP","floor":41},{"not_picked":["Leap+1","Sweeping Beam+1","Streamline+1"],"picked":"SKIP","floor":44},{"not_picked":["Barrage","Cold Snap+1"],"picked":"Heatsinks+1","floor":46}],"player_experience":349133,"potions_floor_usage":[16,21,21,21,27,28,37,44,46],"damage_taken":[{"damage":11,"enemies":"Jaw Worm","floor":1,"turns":3},{"damage":0,"enemies":"2 Louse","floor":5,"turns":1},{"damage":0,"enemies":"Cultist","floor":7,"turns":2},{"damage":0,"enemies":"Large Slime","floor":8,"turns":3},{"damage":13,"enemies":"2 Fungi Beasts","floor":11,"turns":3},{"damage":13,"enemies":"Exordium Wildlife","floor":12,"turns":3},{"damage":14,"enemies":"3 Sentries","floor":13,"turns":3},{"damage":16,"enemies":"Hexaghost","floor":16,"turns":9},{"damage":21,"enemies":"Chosen","floor":18,"turns":7},{"damage":0,"enemies":"Masked Bandits","floor":19,"turns":2},{"damage":10,"enemies":"Spheric Guardian","floor":20,"turns":4},{"damage":10,"enemies":"Snake Plant","floor":21,"turns":4},{"damage":1,"enemies":"Centurion and Healer","floor":27,"turns":5},{"damage":8,"enemies":"Chosen and Byrds","floor":28,"turns":3},{"damage":24,"enemies":"Collector","floor":33,"turns":6},{"damage":0,"enemies":"3 Shapes","floor":35,"turns":3},{"damage":1,"enemies":"Orb Walker","floor":37,"turns":3},{"damage":10,"enemies":"Flame Bruiser 2 Orb","floor":41,"turns":5},{"damage":27,"enemies":"Spire Growth","floor":44,"turns":4},{"damage":57,"enemies":"Maw","floor":46,"turns":7},{"damage":34,"enemies":"Sphere and 2 Shapes","floor":47,"turns":4}],"relics_obtained":[{"floor":9,"key":"Toxic Egg 2"},{"floor":13,"key":"Thread and Needle"},{"floor":19,"key":"Red Mask"},{"floor":26,"key":"Happy Flower"},{"floor":43,"key":"Oddly Smooth Stone"}],"event_choices":[{"event_name":"Big Fish","player_choice":"Box","floor":2,"damage_taken":0},{"event_name":"Liars Game","player_choice":"disagreed","floor":4,"damage_taken":0},{"event_name":"Golden Idol","player_choice":"Lose Max HP","floor":14,"damage_taken":0},{"event_name":"Masked Bandits","player_choice":"Fought over 284 gold","floor":19,"damage_taken":0},{"event_name":"Vampires","player_choice":"Ignored","floor":22,"damage_taken":0},{"event_name":"Drug Dealer","player_choice":"Ignored","floor":29,"damage_taken":0},{"event_name":"Beggar","player_choice":"Gave Gold","floor":31,"damage_taken":0},{"event_name":"Tomb of Lord Red Mask","player_choice":"Wore Mask","floor":36,"damage_taken":0},{"event_name":"Accursed Blacksmith","player_choice":"Forge","floor":38,"damage_taken":0},{"event_name":"Winding Halls","player_choice":"Embrace Madness","floor":42,"damage_taken":0}],"boss_relics":[{"not_picked":["Calling Bell","Snecko Eye"],"picked":"Astrolabe"},{"not_picked":["Runic Dome","Eternal Feather"],"picked":"Lizard Tail"}],"items_purged_floors":[3],"potions_floor_spawned":[7,13,16,20,21,27,35,37,44],"seed_played":"-6834289725240588257","killed_by":"Sphere and 2 Shapes","ascension_level":0,"potions_obtained":[{"floor":7,"key":"SpeedPotion"},{"floor":13,"key":"PowerPotion"},{"floor":16,"key":"SpeedPotion"},{"floor":20,"key":"Swift Potion"},{"floor":21,"key":"LiquidBronze"},{"floor":27,"key":"Swift Potion"},{"floor":35,"key":"Fire Potion"},{"floor":37,"key":"Dexterity Potion"},{"floor":44,"key":"Energy Potion"}],"is_trial":false}