{"gold_per_floor":[116,191,204,204,217,217,250,250,274,274,284,302,318,318,318,422,422,438,458,39,64,77,77,94,94,394,394,405,419,439,354,354,354],"floor_reached":33,"playtime":2094,"items_purged":[],"score":251,"play_id":"e8b4d494-7eb7-40d7-95a8-d4ad6051052e","local_time":"20180909183549","is_ascension_mode":false,"campfire_choices":[{"floor":6,"key":"REST"},{"data":"Carnage","floor":8,"key":"SMITH"},{"data":"Rage","floor":10,"key":"SMITH"},{"data":"Juggernaut","floor":15,"key":"SMITH"},{"data":"Iron Wave","floor":23,"key":"SMITH"},{"data":"Pommel Strike","floor":27,"key":"SMITH"},{"floor":32,"key":"REST"}],"neow_cost":"TEN_PERCENT_HP_LOSS","seed_source_timestamp":247128170303775,"circlet_count":0,"master_deck":["Strike_R+1","Strike_R","Strike_R","Strike_R","Strike_R+1","Defend_R","Defend_R","Defend_R","Defend_R","Bash","Carnage+1","Twin Strike","Anger","Rage+1","Iron Wave","Iron Wave+1","Juggernaut+1","Juggernaut","Pommel Strike+1","Clash","The Bomb","Fire Breathing+1","Flash of Steel","Thunderclap","Heavy Blade+1","Iron Wave+1","Pommel Strike","Cleave"],"relics":["Burning Blood","Pocketwatch","Vajra","Pen Nib","Eternal Feather","Lantern","Old Coin","Anchor"],"potions_floor_usage":[3,16,16,22,28,33,33],"damage_taken":[{"damage":2,"enemies":"2 Louse","floor":1,"turns":5},{"damage":5,"enemies":"Small Slimes","floor":3,"turns":3},{"damage":5,"enemies":"Jaw Worm","floor":5,"turns":4},{"damage":3,"enemies":"Gremlin Nob","floor":7,"turns":3},{"damage":4,"enemies":"Gremlin Gang","floor":11,"turns":2},{"damage":0,"enemies":"2 Fungi Beasts","floor":12,"turns":3},{"damage":0,"enemies":"Looter","floor":13,"turns":2},{"damage":33,"enemies":"The Guardian","floor":16,"turns":6},{"damage":17,"enemies":"Spheric Guardian","floor":18,"turns":4},{"damage":7,"enemies":"Shell Parasite","floor":19,"turns":3},{"damage":5,"enemies":"Chosen and Byrds","floor":22,"turns":4},{"damage":17,"enemies":"Centurion and Healer","floor":24,"turns":4},{"damage":27,"enemies":"Snake Plant","floor":28,"turns":3},{"damage":17,"enemies":"Chosen and Byrds","floor":29,"turns":5},{"damage":3,"enemies":"Snecko","floor":30,"turns":3},{"damage":74,"enemies":"Champ","floor":33,"turns":7}],"seed_played":"-9097385823257933529","potions_obtained":[{"floor":1,"key":"Strength Potion"},{"floor":5,"key":"Fire Potion"},{"floor":11,"key":"SpeedPotion"},{"floor":12,"key":"FearPotion"},{"floor":24,"key":"GamblersBrew"},{"floor":29,"key":"GamblersBrew"}],"is_trial":false,"path_per_floor":["M","?","M","?","M","R","E","R","T","R","M","M","M","?","R","B",null,"M","M","$","T","M","R","M","?","T","R","M","M","M","?","R"],"character_chosen":"IRONCLAD","items_purchased":["The Bomb","Fire Breathing","Flash of Steel","FearPotion"],"campfire_rested":2,"item_purchase_floors":[20,20,20,20],"current_hp_per_floor":[72,61,62,48,49,70,72,72,72,72,72,72,72,72,72,45,72,61,60,60,60,61,72,61,61,61,72,51,40,43,43,72,0],"gold":354,"neow_bonus":"ONE_RARE_RELIC","is_prod":false,"is_daily":false,"chose_seed":false,"campfire_upgraded":5,"win_rate":0.0,"timestamp":1536532549,"path_taken":["M","?","?","?","M","R","E","R","T","R","?","?","M","?","R","BOSS","M","?","$","?","M","R","M","?","T","R","M","?","M","?","R","BOSS"],"build_version":"2018-09-06","purchased_purges":0,"victory":false,"max_hp_per_floor":[72,72,72,72,72,72,72,72,72,72,72,72,72,72,72,72,72,72,72,72,72,72,72,72,72,72,72,72,72,72,72,72,72],"card_choices":[{"not_picked":["Burning Pact","Power Through"],"picked":"Carnage","floor":1},{"not_picked":["Reckless Charge","Feel No Pain"],"picked":"Twin Strike","floor":3},{"not_picked":["Clothesline","Disarm"],"picked":"Anger","floor":5},{"not_picked":["Armaments","Warcry"],"picked":"Rage","floor":7},{"not_picked":["Sword Boomerang","Clothesline"],"picked":"Iron Wave","floor":11},{"not_picked":["Headbutt","Pommel Strike"],"picked":"Iron Wave","floor":12},{"not_picked":["Anger","Warcry"],"picked":"Juggernaut","floor":13},{"not_picked":["Fiend Fire","Berserk"],"picked":"Juggernaut","floor":16},{"not_picked":["Sword Boomerang","Heavy Blade+1"],"picked":"Pommel Strike","floor":18},{"not_picked":["Twin Strike","Heavy Blade"],"picked":"Clash","floor":19},{"not_picked":["Shockwave","Pummel"],"picked":"Thunderclap","floor":22},{"not_picked":["Feel No Pain","Power Through"],"picked":"Heavy Blade+1","floor":24},{"not_picked":["Power Through","True Grit"],"picked":"Iron Wave+1","floor":28},{"not_picked":["Fiend Fire","Heavy Blade"],"picked":"Pommel Strike","floor":29},{"not_picked":["Clash","Dropkick"],"picked":"Cleave","floor":30}],"player_experience":27071,"relics_obtained":[{"floor":7,"key":"Vajra"},{"floor":9,"key":"Pen Nib"},{"floor":21,"key":"Lantern"},{"floor":26,"key":"Old Coin"}],"event_choices":[{"event_name":"World of Goop","player_choice":"Gather Gold","floor":2,"damage_taken":0},{"event_name":"Shining Light","player_choice":"Entered Light","floor":4,"damage_taken":0},{"event_name":"Liars Game","player_choice":"disagreed","floor":14,"damage_taken":0},{"event_name":"Upgrade Shrine","player_choice":"Upgraded","floor":25,"damage_taken":0},{"event_name":"Addict","player_choice":"Obtained Relic","floor":31,"damage_taken":0}],"is_beta":false,"boss_relics":[{"not_picked":["Velvet Choker","Snecko Eye"],"picked":"Eternal Feather"}],"items_purged_floors":[],"is_endless":false,"potions_floor_spawned":[1,5,11,12,24,29],"killed_by":"Champ","ascension_level":0}