{"gold_per_floor":[114,189,154,174,199,199,7,7,89,109,109,109,138,8,8,8],"floor_reached":16,"playtime":363,"items_purged":["Strike_B"],"score":192,"play_id":"b992a620-3653-4b7c-8d51-3396dd2c0b86","local_time":"20190211081811","is_ascension_mode":true,"campfire_choices":[{"data":"Zap","floor":6,"key":"SMITH"},{"data":"Machine Learning","floor":8,"key":"SMITH"},{"data":"Go for the Eyes","floor":11,"key":"SMITH"},{"floor":15,"key":"REST"}],"neow_cost":"PERCENT_DAMAGE","seed_source_timestamp":426285258375400,"circlet_count":0,"master_deck":["AscendersBane","Strike_B","Strike_B+1","Strike_B","Defend_B","Defend_B+1","Defend_B","Defend_B","Zap+1","Dualcast","Genetic Algorithm","Go for the Eyes+1","Machine Learning+1","Ball Lightning","Sweeping Beam","Ball Lightning"],"relics":["Cracked Core","Blood Vial","Matryoshka","Gambling Chip"],"potions_floor_usage":[],"damage_taken":[{"damage":4,"enemies":"Jaw Worm","floor":1,"turns":4},{"damage":13,"enemies":"Small Slimes","floor":4,"turns":4},{"damage":1,"enemies":"2 Louse","floor":10,"turns":3},{"damage":22,"enemies":"Gremlin Nob","floor":13,"turns":4},{"damage":46,"enemies":"Slime Boss","floor":16,"turns":6}],"seed_played":"-6355793807005721805","potions_obtained":[{"floor":10,"key":"SmokeBomb"}],"is_trial":false,"path_per_floor":["M","?","?","M","T","R","$","R","T","M","R","?","E","$","R","B"],"character_chosen":"DEFECT","items_purchased":["Machine Learning","Ball Lightning","Ball Lightning"],"campfire_rested":1,"item_purchase_floors":[7,7,14],"current_hp_per_floor":[56,45,66,53,53,53,53,53,53,54,54,28,8,8,33,0],"gold":8,"neow_bonus":"TWENTY_PERCENT_HP_BONUS","is_prod":false,"is_daily":false,"chose_seed":false,"campfire_upgraded":3,"win_rate":0,"timestamp":1549901891,"path_taken":["M","?","?","M","?","R","$","R","T","M","R","?","E","?","R","BOSS"],"build_version":"2019-01-23","purchased_purges":1,"victory":false,"max_hp_per_floor":[85,85,85,85,85,85,85,85,85,85,85,85,85,85,85,85],"card_choices":[{"not_picked":["Beam Cell","Steam"],"picked":"Genetic Algorithm","floor":1},{"not_picked":["Hologram","Leap"],"picked":"Go for the Eyes","floor":4},{"not_picked":["Redo","Reprogram"],"picked":"Sweeping Beam","floor":10},{"not_picked":["Turbo","Go for the Eyes","Thunder Strike"],"picked":"SKIP","floor":13}],"player_experience":679126,"relics_obtained":[{"floor":5,"key":"Blood Vial"},{"floor":9,"key":"Matryoshka"},{"floor":13,"key":"Gambling Chip"}],"event_choices":[{"damage_healed":0,"gold_gain":75,"player_choice":"Gather Gold","damage_taken":11,"max_hp_gain":0,"max_hp_loss":0,"event_name":"World of Goop","floor":2,"gold_loss":0},{"damage_healed":21,"gold_gain":0,"player_choice":"Healed","damage_taken":0,"max_hp_gain":0,"max_hp_loss":0,"event_name":"The Cleric","floor":3,"gold_loss":35},{"damage_healed":0,"gold_gain":0,"player_choice":"Entered Light","damage_taken":26,"max_hp_gain":0,"max_hp_loss":0,"event_name":"Shining Light","floor":12,"gold_loss":0,"cards_upgraded":["Defend_B","Strike_B"]}],"is_beta":false,"boss_relics":[],"items_purged_floors":[14],"is_endless":false,"potions_floor_spawned":[10],"killed_by":"Slime Boss","ascension_level":20}