{"gold_per_floor":[111,111,122,137,156,156,189,189,262,288,288,321,338,53,53,157,157,175,191,191,201,107,142,160,195,195,214,214,214,248,25,25,124,124,136,136,156,174,191,221,18,53,83,133,133,133,161,114,114,114],"floor_reached":50,"playtime":2671,"items_purged":[],"score":807,"play_id":"8cb1425a-54f5-4f6c-b8b9-6a790389e104","local_time":"20181013031348","is_ascension_mode":true,"campfire_choices":[{"data":"Rage","floor":6,"key":"SMITH"},{"data":"Flex","floor":8,"key":"SMITH"},{"data":"Infernal Blade","floor":15,"key":"SMITH"},{"data":"J.A.X.","floor":29,"key":"SMITH"},{"data":"Flex","floor":32,"key":"SMITH"},{"data":"Limit Break","floor":45,"key":"SMITH"},{"data":"Infernal Blade","floor":46,"key":"SMITH"},{"floor":49,"key":"REST"}],"neow_cost":"NONE","seed_source_timestamp":170476410643217,"circlet_count":0,"master_deck":["Strike_R","Strike_R","Strike_R","Strike_R","Defend_R","Defend_R","Defend_R","Defend_R","Bash","Burning Pact","Anger","Spot Weakness","Wild Strike","Rage+1","Flex+1","Immolate","Immolate","Battle Trance","Infernal Blade+1","Fiend Fire","Feel No Pain","Rampage","J.A.X.+1","Headbutt","Cleave","Metallicize","Thunderclap","Inflame","Bludgeon","Battle Trance+1","Disarm","Infernal Blade+1","Flex+1","Limit Break+1","Intimidate+1","Clothesline","Flex","Armaments+1","Sentinel","Bludgeon","Demon Form","Flex"],"relics":["Burning Blood","StoneCalendar","Matryoshka","Boot","Lantern","Bag of Marbles","Sling","Sozu","Ancient Tea Set","Unceasing Top","Red Skull","Gremlin Horn","Orichalcum","ClockworkSouvenir","Mark of Pain","Ice Cream","Medical Kit","Ornamental Fan","Tiny Chest","Sundial","WingedGreaves","Pen Nib"],"potions_floor_usage":[10,12,16],"damage_taken":[{"damage":0,"enemies":"Small Slimes","floor":1,"turns":4},{"damage":9,"enemies":"Jaw Worm","floor":3,"turns":3},{"damage":6,"enemies":"Cultist","floor":4,"turns":3},{"damage":17,"enemies":"2 Fungi Beasts","floor":5,"turns":4},{"damage":42,"enemies":"Gremlin Nob","floor":7,"turns":5},{"damage":35,"enemies":"Lagavulin","floor":10,"turns":6},{"damage":3,"enemies":"3 Sentries","floor":12,"turns":3},{"damage":0,"enemies":"Large Slime","floor":13,"turns":2},{"damage":11,"enemies":"Slime Boss","floor":16,"turns":5},{"damage":12,"enemies":"Shell Parasite","floor":18,"turns":3},{"damage":12,"enemies":"Chosen","floor":19,"turns":2},{"damage":3,"enemies":"Snecko","floor":21,"turns":3},{"damage":5,"enemies":"Gremlin Leader","floor":23,"turns":4},{"damage":12,"enemies":"Chosen and Byrds","floor":24,"turns":3},{"damage":18,"enemies":"Book of Stabbing","floor":25,"turns":3},{"damage":24,"enemies":"Centurion and Healer","floor":27,"turns":3},{"damage":0,"enemies":"Slavers","floor":30,"turns":1},{"damage":16,"enemies":"Automaton","floor":33,"turns":6},{"damage":7,"enemies":"3 Shapes","floor":35,"turns":3},{"damage":0,"enemies":"Orb Walker","floor":37,"turns":2},{"damage":17,"enemies":"Sphere and 2 Shapes","floor":38,"turns":3},{"damage":13,"enemies":"Reptomancer","floor":39,"turns":2},{"damage":31,"enemies":"Giant Head","floor":40,"turns":6},{"damage":13,"enemies":"Nemesis","floor":42,"turns":3},{"damage":0,"enemies":"Mysterious Sphere","floor":44,"turns":1},{"damage":7,"enemies":"Giant Head","floor":47,"turns":4},{"damage":68,"enemies":"Awakened One","floor":50,"turns":5}],"seed_played":"-5443463294284110717","potions_obtained":[{"floor":7,"key":"Regen Potion"},{"floor":10,"key":"SkillPotion"},{"floor":12,"key":"Fire Potion"}],"is_trial":false,"path_per_floor":["M","?","M","M","M","R","E","R","T","E","?","E","M","$","R","B",null,"M","M","?","M","$","E","M","E","T","M","?","R","E","$","R","B",null,"M","?","M","M","M","E","$","E","T","?","R","R","E","$","R"],"character_chosen":"IRONCLAD","items_purchased":["Sling","Infernal Blade","Cleave","Metallicize","ClockworkSouvenir","Flex","Medical Kit","Flex"],"campfire_rested":1,"item_purchase_floors":[14,14,22,22,31,31,41,48],"current_hp_per_floor":[80,85,82,82,71,71,35,35,35,15,15,18,24,24,24,19,85,79,73,73,76,76,77,71,59,59,41,41,41,47,47,47,37,85,84,84,85,74,67,42,42,35,35,41,41,41,40,40,65,0],"gold":114,"neow_bonus":"THREE_CARDS","is_prod":false,"is_daily":false,"chose_seed":false,"campfire_upgraded":7,"win_rate":0,"timestamp":1539425628,"path_taken":["M","?","M","M","M","R","E","R","T","E","?","E","?","$","R","BOSS","M","M","?","M","$","E","M","E","T","M","?","R","E","$","R","BOSS","M","?","?","M","M","E","$","E","T","?","R","R","E","$","R","BOSS"],"build_version":"2018-10-11","purchased_purges":0,"victory":false,"max_hp_per_floor":[80,85,85,85,85,85,85,85,85,85,85,85,85,85,85,85,85,85,85,85,85,85,85,85,85,85,85,85,85,85,85,85,85,85,85,85,85,85,85,85,85,85,85,85,85,85,85,85,85,85],"card_choices":[{"not_picked":["Iron Wave","Twin Strike"],"picked":"Burning Pact","floor":0},{"not_picked":["Havoc","Twin Strike"],"picked":"Anger","floor":1},{"not_picked":["Burning Pact","Body Slam"],"picked":"Spot Weakness","floor":3},{"not_picked":["Flex","Havoc"],"picked":"Wild Strike","floor":4},{"not_picked":["Hemokinesis","Searing Blow"],"picked":"Rage","floor":5},{"not_picked":["Heavy Blade","Fire Breathing"],"picked":"Flex","floor":7},{"not_picked":["Flex","Infernal Blade"],"picked":"Immolate","floor":10},{"not_picked":["Evolve","Perfected Strike"],"picked":"Immolate","floor":12},{"not_picked":["Evolve","Armaments"],"picked":"Battle Trance","floor":13},{"not_picked":["Limit Break","Feed"],"picked":"Fiend Fire","floor":16},{"not_picked":["Sword Boomerang","Inflame"],"picked":"Feel No Pain","floor":18},{"not_picked":["Twin Strike","Reckless Charge+1"],"picked":"Rampage","floor":19},{"not_picked":["Thunderclap","Iron Wave"],"picked":"Headbutt","floor":21},{"not_picked":["Heavy Blade","Feel No Pain"],"picked":"Thunderclap","floor":23},{"not_picked":["Havoc","Thunderclap+1"],"picked":"Inflame","floor":24},{"not_picked":["Clash","Armaments"],"picked":"Bludgeon","floor":25},{"not_picked":["Spot Weakness","Headbutt"],"picked":"Battle Trance+1","floor":27},{"not_picked":["Heavy Blade","Havoc"],"picked":"Infernal Blade","floor":30},{"not_picked":["Impervious","Dark Embrace"],"picked":"Limit Break","floor":33},{"not_picked":["Disarm","Power Through+1"],"picked":"Intimidate+1","floor":35},{"not_picked":["Battle Trance","Armaments"],"picked":"Clothesline","floor":37},{"not_picked":["Second Wind","Havoc"],"picked":"Flex","floor":38},{"not_picked":["Sever Soul","Clash","Perfected Strike+1"],"picked":"SKIP","floor":39},{"not_picked":["Intimidate+1","Corruption"],"picked":"Armaments+1","floor":40},{"not_picked":["Sword Boomerang","Body Slam+1"],"picked":"Sentinel","floor":42},{"not_picked":["Clash","Havoc+1"],"picked":"Bludgeon","floor":44},{"not_picked":["Sentinel","Twin Strike+1"],"picked":"Demon Form","floor":47}],"player_experience":238078,"relics_obtained":[{"floor":7,"key":"StoneCalendar"},{"floor":9,"key":"Matryoshka"},{"floor":10,"key":"Boot"},{"floor":12,"key":"Bag of Marbles"},{"floor":23,"key":"Ancient Tea Set"},{"floor":25,"key":"Unceasing Top"},{"floor":26,"key":"Red Skull"},{"floor":26,"key":"Gremlin Horn"},{"floor":30,"key":"Orichalcum"},{"floor":40,"key":"Ice Cream"},{"floor":42,"key":"Ornamental Fan"},{"floor":43,"key":"Tiny Chest"},{"floor":43,"key":"Sundial"},{"floor":44,"key":"WingedGreaves"},{"floor":47,"key":"Pen Nib"}],"event_choices":[{"event_name":"Big Fish","player_choice":"Donut","floor":2,"damage_taken":0},{"event_name":"Dead Adventurer","player_choice":"Searched \u00271\u0027 times","floor":11,"damage_taken":0},{"event_name":"Drug Dealer","player_choice":"Got JAX","floor":20,"damage_taken":0},{"event_name":"The Library","player_choice":"Read","floor":28,"damage_taken":0},{"event_name":"Falling","player_choice":"Removed Attack","floor":36,"damage_taken":0},{"event_name":"Mysterious Sphere","player_choice":"Fight","floor":44,"damage_taken":0}],"is_beta":false,"boss_relics":[{"not_picked":["Empty Cage","Tiny House"],"picked":"Sozu"},{"not_picked":["Orrery","Runic Dome"],"picked":"Mark of Pain"}],"items_purged_floors":[],"is_endless":false,"potions_floor_spawned":[7,10,12,18,21,23,27,30,39,44,47],"killed_by":"Awakened One","ascension_level":3}