{"gold_per_floor":[115,129,129,129,28,28,53,3,50,64,90,90,90,104,104,179,179,198,217,217],"floor_reached":20,"playtime":910,"items_purged":["Strike_B"],"score":355,"play_id":"bb33113e-b401-47f4-95c6-1d13319422ac","local_time":"20190206104256","is_ascension_mode":true,"campfire_choices":[{"floor":6,"key":"REST"},{"floor":12,"key":"REST"},{"floor":15,"key":"RECALL"}],"neow_cost":"NONE","seed_source_timestamp":2417305251600,"circlet_count":0,"master_deck":["AscendersBane","Strike_B","Strike_B","Defend_B","Defend_B","Defend_B","Defend_B","Zap","Dualcast","Streamline","Cold Snap","Hologram","Creative AI","Sweeping Beam","Coolheaded","Blizzard","Consume","Electrodynamics","Reinforced Body","Capacitor"],"relics":["Fusion Hammer","Torii","Question Card","Bronze Scales","Ice Cream","Runic Pyramid"],"potions_floor_usage":[7,11,16,16],"damage_taken":[{"damage":1,"enemies":"Small Slimes","floor":1,"turns":3},{"damage":2,"enemies":"Jaw Worm","floor":2,"turns":3},{"damage":15,"enemies":"Lagavulin","floor":7,"turns":8},{"damage":0,"enemies":"Cultist","floor":10,"turns":3},{"damage":23,"enemies":"Gremlin Nob","floor":11,"turns":5},{"damage":3,"enemies":"Exordium Thugs","floor":14,"turns":6},{"damage":26,"enemies":"Slime Boss","floor":16,"turns":12},{"damage":36,"enemies":"2 Thieves","floor":18,"turns":4},{"damage":13,"enemies":"Shell Parasite","floor":19,"turns":9},{"damage":20,"enemies":"Centurion and Healer","floor":20,"turns":3}],"seed_played":"4340254435375515166","potions_obtained":[{"floor":2,"key":"SpeedPotion"},{"floor":7,"key":"Energy Potion"},{"floor":10,"key":"Poison Potion"},{"floor":14,"key":"EssenceOfSteel"}],"is_trial":false,"path_per_floor":["M","M","?","?","$","R","E","$","T","M","E","R","$","M","R","B",null,"M","M","M"],"character_chosen":"DEFECT","items_purchased":["Hologram","Sweeping Beam"],"campfire_rested":2,"item_purchase_floors":[5,8],"current_hp_per_floor":[63,61,56,49,49,70,55,55,55,55,32,53,53,50,50,24,59,23,10,0],"gold":217,"neow_bonus":"BOSS_RELIC","is_prod":false,"is_daily":false,"chose_seed":false,"campfire_upgraded":0,"win_rate":0,"timestamp":1549478576,"path_taken":["M","M","?","?","$","R","E","$","T","M","E","R","$","M","R","BOSS","M","M","M"],"build_version":"2019-01-23","purchased_purges":1,"victory":false,"max_hp_per_floor":[71,71,71,71,71,71,71,71,71,71,71,71,71,71,71,71,71,71,71,71],"card_choices":[{"not_picked":["Doom and Gloom","Auto Shields"],"picked":"Streamline","floor":1},{"not_picked":["Capacitor","Leap"],"picked":"Cold Snap","floor":2},{"not_picked":["Barrage","Steam"],"picked":"Creative AI","floor":7},{"not_picked":["Beam Cell","Capacitor","Sunder"],"picked":"Coolheaded","floor":10},{"not_picked":["Redo","Heatsinks","Leap"],"picked":"Blizzard","floor":11},{"not_picked":["Storm","Stack","Rebound"],"picked":"Consume","floor":14},{"not_picked":["Core Surge","Reboot","Buffer"],"picked":"Electrodynamics","floor":16},{"not_picked":["Coolheaded","Doom and Gloom","Force Field"],"picked":"Reinforced Body","floor":18},{"not_picked":["Heatsinks","Stack","Barrage"],"picked":"Capacitor","floor":19}],"player_experience":637596,"relics_obtained":[{"floor":7,"key":"Question Card"},{"floor":9,"key":"Bronze Scales"},{"floor":11,"key":"Ice Cream"}],"event_choices":[{"damage_healed":0,"gold_gain":0,"player_choice":"Success","damage_taken":5,"relics_obtained":["Torii"],"max_hp_gain":0,"max_hp_loss":0,"event_name":"Scrap Ooze","floor":3,"gold_loss":0},{"cards_removed":["Strike_B"],"damage_healed":0,"gold_gain":0,"player_choice":"Card Removal","damage_taken":7,"max_hp_gain":0,"max_hp_loss":0,"event_name":"Golden Wing","floor":4,"gold_loss":0}],"is_beta":false,"boss_relics":[{"not_picked":["Inserter","Runic Dome"],"picked":"Runic Pyramid"}],"items_purged_floors":[5],"is_endless":false,"potions_floor_spawned":[2,7,10,14],"killed_by":"Centurion and Healer","ascension_level":19}