{"gold_per_floor":[111,111,111,123,123,123,149,166,248,265,285,285,40,57,57,161,161,181,193,193,221,320,320,330,330,408,408,408,421,58,58,58,158,158,177,30,30,30,46,46,66,17,17,27,27,40,40,57,57,57],"floor_reached":50,"playtime":2500,"items_purged":["Strike_B"],"score":442,"play_id":"80549fbf-dbb5-49a0-a8df-b85bd867ec30","local_time":"20181213013204","is_ascension_mode":false,"campfire_choices":[{"data":"Defragment","floor":6,"key":"SMITH"},{"floor":12,"key":"REST"},{"floor":15,"key":"REST"},{"floor":23,"key":"REST"},{"floor":25,"key":"REST"},{"floor":27,"key":"REST"},{"data":"Capacitor","floor":32,"key":"SMITH"},{"data":"Stack","floor":40,"key":"SMITH"},{"floor":47,"key":"REST"},{"floor":49,"key":"REST"}],"neow_cost":"NONE","seed_source_timestamp":1132628338819359,"circlet_count":0,"master_deck":["Zap","Dualcast","Machine Learning+1","Redo","Defragment+1","Tempest","Ball Lightning","Amplify","Capacitor+1","Self Repair","Darkness+1","Rainbow","Redo+1","Barrage+1","Turbo+1","Stack","Double Energy","Barrage","Leap","Turbo","Sweeping Beam","Cold Snap","Ball Lightning","Stack+1","Rebound+1","Double Energy","Ball Lightning","Leap+1","Glacier+1"],"relics":["Cracked Core","Oddly Smooth Stone","Omamori","Blue Candle","Cursed Key","MutagenicStrength","Red Mask","Mercury Hourglass","Lee\u0027s Waffle","Pandora\u0027s Box","Lantern","Bottled Lightning"],"potions_floor_usage":[7,14,14,16,24,33,33,44,50,50],"damage_taken":[{"damage":4,"enemies":"Jaw Worm","floor":1,"turns":4},{"damage":0,"enemies":"2 Louse","floor":4,"turns":3},{"damage":21,"enemies":"Gremlin Nob","floor":7,"turns":4},{"damage":4,"enemies":"Small Slimes","floor":8,"turns":3},{"damage":8,"enemies":"Looter","floor":10,"turns":3},{"damage":13,"enemies":"Blue Slaver","floor":11,"turns":3},{"damage":0,"enemies":"2 Fungi Beasts","floor":14,"turns":2},{"damage":60,"enemies":"Hexaghost","floor":16,"turns":9},{"damage":28,"enemies":"2 Thieves","floor":18,"turns":4},{"damage":14,"enemies":"Spheric Guardian","floor":19,"turns":4},{"damage":25,"enemies":"Masked Bandits","floor":21,"turns":4},{"damage":28,"enemies":"Shelled Parasite and Fungi","floor":24,"turns":4},{"damage":17,"enemies":"Snake Plant","floor":29,"turns":3},{"damage":61,"enemies":"Collector","floor":33,"turns":8},{"damage":16,"enemies":"3 Darklings","floor":35,"turns":4},{"damage":39,"enemies":"Orb Walker","floor":39,"turns":5},{"damage":14,"enemies":"Spire Growth","floor":41,"turns":4},{"damage":25,"enemies":"4 Shapes","floor":44,"turns":5},{"damage":20,"enemies":"3 Darklings","floor":46,"turns":4},{"damage":20,"enemies":"Jaw Worm Horde","floor":48,"turns":4},{"damage":76,"enemies":"Time Eater","floor":50,"turns":7}],"seed_played":"-1835777987042156877","potions_obtained":[{"floor":4,"key":"Fire Potion"},{"floor":7,"key":"Energy Potion"},{"floor":11,"key":"Swift Potion"},{"floor":21,"key":"FocusPotion"},{"floor":24,"key":"AttackPotion"},{"floor":29,"key":"AttackPotion"},{"floor":35,"key":"EssenceOfSteel"},{"floor":39,"key":"SteroidPotion"},{"floor":48,"key":"SpeedPotion"}],"is_trial":false,"path_per_floor":["M","?","?","M","?","R","E","M","T","M","M","R","$","M","R","B",null,"M","M","?","?","?","R","M","R","T","R","?","M","$","?","R","B",null,"M","$","?","?","M","R","M","$","T","M","T","M","R","M","R","B"],"character_chosen":"DEFECT","items_purchased":["Self Repair","Darkness","Fruit Juice","Lee\u0027s Waffle","Double Energy","Lantern","Ball Lightning"],"campfire_rested":7,"item_purchase_floors":[13,13,13,30,30,36,42],"current_hp_per_floor":[71,71,64,64,49,49,28,24,24,16,3,25,25,37,61,1,80,59,52,52,27,27,51,30,54,54,78,78,68,87,87,87,33,87,78,78,78,78,53,53,46,46,46,35,35,29,53,40,64,0],"gold":57,"neow_bonus":"ONE_RANDOM_RARE_CARD","is_prod":false,"is_daily":false,"chose_seed":false,"campfire_upgraded":3,"win_rate":0.0,"timestamp":1544682724,"path_taken":["M","?","?","M","?","R","E","M","T","M","M","R","$","M","R","BOSS","M","M","?","?","?","R","M","R","T","R","?","?","$","?","R","BOSS","M","$","?","?","M","R","M","?","T","M","?","?","R","M","R","BOSS"],"build_version":"2018-12-06","purchased_purges":1,"victory":false,"max_hp_per_floor":[75,75,75,75,75,75,75,75,75,75,75,75,75,80,80,80,80,80,80,80,80,80,80,80,80,80,80,80,80,87,87,87,87,87,87,87,83,83,83,83,83,83,83,83,83,83,83,83,83,83],"card_choices":[{"not_picked":["Compile Driver","Barrage"],"picked":"Redo","floor":1},{"not_picked":["Hologram","Streamline"],"picked":"Defragment","floor":4},{"not_picked":["Capacitor","Gash"],"picked":"Tempest","floor":7},{"not_picked":["Conserve Battery","Sweeping Beam"],"picked":"Ball Lightning","floor":8},{"not_picked":["Blizzard","Gash"],"picked":"Amplify","floor":10},{"not_picked":["Sweeping Beam","Go for the Eyes"],"picked":"Capacitor","floor":11},{"not_picked":["Lockon","Scrape","Gash"],"picked":"SKIP","floor":14},{"not_picked":["Biased Cognition","Meteor Strike"],"picked":"Rainbow","floor":16},{"not_picked":["Barrage","Coolheaded"],"picked":"Redo+1","floor":18},{"not_picked":["Coolheaded","Rebound"],"picked":"Barrage+1","floor":19},{"not_picked":["Melter","Hologram+1"],"picked":"Turbo+1","floor":21},{"not_picked":["Tempest+1","Barrage"],"picked":"Stack","floor":24},{"not_picked":["Fission","Hologram","Coolheaded"],"picked":"SKIP","floor":29},{"not_picked":["Lockon","Hello World"],"picked":"Rebound+1","floor":35},{"not_picked":["Barrage","Genetic Algorithm"],"picked":"Double Energy","floor":39},{"not_picked":["Gash","Turbo","Hologram+1"],"picked":"SKIP","floor":41},{"not_picked":["Hologram+1","Cold Snap"],"picked":"Leap+1","floor":44},{"not_picked":["Ball Lightning","Seek","Stack+1"],"picked":"SKIP","floor":46},{"not_picked":["Streamline+1","Barrage"],"picked":"Glacier+1","floor":48}],"player_experience":275373,"relics_obtained":[{"floor":7,"key":"Omamori"},{"floor":9,"key":"Blue Candle"},{"floor":21,"key":"Red Mask"},{"floor":26,"key":"Mercury Hourglass"},{"floor":43,"key":"Bottled Lightning"}],"event_choices":[{"damage_healed":0,"gold_gain":0,"player_choice":"Ignored","damage_taken":0,"max_hp_gain":0,"max_hp_loss":0,"event_name":"Liars Game","floor":2,"gold_loss":0},{"damage_healed":0,"gold_gain":0,"player_choice":"Success","damage_taken":7,"relics_obtained":["Oddly Smooth Stone"],"max_hp_gain":0,"max_hp_loss":0,"event_name":"Scrap Ooze","floor":3,"gold_loss":0},{"damage_healed":0,"gold_gain":0,"player_choice":"Entered Light","damage_taken":15,"max_hp_gain":0,"max_hp_loss":0,"event_name":"Shining Light","floor":5,"gold_loss":0,"cards_upgraded":["Machine Learning","Strike_B"]},{"damage_healed":0,"gold_gain":0,"player_choice":"Inject Mutagens","damage_taken":0,"relics_obtained":["MutagenicStrength"],"max_hp_gain":0,"max_hp_loss":0,"event_name":"Drug Dealer","floor":20,"gold_loss":0},{"damage_healed":0,"gold_gain":0,"player_choice":"Fought Bandits","damage_taken":0,"max_hp_gain":0,"max_hp_loss":0,"event_name":"Masked Bandits","floor":21,"gold_loss":0},{"damage_healed":0,"gold_gain":99,"player_choice":"Stole From Cult","damage_taken":0,"max_hp_gain":0,"max_hp_loss":0,"event_name":"Nest","floor":22,"gold_loss":0},{"damage_healed":0,"gold_gain":0,"player_choice":"Forge","damage_taken":0,"max_hp_gain":0,"max_hp_loss":0,"event_name":"Accursed Blacksmith","floor":28,"gold_loss":0,"cards_upgraded":["Darkness"]},{"damage_healed":0,"gold_gain":0,"player_choice":"Ignored","damage_taken":0,"max_hp_gain":0,"max_hp_loss":0,"event_name":"NoteForYourself","floor":31,"gold_loss":0},{"damage_healed":0,"gold_gain":0,"player_choice":"Max HP","damage_taken":0,"max_hp_gain":0,"max_hp_loss":4,"event_name":"Winding Halls","floor":37,"gold_loss":0},{"damage_healed":0,"gold_gain":0,"player_choice":"Memory 1","damage_taken":0,"max_hp_gain":0,"max_hp_loss":0,"event_name":"SensoryStone","floor":38,"gold_loss":0}],"is_beta":false,"boss_relics":[{"not_picked":["Fusion Hammer","Eternal Feather"],"picked":"Cursed Key"},{"not_picked":["Astrolabe","Busted Crown"],"picked":"Pandora\u0027s Box"}],"items_purged_floors":[30],"is_endless":false,"potions_floor_spawned":[4,7,11,21,24,29,35,39,48],"killed_by":"Time Eater","ascension_level":0}