{"path_per_floor":["M","?","M","$","M","R","E","?","T","E","R","?","?","M","R","B",null,"M","M","$","M","M","E"],"character_chosen":"DEFECT","items_purchased":["Capacitor","Hologram","Orichalcum"],"gold_per_floor":[114,114,131,56,68,68,102,165,242,271,271,271,271,289,289,384,384,396,414,68,87,102,127,127],"floor_reached":24,"campfire_rested":0,"playtime":1133,"item_purchase_floors":[20,20,20],"current_hp_per_floor":[75,75,75,75,75,75,64,44,44,30,30,55,55,47,47,23,75,75,75,75,66,44,35,0],"items_purged":["Strike_B","Darkness"],"gold":127,"score":260,"play_id":"3b1e1e1f-e9ad-47e5-8d8c-9107ac9d63fc","local_time":"20180522183554","is_prod":false,"is_daily":false,"chose_seed":false,"is_ascension_mode":true,"campfire_upgraded":3,"timestamp":1526981754,"campfire_choices":[{"data":"Ball Lightning","floor":6,"key":"SMITH"},{"data":"Zap","floor":11,"key":"SMITH"},{"data":"Steam","floor":15,"key":"SMITH"}],"path_taken":["M","?","M","$","?","R","E","?","T","E","R","?","?","M","R","BOSS","M","M","$","M","M","E","M"],"build_version":"2018-05-21","seed_source_timestamp":483155665061578,"purchased_purges":2,"victory":false,"master_deck":["Zap+1","Dualcast+1","Ball Lightning+1","Cold Snap","Steam+1","Rebound","Turbo","Seek","Consume","Thunder Strike","Axe Kick","FTL","Barrage","Coolheaded","Darkness","Lockon","Self Repair+1","Capacitor","Hologram","Capacitor+1","Go for the Eyes","Electrodynamics"],"max_hp_per_floor":[75,75,75,75,75,75,75,75,75,75,75,75,75,75,75,75,75,75,75,75,75,75,75,75],"relics":["Cracked Core","NeowsBlessing","Juzu Bracelet","Question Card","Dodecahedron","Lantern","Pandora\u0027s Box","Orichalcum","Oddly Smooth Stone"],"card_choices":[{"not_picked":["BootSequence","Fusion"],"picked":"Ball Lightning","floor":1},{"not_picked":["Steam Power","FTL"],"picked":"Cold Snap","floor":3},{"not_picked":["Barrage","Aggregate"],"picked":"Steam","floor":5},{"not_picked":["Blizzard","Recycle"],"picked":"Rebound","floor":7},{"not_picked":["Hello World","Rebound"],"picked":"Turbo","floor":8},{"not_picked":["Rebound","Steam","Hologram"],"picked":"Seek","floor":10},{"not_picked":["Ball Lightning","Sweeping Beam","Reinforced Body"],"picked":"Consume","floor":14},{"not_picked":["Hyperbeam","Creative AI","All For One"],"picked":"Thunder Strike","floor":16},{"not_picked":["Rebound+1","Steam","Blizzard+1","Cold Snap"],"picked":"SKIP","floor":18},{"not_picked":["Go for the Eyes","Loop","Sweeping Beam+1"],"picked":"Self Repair+1","floor":19},{"not_picked":["Skim","Double Energy","Sweeping Beam"],"picked":"Capacitor+1","floor":21},{"not_picked":["Reprogram","Conserve Battery+1","Turbo"],"picked":"Go for the Eyes","floor":22},{"not_picked":["Loop","Capacitor","Reboot"],"picked":"Electrodynamics","floor":23}],"player_experience":498054,"potions_floor_usage":[10,22],"damage_taken":[{"damage":0,"enemies":"2 Louse","floor":1,"turns":1},{"damage":0,"enemies":"Cultist","floor":3,"turns":1},{"damage":0,"enemies":"Jaw Worm","floor":5,"turns":1},{"damage":11,"enemies":"3 Sentries","floor":7,"turns":6},{"damage":20,"enemies":"3 Sentries","floor":8,"turns":6},{"damage":14,"enemies":"Lagavulin","floor":10,"turns":5},{"damage":8,"enemies":"Gremlin Gang","floor":14,"turns":4},{"damage":24,"enemies":"Hexaghost","floor":16,"turns":10},{"damage":0,"enemies":"Spheric Guardian","floor":18,"turns":2},{"damage":0,"enemies":"Chosen","floor":19,"turns":3},{"damage":19,"enemies":"Sentry and Sphere","floor":21,"turns":4},{"damage":32,"enemies":"Slaver and Parasite","floor":22,"turns":6},{"damage":19,"enemies":"Book of Stabbing","floor":23,"turns":5},{"damage":37,"enemies":"Snake Plant","floor":24,"turns":4}],"relics_obtained":[{"floor":7,"key":"Juzu Bracelet"},{"floor":8,"key":"Question Card"},{"floor":9,"key":"Dodecahedron"},{"floor":10,"key":"Lantern"},{"floor":23,"key":"Oddly Smooth Stone"}],"event_choices":[{"event_name":"The Woman in Blue","player_choice":"Bought 0 Potions","floor":2,"damage_taken":0},{"event_name":"Dead Adventurer","player_choice":"Searched \u00272\u0027 times","floor":8,"damage_taken":0},{"event_name":"Big Fish","player_choice":"Banana","floor":12,"damage_taken":0},{"event_name":"Upgrade Shrine","player_choice":"Upgraded","floor":13,"damage_taken":0}],"boss_relics":[{"not_picked":["Runic Pyramid","Orrery"],"picked":"Pandora\u0027s Box"}],"items_purged_floors":[4,20],"potions_floor_spawned":[1,5,10,21],"seed_played":"-1695865069375485207","killed_by":"Snake Plant","ascension_level":3,"potions_obtained":[{"floor":1,"key":"SkillPotion"},{"floor":5,"key":"FocusPotion"},{"floor":10,"key":"GamblersBrew"},{"floor":21,"key":"SmokeBomb"}],"is_trial":false}