{"gold_per_floor":[116,134,146,96,108,108,122,122,122,137,169,169,15,49,49,154,154,164,89,89,89,107,107,140,40,93,93,109,109,143,157,157,257,257,277,293,293,293,308,308,319,319,371,381,393,0,12,23,23,23],"floor_reached":50,"playtime":3094,"items_purged":["Defend_B","Defend_B","Parasite"],"score":625,"play_id":"a56a8468-9429-42b7-a7dd-a34972bd96da","local_time":"20190307024324","is_ascension_mode":true,"campfire_choices":[{"data":"Zap","floor":6,"key":"SMITH"},{"data":"Go for the Eyes","floor":8,"key":"SMITH"},{"data":"Sunder","floor":12,"key":"SMITH"},{"data":"Consume","floor":15,"key":"SMITH"},{"data":"Dualcast","floor":23,"key":"SMITH"},{"data":"Capacitor","floor":29,"key":"SMITH"},{"data":"Leap","floor":32,"key":"SMITH"},{"data":"Biased Cognition","floor":40,"key":"SMITH"},{"floor":42,"key":"REST"},{"data":"Defragment","floor":49,"key":"SMITH"}],"neow_cost":"NONE","seed_source_timestamp":53615045014509,"circlet_count":0,"master_deck":["Zap+1","Dualcast+1","Ball Lightning+1","Barrage+1","Glacier","Go for the Eyes+1","Conserve Battery","Leap+1","Sunder+1","Consume+1","Electrodynamics","Melter+1","Capacitor+1","Tempest","Leap","Self Repair","Biased Cognition+1","Cold Snap+1","Steam+1","Glacier","Hologram+1","Capacitor","Defragment+1"],"relics":["Cracked Core","Sundial","Meat on the Bone","Bottled Lightning","Empty Cage","Whetstone","Art of War","Regal Pillow","Pandora\u0027s Box","Oddly Smooth Stone","Chemical X"],"potions_floor_usage":[14,16,18,30,30,31,45,50,50],"damage_taken":[{"damage":1,"enemies":"Cultist","floor":1,"turns":3},{"damage":2,"enemies":"Jaw Worm","floor":2,"turns":3},{"damage":5,"enemies":"Small Slimes","floor":3,"turns":3},{"damage":2,"enemies":"Exordium Wildlife","floor":5,"turns":5},{"damage":0,"enemies":"Large Slime","floor":7,"turns":5},{"damage":0,"enemies":"Looter","floor":10,"turns":2},{"damage":7,"enemies":"3 Sentries","floor":11,"turns":10},{"damage":0,"enemies":"Gremlin Nob","floor":14,"turns":3},{"damage":21,"enemies":"Slime Boss","floor":16,"turns":12},{"damage":9,"enemies":"3 Byrds","floor":18,"turns":4},{"damage":13,"enemies":"2 Thieves","floor":22,"turns":4},{"damage":31,"enemies":"Slavers","floor":24,"turns":3},{"damage":0,"enemies":"Sentry and Sphere","floor":28,"turns":2},{"damage":28,"enemies":"Gremlin Leader","floor":30,"turns":6},{"damage":1,"enemies":"Centurion and Healer","floor":31,"turns":4},{"damage":13,"enemies":"Champ","floor":33,"turns":11},{"damage":4,"enemies":"Orb Walker","floor":35,"turns":4},{"damage":20,"enemies":"3 Darklings","floor":36,"turns":3},{"damage":52,"enemies":"Transient","floor":39,"turns":5},{"damage":10,"enemies":"Writhing Mass","floor":41,"turns":9},{"damage":0,"enemies":"Maw","floor":44,"turns":8},{"damage":25,"enemies":"Transient","floor":45,"turns":5},{"damage":5,"enemies":"Spire Growth","floor":47,"turns":6},{"damage":1,"enemies":"3 Darklings","floor":48,"turns":5},{"damage":47,"enemies":"Time Eater","floor":50,"turns":4}],"seed_played":"-2598614438890303389","potions_obtained":[{"floor":3,"key":"SpeedPotion"},{"floor":10,"key":"SpeedPotion"},{"floor":14,"key":"Block Potion"},{"floor":22,"key":"Poison Potion"},{"floor":24,"key":"LiquidBronze"},{"floor":30,"key":"EssenceOfSteel"},{"floor":36,"key":"SpeedPotion"},{"floor":41,"key":"GamblersBrew"},{"floor":45,"key":"Fire Potion"},{"floor":47,"key":"SteroidPotion"}],"is_trial":false,"path_per_floor":["M","M","M","?","M","R","M","R","T","M","E","R","$","E","R","B",null,"M","?","$","?","M","R","E","$","T","?","M","R","E","M","R","B",null,"M","M","$","?","M","R","M","R","T","M","M","$","M","M","R","B"],"character_chosen":"DEFECT","items_purchased":["Consume","Defragment","Chemical X"],"campfire_rested":1,"item_purchase_floors":[13,46,46],"current_hp_per_floor":[74,72,67,67,65,65,65,65,65,65,58,58,58,58,58,49,75,66,66,66,66,53,53,34,34,34,34,46,46,30,41,41,47,75,75,55,55,55,15,15,24,60,60,67,42,42,44,43,43,0],"gold":23,"neow_bonus":"REMOVE_CARD","is_prod":false,"is_daily":false,"chose_seed":false,"campfire_upgraded":9,"win_rate":0,"timestamp":1551955404,"path_taken":["M","?","M","?","M","R","M","R","T","M","E","R","$","E","R","BOSS","M","?","$","?","M","R","E","?","T","?","M","R","E","M","R","BOSS","M","M","$","?","M","R","M","R","T","M","M","$","M","M","R","BOSS"],"build_version":"2019-01-23","purchased_purges":3,"victory":false,"max_hp_per_floor":[75,75,75,75,75,75,75,75,75,75,75,75,75,75,75,75,75,75,75,75,75,75,75,75,75,75,75,75,75,75,75,75,75,75,75,75,75,71,71,71,71,71,71,71,71,68,68,68,68,68],"card_choices":[{"not_picked":["Hologram","Loop"],"picked":"Ball Lightning","floor":1},{"not_picked":["Double Energy","Scrape"],"picked":"Barrage","floor":2},{"not_picked":["Barrage","Rainbow"],"picked":"Glacier","floor":3},{"not_picked":["Scrape","Turbo"],"picked":"Go for the Eyes","floor":5},{"not_picked":["Scrape","Reinforced Body"],"picked":"Conserve Battery","floor":7},{"not_picked":["Static Discharge","Redo"],"picked":"Leap","floor":10},{"not_picked":["Conserve Battery","Reprogram"],"picked":"Sunder","floor":11},{"not_picked":["BootSequence","Barrage","Rip and Tear"],"picked":"SKIP","floor":14},{"not_picked":["Fission","Machine Learning"],"picked":"Electrodynamics","floor":16},{"not_picked":["Conserve Battery","Coolheaded","Gash+1"],"picked":"SKIP","floor":18},{"not_picked":["Compile Driver","Steam"],"picked":"Melter+1","floor":22},{"not_picked":["White Noise","Electrodynamics"],"picked":"Capacitor","floor":24},{"not_picked":["Gash","Rebound"],"picked":"Tempest","floor":28},{"not_picked":["Leap","Doom and Gloom","Multi-Cast"],"picked":"SKIP","floor":30},{"not_picked":["Doom and Gloom","Multi-Cast"],"picked":"Leap","floor":30},{"not_picked":["Streamline","Gash"],"picked":"Self Repair","floor":31},{"not_picked":["Core Surge","Meteor Strike"],"picked":"Biased Cognition","floor":33},{"not_picked":["Steam","Compile Driver"],"picked":"Cold Snap+1","floor":35},{"not_picked":["Leap","Stack"],"picked":"Steam+1","floor":36},{"not_picked":["Ball Lightning+1","Conserve Battery"],"picked":"Glacier","floor":39},{"not_picked":["Turbo+1","Steam"],"picked":"Hologram+1","floor":41},{"not_picked":["Glacier+1","Steam+1","Conserve Battery"],"picked":"SKIP","floor":44},{"not_picked":["Sweeping Beam+1","Go for the Eyes"],"picked":"Capacitor","floor":45},{"not_picked":["Skim","Fusion","Lockon+1"],"picked":"SKIP","floor":47},{"not_picked":["Skim","Go for the Eyes+1","Ball Lightning"],"picked":"SKIP","floor":48}],"player_experience":334870,"relics_obtained":[{"floor":9,"key":"Sundial"},{"floor":11,"key":"Meat on the Bone"},{"floor":14,"key":"Bottled Lightning"},{"floor":24,"key":"Whetstone"},{"floor":26,"key":"Art of War"},{"floor":30,"key":"Regal Pillow"},{"floor":43,"key":"Oddly Smooth Stone"}],"event_choices":[{"cards_removed":["Strike_B"],"damage_healed":0,"gold_gain":0,"player_choice":"Card Removal","damage_taken":0,"max_hp_gain":0,"max_hp_loss":0,"event_name":"The Cleric","floor":4,"gold_loss":50},{"cards_removed":["Strike_B"],"damage_healed":0,"gold_gain":0,"player_choice":"Gave Gold","damage_taken":0,"max_hp_gain":0,"max_hp_loss":0,"event_name":"Beggar","floor":19,"gold_loss":75},{"cards_removed":["Defend_B"],"damage_healed":0,"gold_gain":0,"player_choice":"Elegance","damage_taken":0,"max_hp_gain":0,"max_hp_loss":0,"event_name":"Back to Basics","floor":21,"gold_loss":0},{"damage_healed":0,"gold_gain":0,"player_choice":"Ignored","damage_taken":0,"max_hp_gain":0,"max_hp_loss":0,"event_name":"Ghosts","floor":27,"gold_loss":0},{"damage_healed":0,"gold_gain":0,"player_choice":"Max HP","damage_taken":0,"max_hp_gain":0,"max_hp_loss":4,"event_name":"Winding Halls","floor":38,"gold_loss":0}],"is_beta":false,"boss_relics":[{"not_picked":["Runic Pyramid","Runic Dome"],"picked":"Empty Cage"},{"not_picked":["Fusion Hammer","Astrolabe"],"picked":"Pandora\u0027s Box"}],"items_purged_floors":[13,25,46],"is_endless":false,"potions_floor_spawned":[3,10,14,22,24,30,36,41,45,47],"killed_by":"Time Eater","ascension_level":4}