{"path_per_floor":["M","?","?","M","M","R","?","E","T","$","R","E","M","M","R","B",null,"M","$","M","?","$","R","M"],"character_chosen":"DEFECT","items_purchased":["Shuriken","Gash","Capacitor","Cold Snap","BootSequence"],"gold_per_floor":[119,119,219,237,254,254,204,236,289,28,28,61,74,91,91,189,189,209,59,69,69,34,34,53,53],"floor_reached":25,"campfire_rested":0,"playtime":1175,"item_purchase_floors":[10,19,19,19,22],"current_hp_per_floor":[74,67,67,67,67,67,67,45,45,45,45,31,31,33,33,26,72,48,48,46,46,46,46,2,0],"items_purged":[],"gold":53,"score":285,"play_id":"3d04eba2-1354-4d70-a277-0a4a5d48d062","local_time":"20180525214830","is_prod":false,"is_daily":false,"chose_seed":false,"is_ascension_mode":true,"campfire_upgraded":4,"win_rate":0,"timestamp":1527277710,"campfire_choices":[{"data":"Zap","floor":6,"key":"SMITH"},{"data":"Dualcast","floor":11,"key":"SMITH"},{"data":"Coolheaded","floor":15,"key":"SMITH"},{"data":"Gash","floor":23,"key":"SMITH"}],"path_taken":["M","?","?","M","M","R","?","E","T","$","R","E","?","M","R","BOSS","M","$","M","?","$","R","M","E"],"build_version":"2018-05-24","seed_source_timestamp":228574009046796,"purchased_purges":0,"victory":false,"master_deck":["Strike_B","Strike_B","Strike_B","Defend_B","Defend_B","Defend_B","Defend_B","Zap+1","Dualcast+1","Coolheaded+1","Ball Lightning","Sunder","Glacier","Skim","Turbo","Seek","Go for the Eyes","Scrape","Go for the Eyes","Streamline","All For One","Gash","Capacitor","Cold Snap","Leap","Gash+1","BootSequence","Cold Snap+1"],"max_hp_per_floor":[82,82,82,82,82,82,82,82,82,82,82,82,82,84,84,84,86,86,86,86,86,86,86,86,86],"relics":["Cracked Core","Vajra","Ornamental Fan","Singing Bowl","Shuriken","Blue Candle","Orrery"],"card_choices":[{"not_picked":["Redo","Steam"],"picked":"Coolheaded","floor":1},{"not_picked":["Steam Power","Static Discharge"],"picked":"Ball Lightning","floor":4},{"not_picked":["Streamline","Steam"],"picked":"Sunder","floor":5},{"not_picked":["Turbo","Rip and Tear"],"picked":"Glacier","floor":8},{"not_picked":["Echo Form","Lockon"],"picked":"Skim","floor":12},{"not_picked":["Cold Snap","Streamline"],"picked":"Turbo","floor":13},{"not_picked":["Streamline","Darkness","Hologram"],"picked":"Singing Bowl","floor":14},{"not_picked":["Thunder Strike","Reboot"],"picked":"Seek","floor":16},{"not_picked":["Cold Snap","Barrage"],"picked":"Go for the Eyes","floor":17},{"not_picked":["Stack","Sweeping Beam"],"picked":"Scrape","floor":17},{"not_picked":["Coolheaded","Sweeping Beam","Force Field"],"picked":"Singing Bowl","floor":17},{"not_picked":["Redo","Sunder"],"picked":"Go for the Eyes","floor":17},{"not_picked":["Defragment","White Noise"],"picked":"Streamline","floor":17},{"not_picked":["Steam+1","Beam Cell+1"],"picked":"All For One","floor":18},{"not_picked":["Heatsinks+1","Recycle"],"picked":"Leap","floor":20},{"not_picked":["Go for the Eyes","Hologram"],"picked":"Cold Snap+1","floor":24}],"player_experience":564567,"potions_floor_usage":[16,24,25],"damage_taken":[{"damage":1,"enemies":"2 Louse","floor":1,"turns":2},{"damage":0,"enemies":"Small Slimes","floor":4,"turns":2},{"damage":0,"enemies":"Cultist","floor":5,"turns":3},{"damage":22,"enemies":"Lagavulin","floor":8,"turns":8},{"damage":14,"enemies":"Gremlin Nob","floor":12,"turns":3},{"damage":0,"enemies":"3 Louse","floor":13,"turns":3},{"damage":0,"enemies":"2 Fungi Beasts","floor":14,"turns":2},{"damage":7,"enemies":"The Guardian","floor":16,"turns":11},{"damage":24,"enemies":"2 Thieves","floor":18,"turns":4},{"damage":2,"enemies":"Shell Parasite","floor":20,"turns":4},{"damage":44,"enemies":"Cultist and Chosen","floor":24,"turns":9},{"damage":20,"enemies":"Slavers","floor":25,"turns":1}],"relics_obtained":[{"floor":8,"key":"Ornamental Fan"},{"floor":9,"key":"Singing Bowl"},{"floor":12,"key":"Blue Candle"}],"event_choices":[{"event_name":"Scrap Ooze","player_choice":"success","floor":2,"damage_taken":7},{"event_name":"Golden Shrine","player_choice":"Pray","floor":3,"damage_taken":0},{"event_name":"The Cleric","player_choice":"Card Removal","floor":7,"damage_taken":0},{"event_name":"The Library","player_choice":"Read","floor":21,"damage_taken":0}],"boss_relics":[{"not_picked":["Calling Bell","Lizard Tail"],"picked":"Orrery"}],"items_purged_floors":[],"potions_floor_spawned":[4,8,14,24],"seed_played":"7302503227584787306","killed_by":"Slavers","ascension_level":7,"potions_obtained":[{"floor":4,"key":"FocusPotion"},{"floor":8,"key":"FocusPotion"},{"floor":14,"key":"AttackPotion"},{"floor":24,"key":"FairyPotion"}],"is_trial":false}