{"path_per_floor":["M","M","M","$","M","R","?","M","T","R","M","R","M","$","R","B",null,"M","?","?","M","?","R","E","R","T","M","M","R","$","M","R","B",null,"M","?","?","M","M","R","M","R","T","?","M","$","M","?","R"],"character_chosen":"IRONCLAD","items_purchased":["Finesse","Sword Boomerang","Bag of Preparation","Explosive Potion"],"gold_per_floor":[111,126,144,3,21,21,21,36,87,87,107,107,125,50,50,145,145,157,157,157,172,172,172,206,206,206,217,234,234,89,101,101,198,198,216,216,0,16,26,26,37,37,37,37,51,2,21,21,21],"floor_reached":50,"campfire_rested":6,"playtime":3377,"current_hp_per_floor":[73,78,76,76,44,44,37,28,28,28,15,39,45,45,69,55,80,64,64,64,57,42,67,58,58,58,55,50,50,50,42,67,12,85,62,62,62,55,49,74,76,76,76,76,61,61,38,28,53],"items_purged":["Strike_R"],"gold":21,"play_id":"58927d44-edf0-42df-bfaa-76a975b64281","is_prod":false,"is_daily":false,"is_ascension_mode":false,"campfire_upgraded":5,"path_taken":["M","M","M","?","M","R","?","M","T","R","M","R","M","$","R","BOSS","M","?","?","M","?","R","E","R","T","?","M","R","$","M","R","BOSS","M","?","?","M","M","R","M","R","T","?","?","?","?","?","R","BOSS"],"build_version":"2018-01-25-PROD3","purchased_purges":2,"victory":false,"master_deck":["Strike_R","Strike_R","Strike_R","Strike_R","Defend_R","Defend_R","Defend_R","Defend_R","Bash","Seeing Red+1","Demon Form+1","Finesse","Sword Boomerang","Shrug It Off","Pommel Strike+1","Pummel","Offering","Battle Trance","Cleave+1","Whirlwind+1","Heavy Blade+1","Limit Break+1","Headbutt+1","Warcry+1","Inflame+1","Decay","Intimidate+1","Madness","Madness"],"max_hp_per_floor":[80,80,80,80,80,80,80,80,80,80,80,80,80,80,80,80,80,80,80,80,80,85,85,85,85,85,85,85,85,85,85,85,85,85,85,85,85,85,85,85,85,85,85,85,85,85,85,85,85],"relics":["Burning Blood","Ancient Tea Set","Question Card","Frozen Eye","Vajra","Ginger","Bag of Preparation","Sozu","Red Mask","Girya"],"card_choices":[{"not_picked":["Anger","Sword Boomerang"],"picked":"Seeing Red"},{"not_picked":["Thunderclap","Heavy Blade"],"picked":"Demon Form"},{"not_picked":["Clothesline","Warcry"],"picked":"Shrug It Off"},{"not_picked":["Corruption","Shrug It Off"],"picked":"Pommel Strike"},{"not_picked":["Clash","Corruption"],"picked":"Thunderclap"},{"not_picked":["Pommel Strike","Iron Wave"],"picked":"Pummel"},{"not_picked":["Demon Form","Bludgeon"],"picked":"Offering"},{"not_picked":["Body Slam","Perfected Strike","Thunderclap"],"picked":"Battle Trance"},{"not_picked":["Rampage","Battle Trance","Shrug It Off"],"picked":"Cleave"},{"not_picked":["Clash","Warcry","Thunderclap"],"picked":"Whirlwind"},{"not_picked":["Dropkick","Fire Breathing","True Grit"],"picked":"Heavy Blade"},{"not_picked":["Fiend Fire","Feed","Demon Form"],"picked":"Limit Break"},{"not_picked":["Searing Blow","Clothesline","Rage"],"picked":"Headbutt"},{"not_picked":["Twin Strike","Sword Boomerang","Feel No Pain"],"picked":"Warcry"},{"not_picked":["Body Slam","Iron Wave","Armaments"],"picked":"Inflame"},{"not_picked":["Flex","True Grit","Armaments"],"picked":"Intimidate"}],"player_experience":66040,"potions_floor_usage":[11,21,24,27,33,33],"damage_taken":[{"damage":13,"enemies":"Blue Slaver","floor":1,"turns":5},{"damage":1,"enemies":"Jaw Worm","floor":2,"turns":5},{"damage":8,"enemies":"Small Slimes","floor":3,"turns":4},{"damage":38,"enemies":"Exordium Thugs","floor":5,"turns":7},{"damage":15,"enemies":"Exordium Wildlife","floor":8,"turns":4},{"damage":19,"enemies":"Gremlin Gang","floor":11,"turns":6},{"damage":0,"enemies":"Large Slime","floor":13,"turns":4},{"damage":20,"enemies":"The Guardian","floor":16,"turns":6},{"damage":22,"enemies":"2 Thieves","floor":18,"turns":3},{"damage":13,"enemies":"3 Byrds","floor":21,"turns":5},{"damage":15,"enemies":"Gremlin Leader","floor":24,"turns":4},{"damage":9,"enemies":"Snake Plant","floor":27,"turns":2},{"damage":11,"enemies":"Centurion and Healer","floor":28,"turns":3},{"damage":14,"enemies":"Snecko","floor":31,"turns":3},{"damage":61,"enemies":"Champ","floor":33,"turns":7},{"damage":29,"enemies":"3 Darklings","floor":35,"turns":4},{"damage":13,"enemies":"3 Shapes","floor":38,"turns":6},{"damage":12,"enemies":"3 Darklings","floor":39,"turns":4},{"damage":4,"enemies":"Maw","floor":41,"turns":4},{"damage":21,"enemies":"4 Shapes","floor":45,"turns":1},{"damage":29,"enemies":"Sphere and 2 Shapes","floor":47,"turns":4},{"damage":60,"enemies":"Awakened One","floor":50,"turns":6}],"event_choices":[{"event_name":"Golden Wing","player_choice":"Card Removal","floor":7,"damage_taken":0},{"event_name":"Vampires","player_choice":"Ignored","floor":19,"damage_taken":0},{"event_name":"The Mausoleum","player_choice":"Yes","floor":20,"damage_taken":0},{"event_name":"Forgotten Altar","player_choice":"Shed Blood","floor":22,"damage_taken":0},{"event_name":"Tomb of Lord Red Mask","player_choice":"Paid","floor":37,"damage_taken":0},{"event_name":"Wheel of Change","player_choice":"Curse","floor":44,"damage_taken":0},{"event_name":"Winding Halls","player_choice":"Embrace Madness","floor":48,"damage_taken":0}],"boss_relics":[{"not_picked":["Eternal Feather","Tiny House"],"picked":"Question Card"},{"not_picked":["White Beast Statue","Runic Dome"],"picked":"Sozu"}],"potions_floor_spawned":[2,5,13,16,24,28,33,35,47],"seed_played":"-2981499935847229069","killed_by":"Awakened One","ascension_level":0,"is_trial":false}