{"path_per_floor":["M","M","$","M","M","R","E","R","T","?","E","?","R","M","R","B",null,"M","?","?","M","$"],"character_chosen":"THE_SILENT","items_purchased":["Slice","Vajra"],"gold_per_floor":[14,29,6,22,35,35,61,61,86,86,115,115,115,127,127,204,204,220,220,220,237,83,83],"floor_reached":23,"campfire_rested":0,"playtime":962,"current_hp_per_floor":[58,50,50,50,50,50,41,41,41,41,38,38,38,34,34,17,54,37,37,37,32,32,0],"items_purged":[],"gold":83,"score":373,"play_id":"7761169f-8422-40df-9b7d-8a1bf78fc11f","local_time":"20180425232315","is_prod":false,"is_daily":false,"chose_seed":false,"is_ascension_mode":true,"campfire_upgraded":4,"timestamp":1524691395,"path_taken":["M","M","?","M","M","R","E","R","T","?","E","?","R","M","R","BOSS","M","?","?","M","$","E"],"build_version":"2018-04-19","seed_source_timestamp":227797294312746,"purchased_purges":0,"victory":false,"master_deck":["Defend_G","Defend_G","Defend_G","Defend_G","Defend_G","Survivor","Neutralize+1","AscendersBane","Dash","Flying Knee","Slice","Caltrops+1","Quick Slash","Noxious Fumes+1","Dodge and Roll+1","Die Die Die","Cloak And Dagger","Noxious Fumes","Leg Sweep","Flying Knee","Cloak And Dagger","Bite","Bite","Bite","Bite","Bite","Malaise"],"max_hp_per_floor":[66,66,66,66,66,66,66,66,66,66,66,66,66,66,66,66,66,66,66,66,66,66,66],"relics":["Ring of the Snake","Calipers","Ancient Tea Set","Juzu Bracelet","Orrery","Vajra"],"card_choices":[{"not_picked":["Heel Hook","Bane"],"picked":"Dash","floor":1},{"not_picked":["PiercingWail","Acrobatics"],"picked":"Flying Knee","floor":2},{"not_picked":["Bane","Outmaneuver"],"picked":"Caltrops","floor":4},{"not_picked":["Backflip","Bane"],"picked":"Quick Slash","floor":5},{"not_picked":["Quick Slash","Footwork"],"picked":"Noxious Fumes","floor":7},{"not_picked":["Storm of Steel","Envenom"],"picked":"Die Die Die","floor":16},{"not_picked":["Bane","Calculated Gamble"],"picked":"Cloak And Dagger","floor":17},{"not_picked":["Acrobatics","Dodge and Roll"],"picked":"Noxious Fumes","floor":17},{"not_picked":["Flechettes","Slice"],"picked":"Leg Sweep","floor":17},{"not_picked":["Slice","Distraction"],"picked":"Flying Knee","floor":17},{"not_picked":["Flying Knee","Underhanded Strike"],"picked":"Cloak And Dagger","floor":18},{"not_picked":["Concentrate","Accuracy"],"picked":"Malaise","floor":21}],"player_experience":444576,"potions_floor_usage":[7,11,11,23],"damage_taken":[{"damage":1,"enemies":"Cultist","floor":1,"turns":6},{"damage":8,"enemies":"2 Louse","floor":2,"turns":4},{"damage":0,"enemies":"Small Slimes","floor":4,"turns":3},{"damage":0,"enemies":"Blue Slaver","floor":5,"turns":5},{"damage":9,"enemies":"3 Sentries","floor":7,"turns":6},{"damage":5,"enemies":"Lagavulin","floor":11,"turns":6},{"damage":6,"enemies":"3 Louse","floor":14,"turns":3},{"damage":19,"enemies":"The Guardian","floor":16,"turns":11},{"damage":19,"enemies":"Chosen","floor":18,"turns":7},{"damage":9,"enemies":"3 Byrds","floor":21,"turns":4},{"damage":46,"enemies":"Slavers","floor":23,"turns":2}],"event_choices":[{"event_name":"Golden Idol","player_choice":"Ignored","floor":10,"damage_taken":0},{"event_name":"Living Wall","player_choice":"Change","floor":12,"damage_taken":0},{"event_name":"The Mausoleum","player_choice":"No","floor":19,"damage_taken":0},{"event_name":"Vampires","player_choice":"Became a vampire (Vial)","floor":20,"damage_taken":0}],"boss_relics":[{"not_picked":["Ectoplasm","Runic Pyramid"],"picked":"Orrery"}],"potions_floor_spawned":[1,2,5,14,16,21],"seed_played":"-922127330109506763","killed_by":"Slavers","ascension_level":15,"is_trial":false}