{"gold_per_floor":[114,114,132,151,165,165,200,211,237,237,262,54,54,54,54,54],"floor_reached":16,"playtime":519,"items_purged":["Defend_R"],"score":220,"play_id":"4f2dab30-afd1-4fb1-be2d-e8496f4e3263","local_time":"20181115214420","is_ascension_mode":true,"campfire_choices":[{"data":"Bash","floor":6.0,"key":"SMITH"},{"data":"Flame Barrier","floor":10.0,"key":"SMITH"},{"data":"Metallicize","floor":13.0,"key":"SMITH"},{"floor":15.0,"key":"REST"}],"neow_cost":"NONE","seed_source_timestamp":138071618812603,"circlet_count":0,"master_deck":["AscendersBane","Strike_R","Strike_R","Strike_R","Strike_R","Defend_R","Defend_R","Defend_R","Bash+1","Brutality","Pummel","Wild Strike","Flame Barrier+1","Flame Barrier","Ghostly Armor","Metallicize+1","Shrug It Off"],"special_seed":0,"relics":["Burning Blood","Pen Nib","Bag of Preparation","Potion Belt"],"potions_floor_usage":[16,16],"damage_taken":[{"damage":5.0,"enemies":"Small Slimes","floor":1.0,"turns":4.0},{"damage":7.0,"enemies":"Cultist","floor":3.0,"turns":3.0},{"damage":7.0,"enemies":"2 Louse","floor":4.0,"turns":3.0},{"damage":10.0,"enemies":"Exordium Wildlife","floor":5.0,"turns":4.0},{"damage":9.0,"enemies":"Gremlin Nob","floor":7.0,"turns":3.0},{"damage":14.0,"enemies":"Blue Slaver","floor":8.0,"turns":4.0},{"damage":27.0,"enemies":"3 Sentries","floor":11.0,"turns":9.0},{"damage":55,"enemies":"Hexaghost","floor":16,"turns":11}],"seed_played":"5600634479197826833","potions_obtained":[{"floor":3.0,"key":"AttackPotion"},{"floor":5.0,"key":"Swift Potion"},{"floor":7.0,"key":"SneckoOil"},{"floor":11.0,"key":"SpeedPotion"}],"is_trial":false,"path_per_floor":["M","?","M","M","M","R","E","M","T","R","E","$","R","$","R","B"],"character_chosen":"IRONCLAD","items_purchased":["Metallicize","Shrug It Off"],"campfire_rested":1,"item_purchase_floors":[12,12],"current_hp_per_floor":[69,69,68,67,63,63,60,52,52,52,31,31,31,31,53,0],"gold":54,"neow_bonus":"ONE_RANDOM_RARE_CARD","is_prod":false,"is_daily":false,"chose_seed":false,"campfire_upgraded":3,"win_rate":0,"timestamp":1542347060,"path_taken":["M","?","?","M","M","R","E","M","T","R","E","$","R","$","R","BOSS"],"build_version":"2018-11-15","purchased_purges":1,"victory":false,"max_hp_per_floor":[75,75,75,75,75,75,75,75,75,75,75,75,75,75,75,75],"card_choices":[{"not_picked":["Body Slam","Anger"],"picked":"Pummel","floor":1.0},{"not_picked":["Intimidate","Havoc","Rage"],"picked":"SKIP","floor":3.0},{"not_picked":["Reckless Charge","Seeing Red","Intimidate"],"picked":"SKIP","floor":4.0},{"not_picked":["Pommel Strike","Havoc","Flex"],"picked":"SKIP","floor":5.0},{"not_picked":["Twin Strike","Rage"],"picked":"Flame Barrier","floor":7.0},{"not_picked":["Havoc","Twin Strike"],"picked":"Flame Barrier","floor":8.0},{"not_picked":["Rage","Limit Break"],"picked":"Ghostly Armor","floor":11.0}],"player_experience":644688,"relics_obtained":[{"floor":7.0,"key":"Pen Nib"},{"floor":9.0,"key":"Bag of Preparation"},{"floor":11.0,"key":"Potion Belt"}],"event_choices":[{"damage_healed":0.0,"max_hp_gain":0.0,"max_hp_loss":0.0,"gold_gain":0.0,"cards_transformed":["Strike_R"],"event_name":"Transmorgrifier","player_choice":"Transformed","floor":2.0,"gold_loss":0.0,"damage_taken":0.0,"cards_obtained":["Wild Strike"]}],"is_beta":false,"boss_relics":[],"items_purged_floors":[12],"is_endless":false,"potions_floor_spawned":[3,5,7,11],"killed_by":"Hexaghost","ascension_level":20}