{"gold_per_floor":[314,326,12,28,38,38,69,87,110,129,129,129,148,165,165,240,240,257,257,229,95,111,111,67,101,101,101],"floor_reached":27,"playtime":1108,"items_purged":["Strike_B"],"score":474,"play_id":"3adc764d-4ca7-482d-a0c0-abe050b756d8","local_time":"20190304035018","is_ascension_mode":true,"campfire_choices":[{"data":"Defragment","floor":6,"key":"SMITH"},{"data":"Zap","floor":12,"key":"SMITH"},{"data":"Loop","floor":15,"key":"SMITH"},{"floor":23,"key":"REST"}],"neow_cost":"NO_GOLD","seed_source_timestamp":2223885772527299,"circlet_count":0,"master_deck":["AscendersBane","Defend_B","Defend_B","Defend_B","Defend_B","Zap+1","Dualcast+1","Cold Snap","Steam","Defragment+1","Loop+1","Rainbow","Coolheaded","Tempest","Cold Snap","Seek","Conserve Battery+1","Steam Power+1","Rainbow+1","Force Field","Capacitor","Storm","Capacitor","Blizzard"],"relics":["Cracked Core","Old Coin","Thread and Needle","Bottled Tornado","Smiling Mask","Astrolabe","Anchor","Centennial Puzzle"],"potions_floor_usage":[5,10,13,22,22,27],"damage_taken":[{"damage":1,"enemies":"Cultist","floor":1,"turns":4},{"damage":4,"enemies":"2 Louse","floor":2,"turns":2},{"damage":1,"enemies":"Jaw Worm","floor":4,"turns":4},{"damage":9,"enemies":"Exordium Thugs","floor":5,"turns":5},{"damage":7,"enemies":"Lagavulin","floor":7,"turns":8},{"damage":0,"enemies":"Red Slaver","floor":8,"turns":4},{"damage":0,"enemies":"Lots of Slimes","floor":10,"turns":1},{"damage":10,"enemies":"Gremlin Gang","floor":13,"turns":5},{"damage":0,"enemies":"Red Slaver","floor":14,"turns":3},{"damage":25,"enemies":"The Guardian","floor":16,"turns":9},{"damage":7,"enemies":"Chosen","floor":18,"turns":6},{"damage":10,"enemies":"2 Thieves","floor":20,"turns":5},{"damage":21,"enemies":"Cultist and Chosen","floor":22,"turns":6},{"damage":16,"enemies":"Slavers","floor":25,"turns":9},{"damage":43,"enemies":"Gremlin Leader","floor":27,"turns":2}],"seed_played":"-6162099952894238639","potions_obtained":[{"floor":2,"key":"Swift Potion"},{"floor":4,"key":"FearPotion"},{"floor":5,"key":"AttackPotion"},{"floor":18,"key":"EssenceOfSteel"},{"floor":20,"key":"Poison Potion"},{"floor":25,"key":"Regen Potion"}],"is_trial":false,"path_per_floor":["M","M","$","M","M","R","E","M","T","M","?","R","M","M","R","B",null,"M","?","M","$","M","R","$","E","T","E"],"character_chosen":"DEFECT","items_purchased":["Thread and Needle","Capacitor","Capacitor"],"campfire_rested":1,"item_purchase_floors":[3,21,24],"current_hp_per_floor":[63,59,59,58,49,49,42,42,42,42,47,47,37,37,37,12,60,53,53,43,43,22,44,44,28,28,0],"gold":101,"neow_bonus":"ONE_RARE_RELIC","is_prod":false,"is_daily":false,"chose_seed":false,"campfire_upgraded":3,"win_rate":0,"timestamp":1551700218,"path_taken":["M","M","$","M","?","R","E","M","T","M","?","R","M","M","R","BOSS","M","?","M","$","M","R","?","E","T","E"],"build_version":"2019-01-23","purchased_purges":1,"victory":false,"max_hp_per_floor":[71,71,71,71,71,71,71,71,71,71,76,76,76,76,76,76,76,76,76,76,76,76,76,76,76,76,76],"card_choices":[{"not_picked":["Fusion","Turbo"],"picked":"Cold Snap","floor":1},{"not_picked":["Coolheaded","Redo"],"picked":"Steam","floor":2},{"not_picked":["Rebound","Force Field"],"picked":"Defragment","floor":4},{"not_picked":["Gash","Coolheaded"],"picked":"Loop","floor":5},{"not_picked":["Steam","Rebound"],"picked":"Rainbow","floor":7},{"not_picked":["Fusion","Sweeping Beam"],"picked":"Coolheaded","floor":8},{"not_picked":["Reprogram","Turbo"],"picked":"Tempest","floor":10},{"not_picked":["Coolheaded","Rip and Tear","Rebound"],"picked":"SKIP","floor":13},{"not_picked":["Stack","Steam"],"picked":"Cold Snap","floor":14},{"not_picked":["Multi-Cast","Hyperbeam"],"picked":"Seek","floor":16},{"not_picked":["Rebound","Beam Cell"],"picked":"Force Field","floor":18},{"not_picked":["Stack","Go for the Eyes","Scrape"],"picked":"SKIP","floor":20},{"not_picked":["Leap","Compile Driver"],"picked":"Storm","floor":22},{"not_picked":["Rainbow","Gash"],"picked":"Blizzard","floor":25}],"player_experience":781713,"relics_obtained":[{"floor":7,"key":"Bottled Tornado"},{"floor":9,"key":"Smiling Mask"},{"floor":25,"key":"Anchor"},{"floor":26,"key":"Centennial Puzzle"}],"event_choices":[{"damage_healed":0,"gold_gain":0,"player_choice":"Donut","damage_taken":0,"max_hp_gain":5,"max_hp_loss":0,"event_name":"Big Fish","floor":11,"gold_loss":0},{"damage_healed":0,"gold_gain":0,"player_choice":"Upgraded","damage_taken":0,"max_hp_gain":0,"max_hp_loss":0,"event_name":"Upgrade Shrine","floor":19,"gold_loss":0,"cards_upgraded":["Dualcast"]}],"is_beta":false,"boss_relics":[{"not_picked":["Lizard Tail","Busted Crown"],"picked":"Astrolabe"}],"items_purged_floors":[21],"is_endless":false,"potions_floor_spawned":[2,4,5,18,20,25],"killed_by":"Gremlin Leader","ascension_level":20}