{"gold_per_floor":[112,122,122,134,146,158,200,222,286,313,345,282,294,326,338,427,439,469,70,70,83,83],"floor_reached":22,"playtime":725,"items_purged":["Strike_B"],"score":401,"play_id":"59364bc5-af55-4339-9fcf-e8b3e3e8b50d","local_time":"20190125202659","is_ascension_mode":true,"campfire_choices":[{"data":"Zap","floor":6,"key":"SMITH"},{"data":"Sunder","floor":15,"key":"SMITH"}],"neow_cost":"NONE","seed_source_timestamp":1310619682103000,"circlet_count":0,"master_deck":["AscendersBane","Strike_B","Defend_B","Defend_B+1","Defend_B","Defend_B+1","Zap+1","Dualcast","Go for the Eyes","Sunder+1","Ball Lightning","Cold Snap","Conserve Battery","Fission","Steam","Creative AI","Consume","Defragment"],"relics":["Cracked Core","NeowsBlessing","MawBank","Shuriken","War Paint","Sozu","Membership Card","DataDisk","Pen Nib"],"potions_floor_usage":[16,16],"damage_taken":[{"damage":0,"enemies":"Jaw Worm","floor":1,"turns":1},{"damage":0,"enemies":"Small Slimes","floor":2,"turns":1},{"damage":0,"enemies":"Lagavulin","floor":7,"turns":1},{"damage":2,"enemies":"2 Louse","floor":8,"turns":2},{"damage":8,"enemies":"Blue Slaver","floor":10,"turns":2},{"damage":0,"enemies":"Gremlin Gang","floor":11,"turns":3},{"damage":5,"enemies":"Exordium Wildlife","floor":14,"turns":5},{"damage":22,"enemies":"Slime Boss","floor":16,"turns":8},{"damage":10,"enemies":"2 Thieves","floor":18,"turns":4},{"damage":21,"enemies":"Shell Parasite","floor":21,"turns":6},{"damage":44,"enemies":"Cultist and Chosen","floor":22,"turns":4}],"seed_played":"4612542280340840819","potions_obtained":[{"floor":7,"key":"EssenceOfSteel"},{"floor":8,"key":"LiquidBronze"},{"floor":11,"key":"SneckoOil"}],"is_trial":false,"path_per_floor":["M","M","?","?","$","R","E","M","T","M","M","?","?","M","R","B",null,"M","$","?","M","M"],"character_chosen":"DEFECT","items_purchased":["Membership Card","DataDisk","Pen Nib"],"campfire_rested":0,"item_purchase_floors":[19,19,19],"current_hp_per_floor":[64,64,46,39,39,39,39,37,37,29,29,29,29,24,24,2,54,44,44,58,37,0],"gold":83,"neow_bonus":"THREE_ENEMY_KILL","is_prod":false,"is_daily":false,"chose_seed":false,"campfire_upgraded":2,"win_rate":0,"timestamp":1548476819,"path_taken":["M","M","?","?","$","R","E","M","T","M","M","?","?","M","R","BOSS","M","$","?","M","M"],"build_version":"2019-01-23","purchased_purges":1,"victory":false,"max_hp_per_floor":[71,71,71,71,71,71,71,71,71,71,71,71,71,71,71,71,71,71,71,71,71,71],"card_choices":[{"not_picked":["Melter","Leap"],"picked":"Go for the Eyes","floor":1},{"not_picked":["Undo","Turbo"],"picked":"Sunder","floor":2},{"not_picked":["Self Repair","Sweeping Beam"],"picked":"Ball Lightning","floor":7},{"not_picked":["Steam","Coolheaded"],"picked":"Cold Snap","floor":8},{"not_picked":["Go for the Eyes","Heatsinks"],"picked":"Conserve Battery","floor":10},{"not_picked":["Redo","Compile Driver"],"picked":"Fission","floor":11},{"not_picked":["Sweeping Beam","Rebound"],"picked":"Steam","floor":14},{"not_picked":["Seek","Reboot"],"picked":"Creative AI","floor":16},{"not_picked":["Tempest","Steam Power"],"picked":"Consume","floor":18},{"not_picked":["Steam Power+1","Auto Shields"],"picked":"Defragment","floor":21}],"player_experience":584817,"relics_obtained":[{"floor":7,"key":"Shuriken"},{"floor":9,"key":"War Paint"}],"event_choices":[{"damage_healed":0,"gold_gain":0,"player_choice":"Success","damage_taken":18,"relics_obtained":["MawBank"],"max_hp_gain":0,"max_hp_loss":0,"event_name":"Scrap Ooze","floor":3,"gold_loss":0},{"cards_removed":["Strike_B"],"damage_healed":0,"gold_gain":0,"player_choice":"Card Removal","damage_taken":7,"max_hp_gain":0,"max_hp_loss":0,"event_name":"Golden Wing","floor":4,"gold_loss":0},{"cards_removed":["Strike_B"],"damage_healed":0,"gold_gain":0,"player_choice":"Card Removal","damage_taken":0,"max_hp_gain":0,"max_hp_loss":0,"event_name":"The Cleric","floor":12,"gold_loss":75},{"damage_healed":0,"gold_gain":0,"player_choice":"Ignored","damage_taken":0,"max_hp_gain":0,"max_hp_loss":0,"event_name":"Liars Game","floor":13,"gold_loss":0},{"damage_healed":14,"gold_gain":0,"player_choice":"Heal","damage_taken":0,"max_hp_gain":0,"max_hp_loss":0,"event_name":"The Library","floor":20,"gold_loss":0}],"is_beta":false,"boss_relics":[{"not_picked":["Cursed Key","Fusion Hammer"],"picked":"Sozu"}],"items_purged_floors":[19],"is_endless":false,"potions_floor_spawned":[7,8,10,11,18],"killed_by":"Cultist and Chosen","ascension_level":18}