{"gold_per_floor":[119,134,134,151,166,166,184,184,184,199,199,199,222,255,255,360,360,373,373,298,267,285,285,295,295,295,73,73,84,103,118,118,118],"floor_reached":33,"playtime":1719,"items_purged":["Strike_B"],"score":251,"play_id":"412117b5-f26c-49b3-8374-13179b5fc228","local_time":"20190304181210","is_ascension_mode":false,"campfire_choices":[{"data":"Echo Form","floor":6,"key":"SMITH"},{"floor":8,"key":"REST"},{"floor":11,"key":"REST"},{"data":"Beam Cell","floor":15,"key":"SMITH"},{"floor":23,"key":"REST"},{"floor":25,"key":"REST"},{"floor":32,"key":"REST"}],"neow_cost":"NONE","seed_source_timestamp":6755055999004113,"circlet_count":0,"master_deck":["Strike_B","Strike_B","Defend_B","Defend_B","Defend_B","Zap+1","Dualcast","Echo Form+1","Conserve Battery+1","Coolheaded+1","Glacier","Capacitor","BootSequence","Beam Cell+1","Creative AI","Leap","Loop+1"],"relics":["Cracked Core","Symbiotic Virus","Odd Mushroom","Pantograph","Velvet Choker","War Paint"],"potions_floor_usage":[14,14,33],"damage_taken":[{"damage":2,"enemies":"Small Slimes","floor":1,"turns":4},{"damage":11,"enemies":"Jaw Worm","floor":2,"turns":4},{"damage":1,"enemies":"2 Louse","floor":4,"turns":3},{"damage":10,"enemies":"Looter","floor":5,"turns":3},{"damage":7,"enemies":"Exordium Thugs","floor":7,"turns":7},{"damage":8,"enemies":"Large Slime","floor":10,"turns":6},{"damage":4,"enemies":"The Mushroom Lair","floor":13,"turns":6},{"damage":24,"enemies":"Gremlin Nob","floor":14,"turns":5},{"damage":21,"enemies":"Hexaghost","floor":16,"turns":11},{"damage":9,"enemies":"Shell Parasite","floor":18,"turns":7},{"damage":16,"enemies":"2 Thieves","floor":21,"turns":5},{"damage":40,"enemies":"Cultist and Chosen","floor":22,"turns":9},{"damage":10,"enemies":"Snecko","floor":24,"turns":6},{"damage":16,"enemies":"Snake Plant","floor":29,"turns":6},{"damage":5,"enemies":"Centurion and Healer","floor":30,"turns":9},{"damage":21,"enemies":"Sentry and Sphere","floor":31,"turns":6},{"damage":58,"enemies":"Collector","floor":33,"turns":6}],"seed_played":"-8349720687010905601","potions_obtained":[{"floor":2,"key":"Strength Potion"},{"floor":7,"key":"Ancient Potion"},{"floor":16,"key":"FearPotion"},{"floor":21,"key":"Poison Potion"},{"floor":24,"key":"SpeedPotion"}],"is_trial":false,"path_per_floor":["M","M","?","M","M","R","M","R","T","M","R","?","?","E","R","B",null,"M","?","?","M","M","R","M","R","T","$","?","M","M","M","R","B"],"character_chosen":"DEFECT","items_purchased":["War Paint"],"campfire_rested":5,"item_purchase_floors":[27],"current_hp_per_floor":[73,62,55,54,44,44,37,59,59,51,73,73,69,45,45,49,75,66,66,66,50,10,32,22,44,44,44,44,28,23,2,24,0],"gold":118,"neow_bonus":"ONE_RANDOM_RARE_CARD","is_prod":false,"is_daily":false,"chose_seed":false,"campfire_upgraded":2,"win_rate":0,"timestamp":1551741130,"path_taken":["M","M","?","M","M","R","M","R","T","M","R","?","?","E","R","BOSS","M","?","?","M","M","R","M","R","T","$","?","M","M","M","R","BOSS"],"build_version":"2019-01-23","purchased_purges":1,"victory":false,"max_hp_per_floor":[75,75,75,75,75,75,75,75,75,75,75,75,75,75,75,75,75,75,75,75,75,75,75,75,75,75,75,75,75,75,75,75,75],"card_choices":[{"not_picked":["Stack","Compile Driver"],"picked":"Conserve Battery","floor":1},{"not_picked":["Cold Snap","Compile Driver"],"picked":"Coolheaded","floor":2},{"not_picked":["Static Discharge","Auto Shields","Turbo"],"picked":"SKIP","floor":4},{"not_picked":["Force Field","Double Energy"],"picked":"Glacier","floor":5},{"not_picked":["Streamline","Self Repair"],"picked":"Capacitor","floor":7},{"not_picked":["Barrage","Hologram"],"picked":"BootSequence","floor":10},{"not_picked":["Undo","Aggregate"],"picked":"Beam Cell","floor":14},{"not_picked":["Electrodynamics","Biased Cognition"],"picked":"Creative AI","floor":16},{"not_picked":["Gash","Steam","Aggregate"],"picked":"SKIP","floor":18},{"not_picked":["White Noise+1","Sunder+1"],"picked":"Leap","floor":21},{"not_picked":["Gash","Turbo"],"picked":"Loop+1","floor":22},{"not_picked":["Force Field+1","Melter","Ball Lightning"],"picked":"SKIP","floor":24},{"not_picked":["Conserve Battery","Hello World","Stack"],"picked":"SKIP","floor":29},{"not_picked":["Hello World+1","Streamline","Barrage"],"picked":"SKIP","floor":30},{"not_picked":["Turbo+1","Genetic Algorithm+1","Stack"],"picked":"SKIP","floor":31}],"player_experience":98267,"relics_obtained":[{"floor":9,"key":"Symbiotic Virus"},{"floor":13,"key":"Odd Mushroom"},{"floor":14,"key":"Pantograph"}],"event_choices":[{"cards_removed":["Defend_B"],"damage_healed":0,"gold_gain":0,"player_choice":"Card Removal","damage_taken":7,"max_hp_gain":0,"max_hp_loss":0,"event_name":"Golden Wing","floor":3,"gold_loss":0},{"damage_healed":0,"gold_gain":0,"player_choice":"Grow","damage_taken":0,"max_hp_gain":0,"max_hp_loss":0,"event_name":"Living Wall","floor":12,"gold_loss":0,"cards_upgraded":["Zap"]},{"damage_healed":0,"gold_gain":0,"player_choice":"Fought Mushrooms","damage_taken":0,"max_hp_gain":0,"max_hp_loss":0,"event_name":"Mushrooms","floor":13,"gold_loss":0},{"cards_removed":["Strike_B"],"damage_healed":0,"gold_gain":0,"player_choice":"Gave Gold","damage_taken":0,"max_hp_gain":0,"max_hp_loss":0,"event_name":"Beggar","floor":20,"gold_loss":75},{"damage_healed":0,"gold_gain":0,"player_choice":"Ignored","damage_taken":0,"max_hp_gain":0,"max_hp_loss":0,"event_name":"Ghosts","floor":28,"gold_loss":0}],"is_beta":false,"boss_relics":[{"not_picked":["Snecko Eye","Busted Crown"],"picked":"Velvet Choker"}],"items_purged_floors":[27],"is_endless":false,"potions_floor_spawned":[2,7,16,21,24,29],"killed_by":"Collector","ascension_level":0}