{"gold_per_floor":[110,110,120,140,154,154,184,184,184,204,204,231,246,137,137,237,237,247,261,17,34,54,144,157,157,234,159,159,159,159,173,173,272,272,282,297,313,313,323,323,372,385,385,385,401,44,62,72,72,72],"floor_reached":50,"playtime":3146,"items_purged":["Strike_B","Strike_B","Defend_B"],"score":582,"play_id":"311d45c4-3b34-44ce-a6f6-542070847b93","local_time":"20190307134656","is_ascension_mode":true,"campfire_choices":[{"data":"Sunder","floor":6,"key":"SMITH"},{"data":"Zap","floor":8,"key":"SMITH"},{"data":"Consume","floor":11,"key":"SMITH"},{"data":"Defragment","floor":15,"key":"SMITH"},{"data":"Biased Cognition","floor":28,"key":"SMITH"},{"floor":30,"key":"REST"},{"data":"Echo Form","floor":32,"key":"SMITH"},{"data":"Dualcast","floor":40,"key":"SMITH"},{"floor":49,"key":"REST"}],"neow_cost":"NONE","seed_source_timestamp":3363036800224,"circlet_count":0,"master_deck":["Defend_B","Defend_B","Zap+1","Dualcast+1","Sunder+1","Cold Snap","Consume+1","Leap","Self Repair","Compile Driver","Leap","Defragment+1","Echo Form+1","Ball Lightning","Coolheaded","Biased Cognition+1","Skim","Go for the Eyes+1","Machine Learning","Loop+1","Conserve Battery+1","Tempest+1","Double Energy+1","Dark Shackles"],"relics":["Cracked Core","Blue Candle","Sundial","Mummified Hand","Nuclear Battery","Symbiotic Virus","Orrery","Lantern","Meat on the Bone","Nunchaku"],"potions_floor_usage":[7,7,12,16,16,16,21,33,39,39,39,50,50,50,50,50,50],"damage_taken":[{"damage":4,"enemies":"Jaw Worm","floor":1,"turns":4},{"damage":1,"enemies":"Cultist","floor":3,"turns":3},{"damage":0,"enemies":"2 Louse","floor":4,"turns":2},{"damage":8,"enemies":"Large Slime","floor":5,"turns":4},{"damage":12,"enemies":"Gremlin Nob","floor":7,"turns":3},{"damage":13,"enemies":"3 Louse","floor":10,"turns":2},{"damage":16,"enemies":"Lagavulin","floor":12,"turns":6},{"damage":0,"enemies":"2 Fungi Beasts","floor":13,"turns":2},{"damage":22,"enemies":"Slime Boss","floor":16,"turns":6},{"damage":13,"enemies":"Shell Parasite","floor":18,"turns":5},{"damage":11,"enemies":"Spheric Guardian","floor":19,"turns":3},{"damage":5,"enemies":"Snecko","floor":21,"turns":3},{"damage":24,"enemies":"Snake Plant","floor":22,"turns":3},{"damage":0,"enemies":"Centurion and Healer","floor":24,"turns":4},{"damage":1,"enemies":"3 Cultists","floor":31,"turns":4},{"damage":30,"enemies":"Champ","floor":33,"turns":9},{"damage":0,"enemies":"Orb Walker","floor":35,"turns":3},{"damage":27,"enemies":"3 Darklings","floor":36,"turns":6},{"damage":0,"enemies":"Maw","floor":37,"turns":4},{"damage":16,"enemies":"4 Shapes","floor":39,"turns":6},{"damage":42,"enemies":"3 Darklings","floor":42,"turns":6},{"damage":2,"enemies":"Sphere and 2 Shapes","floor":45,"turns":3},{"damage":16,"enemies":"Writhing Mass","floor":47,"turns":6},{"damage":12,"enemies":"Maw","floor":48,"turns":4},{"damage":67,"enemies":"Awakened One","floor":50,"turns":10}],"seed_played":"5117919658516543661","potions_obtained":[{"floor":1,"key":"Swift Potion"},{"floor":2,"key":"Explosive Potion"},{"floor":2,"key":"LiquidBronze"},{"floor":10,"key":"Strength Potion"},{"floor":12,"key":"Strength Potion"},{"floor":13,"key":"Regen Potion"},{"floor":19,"key":"SkillPotion"},{"floor":24,"key":"GamblersBrew"},{"floor":33,"key":"Poison Potion"},{"floor":35,"key":"LiquidBronze"},{"floor":36,"key":"LiquidBronze"},{"floor":39,"key":"Poison Potion"},{"floor":47,"key":"EntropicBrew"}],"is_trial":false,"path_per_floor":["M","?","M","M","M","R","E","R","T","M","R","E","M","$","R","B",null,"M","M","$","M","M","?","M","?","T","?","R","?","R","M","R","B",null,"M","M","M","?","M","R","T","M","T","?","M","$","M","M","R","B"],"character_chosen":"DEFECT","items_purchased":["Defragment","Biased Cognition","Energy Potion","Strength Potion","SteroidPotion","Dark Shackles"],"campfire_rested":2,"item_purchase_floors":[14,20,46,46,46,46],"current_hp_per_floor":[71,71,70,70,62,62,50,50,50,37,37,21,28,28,28,18,75,75,64,64,66,42,28,35,21,21,21,21,21,45,51,51,28,80,80,60,67,67,58,58,58,23,23,23,40,40,43,43,67,0],"gold":72,"neow_bonus":"REMOVE_CARD","is_prod":false,"is_daily":false,"chose_seed":false,"campfire_upgraded":7,"win_rate":0,"timestamp":1551995216,"path_taken":["M","?","M","M","?","R","E","R","T","M","R","E","?","$","R","BOSS","M","M","$","M","M","?","?","?","T","?","R","?","R","M","R","BOSS","M","M","M","?","M","R","?","?","T","?","?","$","M","M","R","BOSS"],"build_version":"2019-01-23","purchased_purges":3,"victory":false,"max_hp_per_floor":[75,75,75,75,75,75,75,75,75,75,75,75,75,75,75,75,75,75,75,75,75,75,75,75,80,80,80,80,80,80,80,80,80,80,80,80,80,80,80,80,80,80,80,80,80,80,80,80,80,80],"card_choices":[{"not_picked":["Fusion","Go for the Eyes"],"picked":"Sunder","floor":1},{"not_picked":["Stack","Compile Driver","Hyperbeam"],"picked":"SKIP","floor":3},{"not_picked":["Barrage","Go for the Eyes"],"picked":"Cold Snap","floor":4},{"not_picked":["Redo","Streamline"],"picked":"Consume","floor":5},{"not_picked":["Skim","Go for the Eyes"],"picked":"Leap","floor":7},{"not_picked":["Conserve Battery","Barrage"],"picked":"Self Repair","floor":10},{"not_picked":["Cold Snap","Rainbow"],"picked":"Compile Driver","floor":12},{"not_picked":["Cold Snap","Rebound"],"picked":"Leap","floor":13},{"not_picked":["Buffer","Rainbow"],"picked":"Echo Form","floor":16},{"not_picked":["Storm","Compile Driver"],"picked":"Ball Lightning","floor":18},{"not_picked":["Force Field","Gash"],"picked":"Coolheaded","floor":19},{"not_picked":["Rebound","Hello World"],"picked":"Skim","floor":21},{"not_picked":["Ball Lightning","Cold Snap"],"picked":"Go for the Eyes+1","floor":22},{"not_picked":["Streamline","Beam Cell"],"picked":"Machine Learning","floor":24},{"not_picked":["Turbo","Recycle+1","Lockon"],"picked":"SKIP","floor":31},{"not_picked":["Sweeping Beam+1","Storm"],"picked":"Loop+1","floor":35},{"not_picked":["Undo","Sunder+1"],"picked":"Conserve Battery+1","floor":36},{"not_picked":["Aggregate","Loop"],"picked":"Tempest+1","floor":37},{"not_picked":["Turbo","Gash+1","BootSequence+1"],"picked":"SKIP","floor":39},{"not_picked":["Compile Driver+1","Sunder","Barrage+1"],"picked":"SKIP","floor":42},{"not_picked":["Cold Snap","Coolheaded+1"],"picked":"Double Energy+1","floor":45},{"not_picked":["Hello World+1","Lockon","Skim"],"picked":"SKIP","floor":47},{"not_picked":["Rip and Tear+1","Streamline","Go for the Eyes"],"picked":"SKIP","floor":48}],"player_experience":338939,"relics_obtained":[{"floor":7,"key":"Blue Candle"},{"floor":9,"key":"Sundial"},{"floor":12,"key":"Mummified Hand"},{"floor":26,"key":"Symbiotic Virus"},{"floor":41,"key":"Lantern"},{"floor":43,"key":"Meat on the Bone"}],"event_choices":[{"damage_healed":0,"gold_gain":0,"player_choice":"Got Potions","damage_taken":0,"max_hp_gain":0,"max_hp_loss":0,"event_name":"Lab","floor":2,"gold_loss":0},{"damage_healed":0,"gold_gain":90,"player_choice":"GOLD ","damage_taken":14,"max_hp_gain":0,"max_hp_loss":0,"event_name":"Knowing Skull","floor":23,"potions_obtained":[],"gold_loss":0,"cards_obtained":[]},{"damage_healed":0,"gold_gain":0,"player_choice":"Shed Blood","damage_taken":19,"max_hp_gain":5,"max_hp_loss":0,"event_name":"Forgotten Altar","floor":25,"gold_loss":0},{"cards_removed":["Strike_B"],"damage_healed":0,"gold_gain":0,"player_choice":"Gave Gold","damage_taken":0,"max_hp_gain":0,"max_hp_loss":0,"event_name":"Beggar","floor":27,"gold_loss":75},{"damage_healed":0,"gold_gain":0,"player_choice":"Ignored","damage_taken":0,"max_hp_gain":0,"max_hp_loss":0,"event_name":"Ghosts","floor":29,"gold_loss":0},{"cards_removed":["Defend_B"],"damage_healed":0,"gold_gain":0,"player_choice":"Removed Skill","damage_taken":0,"max_hp_gain":0,"max_hp_loss":0,"event_name":"Falling","floor":38,"gold_loss":0},{"damage_healed":0,"gold_gain":0,"player_choice":"Gave Potion","damage_taken":0,"relics_obtained":["Nunchaku"],"max_hp_gain":0,"max_hp_loss":0,"event_name":"WeMeetAgain","floor":44,"gold_loss":0}],"is_beta":false,"boss_relics":[{"not_picked":["Lizard Tail","Empty Cage"],"picked":"Nuclear Battery"},{"not_picked":["Tiny House","Velvet Choker"],"picked":"Orrery"}],"items_purged_floors":[14,20,46],"is_endless":false,"potions_floor_spawned":[1,10,12,13,19,24,33,35,36,39,47],"killed_by":"Awakened One","ascension_level":4}