{"gold_per_floor":[119,119,44,64,74,74,108,108,160,60,77,77,97,111,111,211,211,229,229,55,55,71,396,407,407,407,433,452,463,478,478,478,579,579,591,591,608,661,39,39,0,0,0,10,10,30,56,71,71,71],"floor_reached":51,"playtime":2198,"items_purged":["Wild Strike","Headbutt","Evolve","Cleave"],"score":1069,"play_id":"9c8e4fa0-7232-46be-ac5b-8e11e5b9f2ca","local_time":"20180913024959","daily_mods":["Draft"],"is_ascension_mode":false,"campfire_choices":[{"data":"Body Slam","floor":6,"key":"SMITH"},{"data":"Flex","floor":8,"key":"SMITH"},{"data":"Flex","floor":15,"key":"SMITH"},{"data":"Clash","floor":25,"key":"SMITH"},{"data":"Rage","floor":32,"key":"SMITH"},{"data":"Pummel","floor":40,"key":"PURGE"},{"data":"Headbutt","floor":42,"key":"PURGE"},{"data":"Ghostly Armor","floor":45,"key":"PURGE"},{"data":"Body Slam","floor":49,"key":"SMITH"}],"neow_cost":"","seed_source_timestamp":0,"circlet_count":0,"master_deck":["Flex+1","Clash+1","Rage","Warcry","Flex+1","Warcry","Flex","Intimidate","Body Slam+1","Flex","Rage+1","Anger+1","Flex","Clash","Clash","Rage+1","Clash","Swift Strike","Good Instincts+1","Fire Breathing+1","Anger","Clash+1","Body Slam+1"],"relics":["Unceasing Top","Pen Nib","Frozen Egg 2","Omamori","Runic Dome","Old Coin","Toxic Egg 2","The Courier","Philosopher\u0027s Stone","Du-Vu Doll","Peace Pipe","Bottled Lightning","Regal Pillow"],"potions_floor_usage":[50],"damage_taken":[{"damage":0,"enemies":"2 Louse","floor":1,"turns":1},{"damage":0,"enemies":"Cultist","floor":4,"turns":1},{"damage":0,"enemies":"Small Slimes","floor":5,"turns":2},{"damage":0,"enemies":"Lagavulin","floor":7,"turns":2},{"damage":0,"enemies":"Exordium Thugs","floor":11,"turns":2},{"damage":0,"enemies":"Lots of Slimes","floor":13,"turns":1},{"damage":0,"enemies":"2 Fungi Beasts","floor":14,"turns":1},{"damage":20,"enemies":"Hexaghost","floor":16,"turns":5},{"damage":0,"enemies":"Chosen","floor":18,"turns":2},{"damage":0,"enemies":"Spheric Guardian","floor":22,"turns":1},{"damage":0,"enemies":"Slavers","floor":23,"turns":2},{"damage":0,"enemies":"Shelled Parasite and Fungi","floor":24,"turns":1},{"damage":0,"enemies":"Gremlin Leader","floor":27,"turns":1},{"damage":0,"enemies":"Centurion and Healer","floor":28,"turns":1},{"damage":0,"enemies":"Snake Plant","floor":29,"turns":1},{"damage":0,"enemies":"Shelled Parasite and Fungi","floor":30,"turns":1},{"damage":0,"enemies":"Automaton","floor":33,"turns":2},{"damage":0,"enemies":"3 Darklings","floor":35,"turns":1},{"damage":0,"enemies":"3 Shapes","floor":37,"turns":1},{"damage":0,"enemies":"Mysterious Sphere","floor":38,"turns":1},{"damage":0,"enemies":"Reptomancer","floor":44,"turns":1},{"damage":0,"enemies":"4 Shapes","floor":46,"turns":1},{"damage":0,"enemies":"2 Orb Walkers","floor":47,"turns":1},{"damage":0,"enemies":"Sphere and 2 Shapes","floor":48,"turns":1},{"damage":0,"enemies":"Awakened One","floor":50,"turns":2}],"seed_played":"-4683273092509049413","potions_obtained":[{"floor":1,"key":"Ancient Potion"},{"floor":11,"key":"FearPotion"},{"floor":16,"key":"Block Potion"},{"floor":18,"key":"GamblersBrew"}],"is_trial":true,"path_per_floor":["M","?","$","M","M","R","E","R","T","$","M","$","M","M","R","B",null,"M","?","$","?","M","E","M","R","T","E","M","M","M","?","R","B",null,"M","?","M","?","$","R","$","R","T","M","R","M","E","M","R","B"],"character_chosen":"IRONCLAD","items_purchased":["Flex","Clash","Peace Pipe","Swift Strike","Good Instincts+1","Fire Breathing+1","Anger"],"campfire_rested":0,"item_purchase_floors":[20,39,39,39,39,39,41],"current_hp_per_floor":[80,80,80,80,80,80,80,80,80,80,80,80,80,80,80,60,80,80,80,80,80,80,80,80,80,80,80,80,80,80,65,65,65,85,85,81,81,81,81,81,81,81,81,81,81,81,81,81,81,81],"gold":71,"neow_bonus":"","is_prod":false,"is_daily":false,"chose_seed":false,"campfire_upgraded":6,"win_rate":0,"timestamp":1536821399,"path_taken":["M","?","$","M","M","R","E","R","T","?","M","$","M","?","R","BOSS","M","?","$","?","M","E","?","R","T","E","M","?","M","?","R","BOSS","M","?","M","?","$","R","$","R","T","M","R","M","E","M","R","BOSS"],"build_version":"2018-09-06","purchased_purges":4,"victory":true,"max_hp_per_floor":[80,80,80,80,80,80,80,80,80,80,80,80,80,80,80,80,80,80,80,80,80,80,80,80,80,80,80,80,80,80,85,85,85,85,85,81,81,81,81,81,81,81,81,81,81,81,81,81,81,81],"card_choices":[{"not_picked":["Iron Wave","True Grit"],"picked":"Flex","floor":0},{"not_picked":["Reckless Charge","Burning Pact"],"picked":"Wild Strike","floor":0},{"not_picked":["Iron Wave","Shrug It Off"],"picked":"Clash","floor":0},{"not_picked":["Cleave","Flame Barrier"],"picked":"Rage","floor":0},{"not_picked":["Uppercut","True Grit"],"picked":"Headbutt","floor":0},{"not_picked":["Heavy Blade","Power Through"],"picked":"Headbutt","floor":0},{"not_picked":["Havoc","Feel No Pain"],"picked":"Evolve","floor":0},{"not_picked":["Perfected Strike","Heavy Blade"],"picked":"Warcry","floor":0},{"not_picked":["Perfected Strike","Armaments"],"picked":"Pummel","floor":0},{"not_picked":["Armaments","Entrench"],"picked":"Cleave","floor":0},{"not_picked":["Battle Trance","Metallicize"],"picked":"Ghostly Armor","floor":0},{"not_picked":["Clash","Inflame"],"picked":"Flex","floor":0},{"not_picked":["Headbutt","Thunderclap"],"picked":"Warcry","floor":0},{"not_picked":["Inflame","Blood for Blood"],"picked":"Flex","floor":0},{"not_picked":["Uppercut","Pommel Strike"],"picked":"Intimidate","floor":0},{"not_picked":["Headbutt","Entrench","Warcry"],"picked":"SKIP","floor":1},{"not_picked":["Cleave","Warcry"],"picked":"Body Slam","floor":4},{"not_picked":["Body Slam","Armaments"],"picked":"Flex","floor":5},{"not_picked":["Pommel Strike","Hemokinesis","Thunderclap"],"picked":"SKIP","floor":7},{"not_picked":["Sword Boomerang","Dropkick","Rupture+1"],"picked":"SKIP","floor":11},{"not_picked":["Twin Strike","Body Slam"],"picked":"Rage","floor":13},{"not_picked":["Demon Form+1","Perfected Strike","Havoc"],"picked":"SKIP","floor":14},{"not_picked":["Perfected Strike","Headbutt+1"],"picked":"Anger+1","floor":18},{"not_picked":["Dual Wield+1","Wild Strike","Armaments"],"picked":"SKIP","floor":22},{"not_picked":["Reckless Charge","Combust+1","Sword Boomerang"],"picked":"SKIP","floor":23},{"not_picked":["Shockwave+1","Iron Wave","Heavy Blade+1"],"picked":"SKIP","floor":24},{"not_picked":["Havoc+1","Intimidate+1"],"picked":"Clash","floor":27},{"not_picked":["Thunderclap","Perfected Strike","Iron Wave+1"],"picked":"SKIP","floor":28},{"not_picked":["Sever Soul","Havoc+1","Feed"],"picked":"SKIP","floor":29},{"not_picked":["Intimidate+1","Shrug It Off+1"],"picked":"Clash","floor":30},{"not_picked":["Sever Soul+1","Havoc+1"],"picked":"Rage+1","floor":35},{"not_picked":["Warcry+1","Wild Strike+1","Headbutt"],"picked":"SKIP","floor":37},{"not_picked":["Corruption+1","Spot Weakness+1"],"picked":"Clash+1","floor":44},{"not_picked":["Thunderclap","Shockwave+1","Heavy Blade"],"picked":"SKIP","floor":46},{"not_picked":["Uppercut","Pommel Strike+1","Ghostly Armor+1"],"picked":"SKIP","floor":47},{"not_picked":["Twin Strike+1","Headbutt+1"],"picked":"Body Slam","floor":48}],"player_experience":126617,"relics_obtained":[{"floor":2,"key":"Pen Nib"},{"floor":7,"key":"Frozen Egg 2"},{"floor":9,"key":"Omamori"},{"floor":23,"key":"Old Coin"},{"floor":26,"key":"Toxic Egg 2"},{"floor":27,"key":"The Courier"},{"floor":38,"key":"Du-Vu Doll"},{"floor":43,"key":"Bottled Lightning"},{"floor":47,"key":"Regal Pillow"}],"event_choices":[{"event_name":"Wheel of Change","player_choice":"Relic","floor":2,"damage_taken":0},{"event_name":"Ghosts","player_choice":"Ignored","floor":19,"damage_taken":0},{"event_name":"Beggar","player_choice":"Ignored","floor":21,"damage_taken":0},{"event_name":"Forgotten Altar","player_choice":"Shed Blood","floor":31,"damage_taken":0},{"event_name":"Winding Halls","player_choice":"Max HP","floor":36,"damage_taken":0},{"event_name":"Mysterious Sphere","player_choice":"Fight","floor":38,"damage_taken":0}],"is_beta":false,"boss_relics":[{"not_picked":["Fusion Hammer","Cursed Key"],"picked":"Runic Dome"},{"not_picked":["Astrolabe","Velvet Choker"],"picked":"Philosopher\u0027s Stone"}],"items_purged_floors":[3,10,20,39],"is_endless":false,"potions_floor_spawned":[1,11,16,18,22,23,29,35,44,46,48],"ascension_level":0}