{"gold_per_floor":[113,125,141,216,7,7,22,48,72,259,259,282,294,325,337,349],"floor_reached":16,"playtime":1721,"items_purged":[],"score":104,"play_id":"19d17688-684f-42ba-8c30-127bbe10cac4","local_time":"20190221130857","is_ascension_mode":false,"campfire_choices":[{"data":"Disarm","floor":6,"key":"SMITH"},{"data":"Pommel Strike","floor":15,"key":"SMITH"}],"neow_cost":"TEN_PERCENT_HP_LOSS","seed_source_timestamp":17128858756959,"circlet_count":0,"master_deck":["Strike_R","Strike_R","Strike_R","Strike_R","Strike_R","Defend_R","Defend_R","Defend_R","Defend_R","Bash","PanicButton","Dramatic Entrance","Feel No Pain","Shrug It Off","Disarm+1","Warcry","Pommel Strike+1","Rampage"],"relics":["Burning Blood","OrangePellets","Omamori","MawBank"],"potions_floor_usage":[8,11,16],"damage_taken":[{"damage":0,"enemies":"Small Slimes","floor":1,"turns":2},{"damage":6,"enemies":"Cultist","floor":2,"turns":3},{"damage":0,"enemies":"2 Louse","floor":3,"turns":2},{"damage":10,"enemies":"Looter","floor":7,"turns":3},{"damage":27,"enemies":"3 Sentries","floor":8,"turns":11},{"damage":8,"enemies":"Exordium Thugs","floor":11,"turns":4},{"damage":0,"enemies":"3 Louse","floor":12,"turns":3},{"damage":10,"enemies":"Large Slime","floor":14,"turns":6},{"damage":36,"enemies":"Slime Boss","floor":16,"turns":13}],"seed_played":"-2076539002309795281","potions_obtained":[{"floor":1,"key":"Ancient Potion"},{"floor":2,"key":"GamblersBrew"},{"floor":8,"key":"Dexterity Potion"}],"is_trial":false,"path_per_floor":["M","M","M","?","$","R","M","E","T","?","M","M","?","M","R","B"],"character_chosen":"IRONCLAD","items_purchased":["OrangePellets"],"campfire_rested":0,"item_purchase_floors":[5],"current_hp_per_floor":[72,72,72,61,61,61,57,36,36,36,34,40,40,36,36,0],"gold":349,"neow_bonus":"RANDOM_COLORLESS_2","is_prod":false,"is_daily":false,"chose_seed":false,"campfire_upgraded":2,"win_rate":0,"timestamp":1550754537,"path_taken":["M","M","M","?","$","R","M","E","T","?","M","M","?","M","R","BOSS"],"build_version":"2019-01-23","purchased_purges":0,"victory":false,"max_hp_per_floor":[72,72,72,72,72,72,72,72,72,72,72,72,72,72,72,72],"card_choices":[{"not_picked":["Headbutt","Perfected Strike"],"picked":"Feel No Pain","floor":1},{"not_picked":["Evolve","Battle Trance"],"picked":"Shrug It Off","floor":2},{"not_picked":["Heavy Blade","Sword Boomerang"],"picked":"Disarm","floor":3},{"not_picked":["Searing Blow","Ghostly Armor"],"picked":"Warcry","floor":7},{"not_picked":["Thunderclap","Perfected Strike"],"picked":"Pommel Strike","floor":8},{"not_picked":["Searing Blow","Thunderclap"],"picked":"Rampage","floor":11},{"not_picked":["Blood for Blood","Iron Wave","Cleave"],"picked":"SKIP","floor":12},{"not_picked":["Iron Wave","Reckless Charge","Flame Barrier"],"picked":"SKIP","floor":14}],"player_experience":400928,"relics_obtained":[{"floor":8,"key":"Omamori"},{"floor":9,"key":"MawBank"}],"event_choices":[{"damage_healed":0,"gold_gain":75,"player_choice":"Gather Gold","damage_taken":11,"max_hp_gain":0,"max_hp_loss":0,"event_name":"World of Goop","floor":4,"gold_loss":0},{"damage_healed":0,"gold_gain":175,"player_choice":"AGREE","damage_taken":0,"max_hp_gain":0,"max_hp_loss":0,"event_name":"Liars Game","floor":10,"gold_loss":0,"cards_obtained":["Doubt"]},{"damage_healed":0,"gold_gain":0,"player_choice":"Ignored","damage_taken":0,"max_hp_gain":0,"max_hp_loss":0,"event_name":"NoteForYourself","floor":13,"gold_loss":0}],"is_beta":false,"boss_relics":[],"items_purged_floors":[],"is_endless":false,"potions_floor_spawned":[1,2,8],"killed_by":"Slime Boss","ascension_level":0}