{"path_per_floor":["M","?","$","M","M","E","?","R","T","M","M","E","$","M","R","B",null,"M","?","M","?","M","R","E","R","T","E","M"],"character_chosen":"IRONCLAD","items_purchased":["Swift Strike","Enlightenment"],"gold_per_floor":[99,99,8,27,46,81,81,81,155,174,188,220,7,18,18,115,115,128,128,141,56,68,68,102,102,102,132,151],"floor_reached":29,"campfire_rested":4,"playtime":3241,"current_hp_per_floor":[77,77,77,75,75,10,10,34,34,34,30,7,7,7,31,13,80,59,83,53,53,30,54,22,46,46,28,8],"items_purged":[],"gold":151,"score":300,"play_id":"fb749ed3-9e75-4168-a97d-3b0b90d354e3","local_time":"20180302175529","is_prod":false,"is_daily":false,"is_ascension_mode":false,"campfire_upgraded":0,"timestamp":1519973729,"path_taken":["M","?","?","M","M","E","?","R","T","M","M","E","?","M","R","BOSS","M","?","?","?","M","R","E","R","T","E","M","M"],"build_version":"2018-03-01-PROD1","purchased_purges":0,"victory":false,"master_deck":["Strike_R","Strike_R","Strike_R","Strike_R","Defend_R","Defend_R","Defend_R","Defend_R+1","Bash","Battle Trance","Swift Strike","Shrug It Off+1","Iron Wave","Headbutt","Juggernaut","Blood for Blood","Whirlwind","Enlightenment","Pummel","Feed","Clothesline","Thunderclap","Twin Strike","Berserk","Battle Trance+1","Battle Trance+1"],"max_hp_per_floor":[80,80,80,80,80,80,80,80,80,80,80,80,80,80,80,80,80,83,83,83,83,83,83,83,83,83,97,97],"relics":["Sozu","Ancient Tea Set","Gremlin Horn","War Paint","Runic Cube","Bag of Preparation","Toxic Egg 2","Girya","Mango"],"card_choices":[{"not_picked":["Warcry","Second Wind"],"picked":"Battle Trance"},{"not_picked":["True Grit","Perfected Strike"],"picked":"Shrug It Off"},{"not_picked":["Warcry","Pommel Strike"],"picked":"Iron Wave"},{"not_picked":["Pommel Strike","Battle Trance"],"picked":"Headbutt"},{"not_picked":["Clash","Dual Wield"],"picked":"Juggernaut"},{"not_picked":["Perfected Strike","Thunderclap"],"picked":"Blood for Blood"},{"not_picked":["Rupture","Combust"],"picked":"Whirlwind"},{"not_picked":["Warcry","Thunderclap"],"picked":"Pummel"},{"not_picked":["Offering","Bludgeon"],"picked":"Feed"},{"not_picked":["Iron Wave","Combust"],"picked":"Clothesline"},{"not_picked":["Perfected Strike","Pummel"],"picked":"Thunderclap"},{"not_picked":["Battle Trance","Reckless Charge"],"picked":"Twin Strike"},{"not_picked":["Whirlwind","Twin Strike"],"picked":"Berserk"},{"not_picked":["Warcry","True Grit"],"picked":"Battle Trance"},{"not_picked":["Warcry","Thunderclap"],"picked":"Battle Trance"}],"player_experience":1389,"potions_floor_usage":[],"damage_taken":[{"damage":3.0,"enemies":"Jaw Worm","floor":1.0,"turns":3.0},{"damage":2.0,"enemies":"Small Slimes","floor":4.0,"turns":3.0},{"damage":0.0,"enemies":"Cultist","floor":5.0,"turns":2.0},{"damage":65.0,"enemies":"Gremlin Nob","floor":6.0,"turns":6.0},{"damage":0.0,"enemies":"3 Louse","floor":10.0,"turns":2.0},{"damage":4.0,"enemies":"Exordium Thugs","floor":11.0,"turns":5.0},{"damage":23.0,"enemies":"Lagavulin","floor":12.0,"turns":5.0},{"damage":0.0,"enemies":"Large Slime","floor":14.0,"turns":4.0},{"damage":18.0,"enemies":"Hexaghost","floor":16.0,"turns":9.0},{"damage":24.0,"enemies":"Chosen","floor":18.0,"turns":4.0},{"damage":30.0,"enemies":"Sentry and Sphere","floor":20.0,"turns":6.0},{"damage":23.0,"enemies":"Snecko","floor":22.0,"turns":5.0},{"damage":32.0,"enemies":"Gremlin Leader","floor":24.0,"turns":7.0},{"damage":32,"enemies":"Book of Stabbing","floor":27,"turns":5},{"damage":20,"enemies":"3 Cultists","floor":28,"turns":5},{"damage":13,"enemies":"Snake Plant","floor":29,"turns":1}],"event_choices":[{"event_name":"Liars Game","player_choice":"disagreed","floor":2.0,"damage_taken":0.0},{"event_name":"Purifier","player_choice":"One Purge","floor":7.0,"damage_taken":0.0},{"event_name":"Wheel of Change","player_choice":"Full Heal","floor":19.0,"damage_taken":0.0},{"event_name":"Addict","player_choice":"Obtained Relic","floor":21.0,"damage_taken":0.0}],"boss_relics":[],"potions_floor_spawned":[4,5,11,12,20,22],"seed_played":"9052790195931197501","killed_by":"Snake Plant","ascension_level":0,"is_trial":false}