{"gold_per_floor":[115,125,143,103,115,115,115,135,161,174,174,134,134,54,54,54],"floor_reached":16,"playtime":663,"items_purged":[],"score":179,"play_id":"85099e75-202e-4e1d-bbf2-64ba815d3b81","local_time":"20190206114719","is_ascension_mode":true,"campfire_choices":[{"data":"White Noise","floor":7,"key":"SMITH"},{"floor":11,"key":"REST"},{"data":"Coolheaded","floor":13,"key":"SMITH"},{"data":"Hologram","floor":15,"key":"SMITH"}],"neow_cost":"NONE","seed_source_timestamp":6528730892300,"circlet_count":0,"master_deck":["AscendersBane","Defend_B","Defend_B","Defend_B","Defend_B","Zap","Dualcast","Heatsinks+1","Blizzard+1","Blizzard+1","Coolheaded+1","Conserve Battery","White Noise+1","Hologram+1","Ball Lightning","Chill"],"relics":["Astrolabe","Omamori"],"potions_floor_usage":[10,16],"damage_taken":[{"damage":4,"enemies":"2 Louse","floor":1,"turns":5},{"damage":8,"enemies":"Jaw Worm","floor":2,"turns":8},{"damage":10,"enemies":"Small Slimes","floor":3,"turns":6},{"damage":12,"enemies":"Looter","floor":4,"turns":4},{"damage":1,"enemies":"2 Fungi Beasts","floor":5,"turns":4},{"damage":15,"enemies":"3 Louse","floor":8,"turns":4},{"damage":1,"enemies":"Red Slaver","floor":10,"turns":5},{"damage":1,"enemies":"Looter","floor":12,"turns":4},{"damage":38,"enemies":"Slime Boss","floor":16,"turns":6}],"seed_played":"4903596036177577747","potions_obtained":[{"floor":2,"key":"Strength Potion"},{"floor":5,"key":"SteroidPotion"}],"is_trial":false,"path_per_floor":["M","M","M","M","M","?","R","M","T","M","R","M","R","$","R","B"],"character_chosen":"DEFECT","items_purchased":["Chill"],"campfire_rested":1,"item_purchase_floors":[14],"current_hp_per_floor":[60,52,42,30,29,22,22,7,7,6,27,26,26,26,26,0],"gold":54,"neow_bonus":"BOSS_RELIC","is_prod":false,"is_daily":false,"chose_seed":false,"campfire_upgraded":3,"win_rate":0,"timestamp":1549482439,"path_taken":["M","M","M","M","M","?","R","M","T","M","R","M","R","$","R","BOSS"],"build_version":"2019-01-23","purchased_purges":0,"victory":false,"max_hp_per_floor":[71,71,71,71,71,71,71,71,71,71,71,71,71,71,71,71],"card_choices":[{"not_picked":["Leap","Tempest"],"picked":"Coolheaded","floor":1},{"not_picked":["Barrage","Ball Lightning"],"picked":"Conserve Battery","floor":2},{"not_picked":["Hologram","Doom and Gloom"],"picked":"White Noise","floor":3},{"not_picked":["Barrage","Reinforced Body"],"picked":"Hologram","floor":4},{"not_picked":["Compile Driver","Steam Power","Reinforced Body"],"picked":"SKIP","floor":5},{"not_picked":["Heatsinks","Steam","Rebound"],"picked":"SKIP","floor":8},{"not_picked":["Consume","Steam","Beam Cell"],"picked":"SKIP","floor":10},{"not_picked":["Steam Power","Steam"],"picked":"Ball Lightning","floor":12}],"player_experience":638506,"relics_obtained":[{"floor":9,"key":"Omamori"}],"event_choices":[{"cards_removed":["Strike_B"],"damage_healed":0,"gold_gain":0,"player_choice":"Card Removal","damage_taken":7,"max_hp_gain":0,"max_hp_loss":0,"event_name":"Golden Wing","floor":6,"gold_loss":0}],"is_beta":false,"boss_relics":[],"items_purged_floors":[],"is_endless":false,"potions_floor_spawned":[2,5],"killed_by":"Slime Boss","ascension_level":19}