{"path_per_floor":["M","?","?","?","M","R","E","$","T","?","R","M","E","$","R","B",null,"M","?","?","M","M","R","M"],"character_chosen":"DEFECT","items_purchased":["Cold Snap","Doom and Gloom"],"gold_per_floor":[115,115,115,115,126,126,152,24,74,174,174,185,219,84,84,181,211,224,224,250,261,273,273,286,286],"floor_reached":25,"campfire_rested":1,"playtime":1158,"item_purchase_floors":[8,14],"current_hp_per_floor":[75,75,75,75,68,68,40,40,40,40,40,40,32,32,32,15,80,80,80,52,25,6,30,18,0],"items_purged":["Strike_B","Strike_B"],"gold":286,"score":251,"play_id":"50d4d094-97b1-4547-b141-79fb0b76749f","local_time":"20180523112445","is_prod":false,"is_daily":false,"chose_seed":false,"is_ascension_mode":true,"campfire_upgraded":3,"timestamp":1527042285,"campfire_choices":[{"data":"Hello World","floor":6,"key":"SMITH"},{"data":"Zap","floor":11,"key":"SMITH"},{"data":"Coolheaded","floor":15,"key":"SMITH"},{"floor":23,"key":"REST"}],"path_taken":["M","?","?","?","M","R","E","$","T","?","R","M","E","$","R","BOSS","M","?","?","M","M","R","M","M"],"build_version":"2018-05-21v2","seed_source_timestamp":536708491045971,"purchased_purges":2,"victory":false,"master_deck":["Strike_B","Defend_B","Defend_B","Defend_B","Defend_B","Zap+1","Dualcast","Rebound","Hello World+1","Leap","Cold Snap+1","Coolheaded+1","Doom and Gloom","Core Surge","Reinforced Body","Streamline","Reboot","Hologram+1","Hologram+1"],"max_hp_per_floor":[75,75,75,75,75,75,75,75,75,75,75,75,75,75,75,75,80,80,80,80,80,80,80,80,80],"relics":["Cracked Core","Pen Nib","Orichalcum","Tiny House","Nloth\u0027s Gift","Red Mask"],"card_choices":[{"not_picked":["Scrape","Rip and Tear"],"picked":"Rebound","floor":1},{"not_picked":["Leap","Hologram"],"picked":"Hello World","floor":5},{"not_picked":["Coolheaded","Lockon"],"picked":"Leap","floor":7},{"not_picked":["Cold Snap","Blizzard","Loop"],"picked":"SKIP","floor":12},{"not_picked":["Scrape","Cold Snap"],"picked":"Coolheaded","floor":13},{"not_picked":["Machine Learning","Buffer"],"picked":"Core Surge","floor":16},{"not_picked":["Barrage","Steam"],"picked":"Reinforced Body","floor":17},{"not_picked":["Capacitor","Stack"],"picked":"Streamline","floor":18},{"not_picked":["Redo","Doom and Gloom+1"],"picked":"Reboot","floor":20},{"not_picked":["Ball Lightning","Amplify"],"picked":"Hologram+1","floor":21},{"not_picked":["Stack","Sweeping Beam","Hologram"],"picked":"SKIP","floor":22},{"not_picked":["Darkness","Rebound"],"picked":"Hologram+1","floor":24}],"player_experience":506078,"potions_floor_usage":[20,20],"damage_taken":[{"damage":0,"enemies":"Small Slimes","floor":1,"turns":3},{"damage":7,"enemies":"Jaw Worm","floor":5,"turns":3},{"damage":28,"enemies":"Gremlin Nob","floor":7,"turns":5},{"damage":0,"enemies":"Cultist","floor":12,"turns":3},{"damage":8,"enemies":"3 Sentries","floor":13,"turns":6},{"damage":17,"enemies":"The Guardian","floor":16,"turns":11},{"damage":0,"enemies":"Chosen","floor":18,"turns":4},{"damage":28,"enemies":"가면 도적단","floor":20,"turns":5},{"damage":27,"enemies":"Shell Parasite","floor":21,"turns":5},{"damage":19,"enemies":"Centurion and Healer","floor":22,"turns":7},{"damage":12,"enemies":"Cultist and Chosen","floor":24,"turns":6},{"damage":18,"enemies":"3 Cultists","floor":25,"turns":4}],"relics_obtained":[{"floor":9,"key":"Orichalcum"},{"floor":13,"key":"Blue Candle"},{"floor":20,"key":"Red Mask"}],"event_choices":[{"event_name":"Living Wall","player_choice":"Forget","floor":2,"damage_taken":0},{"event_name":"The Lab","player_choice":"Got Potions","floor":3,"damage_taken":0},{"event_name":"Liars Game","player_choice":"disagreed","floor":4,"damage_taken":0},{"event_name":"Wheel of Change","player_choice":"Gold","floor":10,"damage_taken":0},{"event_name":"N\u0027loth","player_choice":"Traded a Blue Candle","floor":19,"damage_taken":0},{"event_name":"Masked Bandits","player_choice":"Fought over 224 gold","floor":20,"damage_taken":0}],"boss_relics":[{"not_picked":["Pandora\u0027s Box","Orrery"],"picked":"Tiny House"}],"items_purged_floors":[8,14],"potions_floor_spawned":[1,7,13,16,20],"seed_played":"2087427877455424944","killed_by":"3 Cultists","ascension_level":4,"potions_obtained":[{"floor":1,"key":"Explosive Potion"},{"floor":3,"key":"PowerPotion"},{"floor":3,"key":"Poison Potion"},{"floor":7,"key":"FearPotion"},{"floor":17,"key":"Energy Potion"},{"floor":20,"key":"FearPotion"}],"is_trial":false}