{"gold_per_floor":[11,186,186,204,58,58,90,90,113,125,163,175,199,224,236,248],"floor_reached":16,"playtime":1362,"items_purged":["Doubt"],"score":119,"play_id":"a6bbb7c2-61c1-438c-a541-2d7e6aa7ddef","local_time":"20190303211212","is_ascension_mode":true,"campfire_choices":[{"data":"Survivor","floor":6,"key":"SMITH"},{"data":"Dagger Throw","floor":8,"key":"SMITH"},{"data":"Strike_G","floor":10,"key":"SMITH"},{"floor":12,"key":"REST"},{"data":"Underhanded Strike","floor":15,"key":"SMITH"}],"neow_cost":"NO_GOLD","seed_source_timestamp":74350350608625,"circlet_count":0,"master_deck":["Defend_G","Defend_G","Defend_G","Defend_G","Strike_G+1","Strike_G","Strike_G","Strike_G","Survivor+1","Neutralize+1","Dagger Throw+1","Accuracy","Underhanded Strike+1","Dash","Prepared"],"relics":["Ring of the Snake","FossilizedHelix","MawBank","Orichalcum"],"potions_floor_usage":[16],"damage_taken":[{"damage":0,"enemies":"Small Slimes","floor":1,"turns":5},{"damage":2,"enemies":"Jaw Worm","floor":4,"turns":7},{"damage":35,"enemies":"3 Sentries","floor":7,"turns":17},{"damage":15,"enemies":"Gremlin Nob","floor":11,"turns":5},{"damage":0,"enemies":"Cultist","floor":13,"turns":3},{"damage":0,"enemies":"Blue Slaver","floor":14,"turns":2},{"damage":46,"enemies":"Slime Boss","floor":16,"turns":11}],"seed_played":"-6886638278500771635","potions_obtained":[{"floor":7,"key":"Explosive Potion"},{"floor":14,"key":"Ancient Potion"}],"is_trial":false,"path_per_floor":["M","?","?","M","$","R","E","R","T","R","E","R","M","M","R","B"],"character_chosen":"THE_SILENT","items_purchased":["Accuracy"],"campfire_rested":1,"item_purchase_floors":[5],"current_hp_per_floor":[70,70,70,68,68,68,33,33,33,33,18,39,39,39,39,0],"gold":248,"neow_bonus":"REMOVE_TWO","is_prod":false,"is_daily":false,"chose_seed":false,"campfire_upgraded":4,"win_rate":0,"timestamp":1551669132,"path_taken":["M","?","?","M","$","R","E","R","T","R","E","R","?","M","R","BOSS"],"build_version":"2019-01-23","purchased_purges":1,"victory":false,"max_hp_per_floor":[70,70,70,70,70,70,70,70,70,70,70,70,70,70,70,70],"card_choices":[{"not_picked":["Outmaneuver","Bane","Escape Plan"],"picked":"SKIP","floor":1},{"not_picked":["PiercingWail","Outmaneuver"],"picked":"Dagger Throw","floor":4},{"not_picked":["Outmaneuver","Heel Hook","Choke"],"picked":"SKIP","floor":7},{"not_picked":["Outmaneuver","Dagger Spray"],"picked":"Underhanded Strike","floor":11},{"not_picked":["Bane","Dagger Throw"],"picked":"Dash","floor":13},{"not_picked":["Dodge and Roll","Bullet Time"],"picked":"Prepared","floor":14}],"player_experience":103433,"relics_obtained":[{"floor":7,"key":"FossilizedHelix"},{"floor":9,"key":"MawBank"},{"floor":11,"key":"Orichalcum"}],"event_choices":[{"damage_healed":0,"gold_gain":175,"player_choice":"AGREE","damage_taken":0,"max_hp_gain":0,"max_hp_loss":0,"event_name":"Liars Game","floor":2,"gold_loss":0,"cards_obtained":["Doubt"]},{"damage_healed":0,"gold_gain":0,"player_choice":"Forge","damage_taken":0,"max_hp_gain":0,"max_hp_loss":0,"event_name":"Accursed Blacksmith","floor":3,"gold_loss":0,"cards_upgraded":["Neutralize"]}],"is_beta":false,"boss_relics":[],"items_purged_floors":[5],"is_endless":false,"potions_floor_spawned":[7,14],"killed_by":"Slime Boss","ascension_level":2}