{"gold_per_floor":[111,111,111,22,22,22,47,63,63,63,28,61,61,61,61,160,160,180,180,204,23,37,73,48,48,95,113,113,113],"floor_reached":29,"playtime":2324,"items_purged":[],"score":435,"play_id":"a0f6aa79-32cf-42e9-81e3-782b0ba4931a","local_time":"20190130002912","is_ascension_mode":true,"campfire_choices":[{"floor":6,"key":"REST"},{"data":"Zap","floor":10,"key":"SMITH"},{"floor":13,"key":"REST"},{"data":"Dualcast","floor":15,"key":"SMITH"},{"floor":25,"key":"REST"}],"neow_cost":"NONE","seed_source_timestamp":998104341584036,"circlet_count":0,"master_deck":["AscendersBane","Strike_B","Strike_B+1","Defend_B","Defend_B","Defend_B","Defend_B+1","Zap+1","Dualcast+1","Coolheaded","Self Repair","FTL","Stack+1","Rainbow+1","Creative AI","Steam+1","Gash","Sweeping Beam+1","Redo+1","Dark Shackles+1","Go for the Eyes","Defragment","Loop+1","Steam+1","Turbo+1","Necronomicurse"],"relics":["Cracked Core","Golden Idol","Toxic Egg 2","Odd Mushroom","Nuclear Battery","Unceasing Top","Strawberry","Necronomicon"],"potions_floor_usage":[16,23,23],"damage_taken":[{"damage":0,"enemies":"2 Louse","floor":1,"turns":1},{"damage":0,"enemies":"Jaw Worm","floor":7,"turns":5},{"damage":6,"enemies":"Small Slimes","floor":8,"turns":4},{"damage":26,"enemies":"The Mushroom Lair","floor":12,"turns":4},{"damage":23,"enemies":"Slime Boss","floor":16,"turns":8},{"damage":0,"enemies":"Spheric Guardian","floor":18,"turns":4},{"damage":14,"enemies":"Shell Parasite","floor":20,"turns":6},{"damage":26,"enemies":"Chosen and Byrds","floor":22,"turns":7},{"damage":42,"enemies":"Slavers","floor":23,"turns":6},{"damage":16,"enemies":"Snake Plant","floor":27,"turns":5},{"damage":8,"enemies":"Centurion and Healer","floor":29,"turns":3}],"seed_played":"-6016494479157674694","potions_obtained":[{"floor":1,"key":"GamblersBrew"},{"floor":16,"key":"AttackPotion"},{"floor":20,"key":"AttackPotion"},{"floor":22,"key":"SkillPotion"},{"floor":27,"key":"SteroidPotion"}],"is_trial":false,"path_per_floor":["M","?","?","$","?","R","M","M","T","R","?","?","R","?","R","B",null,"M","?","M","$","M","E","$","R","T","M","?","M"],"character_chosen":"DEFECT","items_purchased":["Self Repair","Redo+1","Dark Shackles+1","Go for the Eyes","Steam+1"],"campfire_rested":3,"item_purchase_floors":[4,21,21,21,24],"current_hp_per_floor":[71,44,21,21,10,33,40,41,41,41,60,34,57,57,57,41,69,76,76,69,69,43,8,8,31,38,29,8,0],"gold":113,"neow_bonus":"TEN_PERCENT_HP_BONUS","is_prod":false,"is_daily":false,"chose_seed":false,"campfire_upgraded":2,"win_rate":0,"timestamp":1548804552,"path_taken":["M","?","?","$","?","R","M","M","T","R","?","?","R","?","R","BOSS","M","?","M","$","M","E","?","R","T","M","?","M"],"build_version":"2019-01-23","purchased_purges":0,"victory":false,"max_hp_per_floor":[78,78,78,78,78,78,78,78,78,78,78,78,78,78,78,78,78,78,78,78,78,78,78,78,78,85,85,85,85],"card_choices":[{"not_picked":["Streamline","Reprogram"],"picked":"Coolheaded","floor":1},{"not_picked":["Rebound","Gash","Double Energy"],"picked":"SKIP","floor":7},{"not_picked":["Rebound","Gash","Double Energy"],"picked":"SKIP","floor":7},{"not_picked":["Double Energy","Force Field"],"picked":"FTL","floor":8},{"not_picked":["Melter","Rebound"],"picked":"Stack+1","floor":12},{"not_picked":["Hyperbeam","Biased Cognition"],"picked":"Creative AI","floor":16},{"not_picked":["Barrage","Stack+1"],"picked":"Steam+1","floor":18},{"not_picked":["Turbo+1","Lockon"],"picked":"Sweeping Beam+1","floor":20},{"not_picked":["Barrage+1","Heatsinks"],"picked":"Defragment","floor":22},{"not_picked":["Streamline","Barrage"],"picked":"Loop+1","floor":23},{"not_picked":["Coolheaded+1","Redo+1"],"picked":"Turbo+1","floor":27}],"player_experience":934668,"relics_obtained":[{"floor":9,"key":"Toxic Egg 2"},{"floor":12,"key":"Odd Mushroom"},{"floor":23,"key":"Unceasing Top"},{"floor":26,"key":"Strawberry"},{"floor":28,"key":"Necronomicon"}],"event_choices":[{"damage_healed":0,"gold_gain":0,"player_choice":"Take Damage","damage_taken":27,"relics_obtained":["Golden Idol"],"max_hp_gain":0,"max_hp_loss":0,"event_name":"Golden Idol","floor":2,"gold_loss":0},{"damage_healed":0,"gold_gain":0,"player_choice":"Entered Light","damage_taken":23,"max_hp_gain":0,"max_hp_loss":0,"event_name":"Shining Light","floor":3,"gold_loss":0,"cards_upgraded":["Strike_B","Defend_B"]},{"damage_healed":0,"gold_gain":0,"player_choice":"Fled","damage_taken":11,"max_hp_gain":0,"max_hp_loss":0,"event_name":"Scrap Ooze","floor":5,"gold_loss":0},{"damage_healed":19,"gold_gain":0,"player_choice":"Healed","damage_taken":0,"max_hp_gain":0,"max_hp_loss":0,"event_name":"The Cleric","floor":11,"gold_loss":35},{"damage_healed":0,"gold_gain":0,"player_choice":"Fought Mushrooms","damage_taken":0,"max_hp_gain":0,"max_hp_loss":0,"event_name":"Mushrooms","floor":12,"gold_loss":0},{"damage_healed":0,"gold_gain":0,"cards_transformed":["Strike_B"],"player_choice":"Change","damage_taken":0,"max_hp_gain":0,"max_hp_loss":0,"event_name":"Living Wall","floor":14,"gold_loss":0,"cards_obtained":["Rainbow"]},{"damage_healed":0,"gold_gain":0,"cards_transformed":["Strike_B"],"player_choice":"Transformed","damage_taken":0,"max_hp_gain":0,"max_hp_loss":0,"event_name":"Transmorgrifier","floor":19,"gold_loss":0,"cards_obtained":["Gash"]},{"damage_healed":0,"gold_gain":0,"player_choice":"Obtained Book","damage_taken":21,"max_hp_gain":0,"max_hp_loss":0,"event_name":"Cursed Tome","floor":28,"gold_loss":0}],"is_beta":true,"boss_relics":[{"not_picked":["Runic Pyramid","Pandora\u0027s Box"],"picked":"Nuclear Battery"}],"items_purged_floors":[],"is_endless":false,"potions_floor_spawned":[1,16,20,22,27],"killed_by":"Centurion and Healer","ascension_level":18}