{"gold_per_floor":[112,131,31,41,55,88,102,117,117,129,155,66,78,101,113,125],"floor_reached":16,"playtime":634,"items_purged":["Pain"],"score":196,"play_id":"20eb6600-8c7c-45bb-b0ba-82cd93cbd0d7","local_time":"20190220200515","is_ascension_mode":true,"campfire_choices":[{"data":"Body Slam","floor":10.0,"key":"SMITH"},{"data":"True Grit","floor":13.0,"key":"SMITH"},{"data":"Uppercut","floor":15.0,"key":"SMITH"}],"neow_cost":"CURSE","seed_source_timestamp":77700567650362,"circlet_count":0,"master_deck":["AscendersBane","Strike_R","Strike_R","Strike_R","Strike_R","Strike_R","Defend_R","Defend_R","Defend_R","Defend_R","Bash","Offering","Pummel","Anger","Twin Strike","True Grit+1","Ghostly Armor","Uppercut+1","Body Slam+1","Pommel Strike","Spot Weakness","Shrug It Off"],"special_seed":0,"relics":["Burning Blood","Sundial","MawBank","Pear"],"potions_floor_usage":[16],"damage_taken":[{"damage":7.0,"enemies":"Small Slimes","floor":1.0,"turns":5.0},{"damage":14.0,"enemies":"Cultist","floor":2.0,"turns":5.0},{"damage":9.0,"enemies":"Jaw Worm","floor":4.0,"turns":4.0},{"damage":30.0,"enemies":"Exordium Thugs","floor":5.0,"turns":5.0},{"damage":22.0,"enemies":"Lagavulin","floor":6.0,"turns":10.0},{"damage":2.0,"enemies":"Looter","floor":7.0,"turns":3.0},{"damage":10.0,"enemies":"Large Slime","floor":8.0,"turns":6.0},{"damage":10.0,"enemies":"Red Slaver","floor":11.0,"turns":3.0},{"damage":14.0,"enemies":"Exordium Thugs","floor":14.0,"turns":5.0},{"damage":15,"enemies":"The Guardian","floor":16,"turns":7}],"seed_played":"1824596788414534361","potions_obtained":[{"floor":2.0,"key":"PowerPotion"},{"floor":5.0,"key":"Fire Potion"},{"floor":8.0,"key":"SpeedPotion"},{"floor":14.0,"key":"FearPotion"}],"is_trial":false,"path_per_floor":["M","M","$","M","M","E","M","M","T","R","M","?","R","M","R","B"],"character_chosen":"IRONCLAD","items_purchased":["Twin Strike"],"campfire_rested":0,"item_purchase_floors":[3],"current_hp_per_floor":[67,59,59,56,32,16,20,16,16,16,12,22,22,14,14,0],"gold":125,"neow_bonus":"THREE_RARE_CARDS","is_prod":false,"is_daily":false,"chose_seed":false,"campfire_upgraded":3,"win_rate":0,"timestamp":1550711115,"path_taken":["M","M","$","M","M","E","M","M","T","R","M","?","R","M","R","BOSS"],"build_version":"2019-01-23","purchased_purges":1,"victory":false,"max_hp_per_floor":[75,75,75,75,75,75,75,75,75,75,75,85,85,85,85,85],"card_choices":[{"not_picked":["Double Tap","Dark Embrace"],"picked":"Offering","floor":0.0},{"not_picked":["Sword Boomerang","Headbutt"],"picked":"Pummel","floor":1.0},{"not_picked":["Warcry","Headbutt"],"picked":"Anger","floor":2.0},{"not_picked":["Perfected Strike","Anger"],"picked":"True Grit","floor":4.0},{"not_picked":["Sword Boomerang","Power Through"],"picked":"Ghostly Armor","floor":5.0},{"not_picked":["Hemokinesis","Rampage"],"picked":"Uppercut","floor":6.0},{"not_picked":["Wild Strike","Clash"],"picked":"Body Slam","floor":7.0},{"not_picked":["Havoc","Searing Blow"],"picked":"Pommel Strike","floor":8.0},{"not_picked":["Cleave","Heavy Blade"],"picked":"Spot Weakness","floor":11.0},{"not_picked":["Rage","Ghostly Armor"],"picked":"Shrug It Off","floor":14.0}],"player_experience":526935,"relics_obtained":[{"floor":6.0,"key":"Sundial"},{"floor":9.0,"key":"MawBank"}],"event_choices":[{"damage_healed":0.0,"max_hp_gain":0.0,"max_hp_loss":0.0,"gold_gain":0.0,"event_name":"WeMeetAgain","player_choice":"Paid Gold","floor":12.0,"gold_loss":101.0,"damage_taken":0.0,"relics_obtained":["Pear"]}],"is_beta":false,"boss_relics":[],"items_purged_floors":[3],"is_endless":false,"potions_floor_spawned":[2,5,8,14],"killed_by":"The Guardian","ascension_level":17}