{"path_per_floor":["M","$","?","M","M","E","M","E","T","R","T","M","?","T","R","B",null,"M","M","?","?","?","E","R","$","T","M","?","R","M","M","R"],"character_chosen":"IRONCLAD","items_purchased":["Uppercut","Shuriken"],"gold_per_floor":[114,78,78,97,113,143,160,193,278,278,278,294,294,294,294,396,396,410,425,425,425,340,374,374,44,67,82,7,7,24,34,34,34],"floor_reached":33,"campfire_rested":2,"playtime":927,"current_hp_per_floor":[87,87,69,71,73,84,73,69,69,98,98,94,94,94,94,69,98,96,80,80,80,80,58,87,87,87,77,77,77,80,76,76,0],"items_purged":["Anger"],"gold":34,"score":354,"play_id":"a98927d1-a16d-4c56-a473-597b917f85e0","local_time":"20180401040546","is_prod":false,"is_daily":false,"is_ascension_mode":true,"campfire_upgraded":3,"timestamp":1522577146,"path_taken":["M","$","?","M","M","E","M","E","T","R","?","M","?","?","R","BOSS","M","M","?","?","?","E","R","$","T","M","?","R","M","M","R","BOSS"],"build_version":"2018-03-29v2","purchased_purges":1,"victory":false,"master_deck":["Strike_R","Strike_R","Strike_R","Strike_R","Defend_R","Defend_R","Defend_R+1","Defend_R","Bash+1","Uppercut+1","Armaments+1","Perfected Strike+1","Headbutt","Perfected Strike","Disarm","Perfected Strike","Demon Form+1","Perfected Strike","Perfected Strike","Dual Wield+1","Headbutt","Twin Strike","Twin Strike"],"max_hp_per_floor":[88,88,88,88,88,98,98,98,98,98,98,98,98,98,98,98,98,98,98,98,98,98,98,98,98,98,98,98,98,98,98,98,98],"relics":["Burning Blood","Pear","Juzu Bracelet","Tiny Chest","Bag of Marbles","War Paint","Sozu","Omamori","Blood Vial","Shuriken","Bronze Scales"],"card_choices":[{"not_picked":["Sword Boomerang","Shockwave"],"picked":"Blood for Blood","floor":1},{"not_picked":["Fire Breathing","Wild Strike"],"picked":"Armaments","floor":4},{"not_picked":["Seeing Red","Thunderclap"],"picked":"Perfected Strike","floor":5},{"not_picked":["Feel No Pain","Sever Soul"],"picked":"Headbutt","floor":6},{"not_picked":["Clash","Limit Break"],"picked":"Perfected Strike","floor":7},{"not_picked":["Heavy Blade","Rage"],"picked":"Disarm","floor":8},{"not_picked":["Shrug It Off","Thunderclap"],"picked":"Perfected Strike","floor":12},{"not_picked":["Fiend Fire","Impervious"],"picked":"Demon Form","floor":16},{"not_picked":["Body Slam","Wild Strike"],"picked":"Perfected Strike","floor":18},{"not_picked":["Shockwave","Thunderclap"],"picked":"Dual Wield","floor":23},{"not_picked":["Entrench","Clash"],"picked":"Headbutt","floor":27},{"not_picked":["Clash","Heavy Blade"],"picked":"Twin Strike","floor":30},{"not_picked":["Battle Trance","Rage"],"picked":"Twin Strike","floor":31}],"player_experience":233910,"potions_floor_usage":[6,6,8],"damage_taken":[{"damage":7,"enemies":"2 Louse","floor":1,"turns":3},{"damage":4,"enemies":"Jaw Worm","floor":4,"turns":3},{"damage":4,"enemies":"Cultist","floor":5,"turns":3},{"damage":14,"enemies":"Gremlin Nob","floor":6,"turns":4},{"damage":17,"enemies":"Looter","floor":7,"turns":3},{"damage":10,"enemies":"3 Sentries","floor":8,"turns":6},{"damage":10,"enemies":"Large Slime","floor":12,"turns":5},{"damage":31,"enemies":"Slime Boss","floor":16,"turns":10},{"damage":8,"enemies":"3 Byrds","floor":18,"turns":5},{"damage":22,"enemies":"Spheric Guardian","floor":19,"turns":4},{"damage":28,"enemies":"Slavers","floor":23,"turns":4},{"damage":18,"enemies":"Snake Plant","floor":27,"turns":2},{"damage":5,"enemies":"Snecko","floor":30,"turns":3},{"damage":12,"enemies":"Cultist and Chosen","floor":31,"turns":3},{"damage":88,"enemies":"Champ","floor":33,"turns":6}],"event_choices":[{"event_name":"Shining Light","player_choice":"Entered Light","floor":3,"damage_taken":0},{"event_name":"Transmorgrifier","player_choice":"Transform","floor":13,"damage_taken":0},{"event_name":"Drug Dealer","player_choice":"Ignored","floor":20,"damage_taken":0},{"event_name":"The Library","player_choice":"Read","floor":21,"damage_taken":0},{"event_name":"Addict","player_choice":"Obtained Relic","floor":22,"damage_taken":0},{"event_name":"Beggar","player_choice":"Gave Gold","floor":28,"damage_taken":0}],"boss_relics":[{"not_picked":["Lizard Tail","Ectoplasm"],"picked":"Sozu"}],"potions_floor_spawned":[4,5,6,23,27],"seed_played":"7577250023615266990","killed_by":"Champ","ascension_level":2,"is_trial":false}