{"gold_per_floor":[361,286,296,296,309,340,340,353,353,353,353,371,371,382,382,484,484,501,401,401,415,96,96,113,113,181,193,193,212,212,227,227,330,330,341,357,370,381,392,392,406,406,432,432,432,432,432,136,136,136],"floor_reached":50,"playtime":2019,"items_purged":["Doubt","Bash","Defend_R"],"score":498,"play_id":"7d4d8a87-d048-4b67-8d44-8edae2407136","local_time":"20180915145710","is_ascension_mode":false,"campfire_choices":[{"data":"Searing Blow+1","floor":7.0,"key":"SMITH"},{"data":"Searing Blow+2","floor":10.0,"key":"SMITH"},{"data":"Searing Blow+4","floor":15.0,"key":"SMITH"},{"data":"Apotheosis","floor":23.0,"key":"SMITH"},{"data":"Searing Blow+5","floor":25.0,"key":"SMITH"},{"data":"Searing Blow+6","floor":28.0,"key":"SMITH"},{"data":"Searing Blow+7","floor":30.0,"key":"SMITH"},{"data":"Searing Blow+8","floor":32.0,"key":"SMITH"},{"data":"Searing Blow+9","floor":40,"key":"SMITH"},{"data":"Searing Blow+10","floor":42,"key":"SMITH"},{"data":"Searing Blow+11","floor":45,"key":"SMITH"},{"data":"Searing Blow+12","floor":49,"key":"SMITH"}],"neow_cost":"CURSE","seed_source_timestamp":0,"circlet_count":0,"master_deck":["Strike_R","Strike_R","Strike_R","Strike_R","Strike_R+1","Defend_R","Defend_R+1","Defend_R+1","Searing Blow+13","Twin Strike","Whirlwind","Heavy Blade","Feed","Spot Weakness","Apotheosis+1","Regret","Limit Break","Writhe"],"special_seed":0,"relics":["Burning Blood","War Paint","Darkstone Periapt","Cursed Key","MutagenicStrength","Ornamental Fan","Eternal Feather","PreservedInsect","Nunchaku"],"potions_floor_usage":[33,35,37,38,39,47],"damage_taken":[{"damage":5.0,"enemies":"Small Slimes","floor":1.0,"turns":5.0},{"damage":10.0,"enemies":"Jaw Worm","floor":3.0,"turns":4.0},{"damage":0.0,"enemies":"2 Louse","floor":5.0,"turns":2.0},{"damage":26.0,"enemies":"Lagavulin","floor":6.0,"turns":5.0},{"damage":0.0,"enemies":"Large Slime","floor":8.0,"turns":5.0},{"damage":11.0,"enemies":"Gremlin Gang","floor":12.0,"turns":2.0},{"damage":1.0,"enemies":"Exordium Wildlife","floor":14.0,"turns":3.0},{"damage":51.0,"enemies":"Hexaghost","floor":16.0,"turns":9.0},{"damage":15.0,"enemies":"Shell Parasite","floor":18.0,"turns":4.0},{"damage":0.0,"enemies":"3 Byrds","floor":21.0,"turns":5.0},{"damage":16.0,"enemies":"Centurion and Healer","floor":24.0,"turns":4.0},{"damage":5.0,"enemies":"3 Cultists","floor":27.0,"turns":4.0},{"damage":31.0,"enemies":"Snake Plant","floor":29.0,"turns":4.0},{"damage":0.0,"enemies":"Shelled Parasite and Fungi","floor":31.0,"turns":2.0},{"damage":50,"enemies":"Automaton","floor":33,"turns":6},{"damage":7,"enemies":"Orb Walker","floor":35,"turns":3},{"damage":37,"enemies":"3 Shapes","floor":36,"turns":3},{"damage":26,"enemies":"Reptomancer","floor":37,"turns":3},{"damage":5,"enemies":"3 Darklings","floor":38,"turns":4},{"damage":16,"enemies":"4 Shapes","floor":39,"turns":2},{"damage":4,"enemies":"Sphere and 2 Shapes","floor":41,"turns":4},{"damage":0,"enemies":"Transient","floor":47,"turns":1},{"damage":92,"enemies":"Awakened One","floor":50,"turns":4}],"seed_played":"3951006043662759941","potions_obtained":[{"floor":1.0,"key":"LiquidBronze"},{"floor":5.0,"key":"SkillPotion"},{"floor":12.0,"key":"Poison Potion"},{"floor":18.0,"key":"Block Potion"},{"floor":29.0,"key":"Fire Potion"},{"floor":33,"key":"SteroidPotion"},{"floor":35,"key":"AttackPotion"},{"floor":37,"key":"Block Potion"},{"floor":38,"key":"AttackPotion"},{"floor":39,"key":"SmokeBomb"}],"is_trial":false,"path_per_floor":["M","$","M","?","M","E","R","M","T","R","?","M","?","M","R","B",null,"M","$","?","M","$","R","M","R","T","M","R","M","R","M","R","B",null,"M","M","M","M","M","R","M","R","T","?","R","?","M","$","R"],"character_chosen":"IRONCLAD","items_purchased":["Apotheosis","Nunchaku"],"campfire_rested":0,"item_purchase_floors":[22,48],"current_hp_per_floor":[80,80,76,60,66,46,46,52,52,52,52,47,47,52,52,7,80,74,74,74,83,83,83,73,73,79,84,84,59,59,65,65,21,96,95,64,44,45,35,44,46,55,61,61,70,70,76,76,85,0],"gold":136,"neow_bonus":"TWO_FIFTY_GOLD","is_prod":false,"is_daily":false,"chose_seed":false,"campfire_upgraded":12,"win_rate":0,"timestamp":1537037830,"path_taken":["M","$","M","?","M","E","R","M","T","R","?","?","?","M","R","BOSS","M","$","?","?","$","R","M","R","T","M","R","M","R","M","R","BOSS","M","M","M","M","M","R","M","R","T","?","R","?","M","$","R","BOSS"],"build_version":"2018-09-06","purchased_purges":3,"victory":false,"max_hp_per_floor":[80,80,80,80,80,80,80,80,80,80,80,80,80,80,80,80,80,83,83,83,86,86,86,86,86,92,96,96,96,96,96,96,96,96,96,96,96,96,96,96,96,96,102,102,102,102,102,102,102,102],"card_choices":[{"not_picked":["Second Wind","Sword Boomerang"],"picked":"Searing Blow","floor":1.0},{"not_picked":["Cleave","Entrench"],"picked":"Twin Strike","floor":3.0},{"not_picked":["Flex","Pummel"],"picked":"Whirlwind","floor":5.0},{"not_picked":["Sentinel","Feed","Searing Blow"],"picked":"SKIP","floor":6.0},{"not_picked":["Perfected Strike","Battle Trance"],"picked":"Heavy Blade","floor":8.0},{"not_picked":["Armaments","Warcry","Wild Strike"],"picked":"SKIP","floor":12.0},{"not_picked":["True Grit","Rampage","Headbutt"],"picked":"SKIP","floor":14.0},{"not_picked":["Brutality","Bludgeon"],"picked":"Feed","floor":16.0},{"not_picked":["Heavy Blade","Entrench","Uppercut+1"],"picked":"SKIP","floor":18.0},{"not_picked":["Intimidate","Warcry"],"picked":"Spot Weakness","floor":21.0},{"not_picked":["Headbutt","Metallicize","Carnage"],"picked":"SKIP","floor":24.0},{"not_picked":["Wild Strike","Shockwave","Headbutt"],"picked":"SKIP","floor":27.0},{"not_picked":["Rage","Thunderclap","Wild Strike"],"picked":"SKIP","floor":29.0},{"not_picked":["Bloodletting","Anger","Hemokinesis"],"picked":"SKIP","floor":31.0},{"not_picked":["Sever Soul+1","Havoc","Wild Strike+1"],"picked":"SKIP","floor":35},{"not_picked":["Perfected Strike+1","Sword Boomerang","Iron Wave+1"],"picked":"SKIP","floor":36},{"not_picked":["Clash+1","Searing Blow+1","Anger"],"picked":"SKIP","floor":37},{"not_picked":["Anger+1","Ghostly Armor+1"],"picked":"Limit Break","floor":38},{"not_picked":["Thunderclap","Havoc","Warcry"],"picked":"SKIP","floor":39},{"not_picked":["Power Through+1","Twin Strike+1","Second Wind"],"picked":"SKIP","floor":41}],"player_experience":149991,"relics_obtained":[{"floor":6.0,"key":"War Paint"},{"floor":9.0,"key":"Darkstone Periapt"},{"floor":26.0,"key":"Ornamental Fan"},{"floor":43,"key":"PreservedInsect"}],"event_choices":[{"event_name":"Shining Light","player_choice":"Entered Light","floor":4.0,"damage_taken":0.0},{"event_name":"Dead Adventurer","player_choice":"Searched \u00270\u0027 times","floor":11.0,"damage_taken":0.0},{"event_name":"Living Wall","player_choice":"Grow","floor":13.0,"damage_taken":0.0},{"event_name":"Drug Dealer","player_choice":"Inject Mutagens","floor":20.0,"damage_taken":0.0},{"event_name":"SensoryStone","player_choice":"Memory 1","floor":44,"damage_taken":0},{"event_name":"Mysterious Sphere","player_choice":"Ignore","floor":46,"damage_taken":0}],"is_beta":false,"boss_relics":[{"not_picked":["Philosopher\u0027s Stone","White Beast Statue"],"picked":"Cursed Key"},{"not_picked":["Calling Bell","Orrery"],"picked":"Eternal Feather"}],"items_purged_floors":[2,19,22],"is_endless":false,"potions_floor_spawned":[1,5,12,18,29,33,35,37,38,39],"killed_by":"Awakened One","ascension_level":0}