{"gold_per_floor":[111,121,46,101,101,101,134,134,134,168,185,197,232,152,152,254,254,273,290,309,329,111,145,244,244,244,579,138,168,168,200,200,295,295,313,361,379,34,0,0,26,26,51,71,88,117,117,133,133,133,133,133,83,112,112],"floor_reached":56,"playtime":3304,"items_purged":["Strike_R","Strike_R","Strike_R","Strike_R","Defend_R"],"score":1506,"play_id":"f0224639-5409-43fc-bb93-6917118efb73","local_time":"20190201204703","is_ascension_mode":true,"campfire_choices":[{"data":"Body Slam","floor":6.0,"key":"SMITH"},{"data":"Shrug It Off","floor":8.0,"key":"SMITH"},{"floor":15.0,"key":"RECALL"},{"data":"Body Slam","floor":25.0,"key":"SMITH"},{"data":"Berserk","floor":32.0,"key":"SMITH"},{"data":"Double Tap","floor":40,"key":"SMITH"},{"data":"Shrug It Off","floor":49,"key":"SMITH"},{"data":"Shrug It Off","floor":52,"key":"SMITH"}],"neow_cost":"NONE","seed_source_timestamp":0,"circlet_count":0,"master_deck":["Defend_R","Defend_R","Defend_R","Bash+1","Body Slam+1","Seeing Red","Shrug It Off+1","Warcry","Iron Wave","Dropkick","Inflame","Impervious","Body Slam+1","Disarm+1","Body Slam+1","Berserk+1","Impervious","Double Tap+1","Shrug It Off+1","Disarm","Rage+1","Entrench+1","Armaments+1","Shrug It Off+1","Panache","Whirlwind","Metallicize+1","Battle Trance"],"special_seed":0,"relics":["Burning Blood","Meat on the Bone","Letter Opener","Question Card","The Courier","Coffee Dripper","Oddly Smooth Stone","Gambling Chip","Singing Bowl","Old Coin","PreservedInsect","Gremlin Horn","Mango","Potion Belt","Orrery","Prayer Wheel","Strawberry","Calipers","Red Mask","Vajra","Smiling Mask","Pantograph","Paper Frog"],"potions_floor_usage":[41,46,55,55,55,55,55],"damage_taken":[{"damage":0.0,"enemies":"Cultist","floor":1.0,"turns":3.0},{"damage":2.0,"enemies":"2 Louse","floor":2.0,"turns":2.0},{"damage":21.0,"enemies":"Lagavulin","floor":7.0,"turns":9.0},{"damage":31.0,"enemies":"3 Sentries","floor":10.0,"turns":10.0},{"damage":1.0,"enemies":"Jaw Worm","floor":11.0,"turns":3.0},{"damage":0.0,"enemies":"Exordium Thugs","floor":12.0,"turns":3.0},{"damage":0.0,"enemies":"Lagavulin","floor":13.0,"turns":4.0},{"damage":16.0,"enemies":"The Guardian","floor":16.0,"turns":11.0},{"damage":5.0,"enemies":"Shell Parasite","floor":18.0,"turns":2.0},{"damage":0.0,"enemies":"Chosen","floor":19.0,"turns":4.0},{"damage":20.0,"enemies":"Snecko","floor":20.0,"turns":6.0},{"damage":2.0,"enemies":"Centurion and Healer","floor":21.0,"turns":5.0},{"damage":9.0,"enemies":"Slavers","floor":23.0,"turns":5.0},{"damage":6.0,"enemies":"Book of Stabbing","floor":27.0,"turns":6.0},{"damage":29.0,"enemies":"Slavers","floor":29.0,"turns":3.0},{"damage":12.0,"enemies":"Book of Stabbing","floor":31.0,"turns":5.0},{"damage":21.0,"enemies":"Champ","floor":33.0,"turns":9.0},{"damage":0.0,"enemies":"3 Shapes","floor":35.0,"turns":3.0},{"damage":15.0,"enemies":"2 Orb Walkers","floor":36.0,"turns":5.0},{"damage":3.0,"enemies":"Orb Walker","floor":37.0,"turns":3.0},{"damage":0,"enemies":"Reptomancer","floor":41,"turns":2},{"damage":0,"enemies":"4 Shapes","floor":44,"turns":7},{"damage":9,"enemies":"Maw","floor":45,"turns":7},{"damage":0,"enemies":"Nemesis","floor":46,"turns":5},{"damage":0,"enemies":"Jaw Worm Horde","floor":48,"turns":2},{"damage":8,"enemies":"Time Eater","floor":50,"turns":11},{"damage":0,"enemies":"Shield and Spear","floor":54,"turns":4},{"damage":63,"enemies":"The Heart","floor":55,"turns":13}],"seed_played":"-3936106975837584500","potions_obtained":[{"floor":1.0,"key":"Block Potion"},{"floor":2.0,"key":"PowerPotion"},{"floor":11.0,"key":"SteroidPotion"},{"floor":12.0,"key":"AttackPotion"},{"floor":19.0,"key":"GamblersBrew"},{"floor":20.0,"key":"Swift Potion"},{"floor":23.0,"key":"Strength Potion"},{"floor":31.0,"key":"Weak Potion"},{"floor":33.0,"key":"Weak Potion"},{"floor":36.0,"key":"SkillPotion"},{"floor":37.0,"key":"Energy Potion"},{"floor":41,"key":"Block Potion"},{"floor":48,"key":"Fruit Juice"},{"floor":54,"key":"Block Potion"}],"is_trial":false,"path_per_floor":["M","M","$","T","?","R","E","R","T","E","M","M","E","$","R","B",null,"M","M","M","M","$","E","?","R","T","E","$","E","?","E","R","B",null,"M","?","M","$","?","R","E","?","T","M","M","E","?","M","R","B",null,"R","$","E","B",null],"character_chosen":"IRONCLAD","items_purchased":["Oddly Smooth Stone","PreservedInsect","Gremlin Horn","Strawberry","Calipers"],"campfire_rested":0,"item_purchase_floors":[22,28,28,38,38],"current_hp_per_floor":[80,80,80,80,80,80,65,65,65,52,57,63,69,69,69,59,80,80,80,66,70,70,67,67,67,67,67,67,70,51,57,57,54,103,103,94,99,106,106,106,114,114,114,118,117,120,120,122,122,120,122,122,122,124,72],"gold":112,"neow_bonus":"UPGRADE_CARD","is_prod":false,"is_daily":false,"chose_seed":false,"campfire_upgraded":7,"win_rate":0,"timestamp":1549043223,"path_taken":["M","M","$","?","?","R","E","R","T","E","M","?","E","?","R","BOSS","M","M","M","M","$","E","?","R","T","E","$","E","?","E","R","BOSS","M","?","M","$","?","R","E","?","T","M","?","E","?","M","R","BOSS","R","$","E","BOSS"],"build_version":"2019-01-23","purchased_purges":5,"victory":true,"max_hp_per_floor":[80,80,80,80,80,80,80,80,80,80,80,80,80,80,80,80,80,80,80,80,80,80,80,80,80,80,80,80,94,99,99,99,99,103,103,103,105,112,112,112,114,114,114,118,120,120,120,122,122,122,122,122,122,124,129],"card_choices":[{"not_picked":["Flex","Entrench"],"picked":"Body Slam","floor":1.0},{"not_picked":["True Grit","Iron Wave"],"picked":"Seeing Red","floor":2.0},{"not_picked":["Uppercut","Dark Embrace"],"picked":"Shrug It Off","floor":7.0},{"not_picked":["Uppercut","Perfected Strike"],"picked":"Warcry","floor":10.0},{"not_picked":["Rupture","True Grit","Wild Strike"],"picked":"Iron Wave","floor":11.0},{"not_picked":["Hemokinesis","Rupture","Seeing Red"],"picked":"Dropkick","floor":12.0},{"not_picked":["Armaments","Rupture","Headbutt"],"picked":"Inflame","floor":13.0},{"not_picked":["Feed","Berserk","Double Tap"],"picked":"Impervious","floor":16.0},{"not_picked":["Armaments+1","Perfected Strike+1","Sentinel","Shockwave"],"picked":"SKIP","floor":18.0},{"not_picked":["Iron Wave","Twin Strike","Fire Breathing"],"picked":"Body Slam","floor":19.0},{"not_picked":["Havoc","Rupture","Iron Wave","Pommel Strike"],"picked":"SKIP","floor":20.0},{"not_picked":["Blood for Blood","Inflame","Sword Boomerang"],"picked":"Disarm+1","floor":21.0},{"not_picked":["Thunderclap","Clash","Twin Strike"],"picked":"Rage","floor":23.0},{"not_picked":["Iron Wave","Armaments","Dropkick"],"picked":"Body Slam+1","floor":27.0},{"not_picked":["Pommel Strike","Twin Strike+1","Armaments"],"picked":"Berserk","floor":29.0},{"not_picked":["Spot Weakness+1","Burning Pact","Searing Blow"],"picked":"Impervious","floor":31.0},{"not_picked":["Reaper","Bludgeon","Feed"],"picked":"Double Tap","floor":33.0},{"not_picked":["Power Through","Pommel Strike+1","Body Slam"],"picked":"Shrug It Off","floor":34.0},{"not_picked":["True Grit","Iron Wave","Headbutt+1"],"picked":"Disarm","floor":34.0},{"not_picked":["Thunderclap","Headbutt","Shrug It Off","Feel No Pain"],"picked":"Singing Bowl","floor":34.0},{"not_picked":["Shockwave","Body Slam","Wild Strike"],"picked":"Rage+1","floor":34.0},{"not_picked":["Flex","Cleave","Clash","Pommel Strike"],"picked":"Singing Bowl","floor":34.0},{"not_picked":["Thunderclap+1","Clash","Dropkick+1"],"picked":"Entrench+1","floor":35.0},{"not_picked":["Entrench","Anger+1","Iron Wave+1"],"picked":"Armaments+1","floor":36.0},{"not_picked":["Exhume","Pommel Strike+1","Body Slam"],"picked":"Shrug It Off","floor":37.0},{"not_picked":["Armaments+1","Wild Strike+1","Heavy Blade","Pommel Strike"],"picked":"Singing Bowl","floor":37.0},{"not_picked":["Infernal Blade","Clothesline+1","Wild Strike","Power Through"],"picked":"Singing Bowl","floor":41},{"not_picked":["Apotheosis","Secret Weapon","Discovery"],"picked":"Panache","floor":42},{"not_picked":["Fire Breathing+1","Cleave","Thunderclap","Hemokinesis+1"],"picked":"Singing Bowl","floor":44},{"not_picked":["Rage+1","Fire Breathing+1","Combust","Pommel Strike"],"picked":"Singing Bowl","floor":44},{"not_picked":["Carnage+1","Shrug It Off","Iron Wave+1"],"picked":"Whirlwind","floor":45},{"not_picked":["Reaper","Wild Strike","Power Through+1","Cleave+1"],"picked":"Singing Bowl","floor":45},{"not_picked":["True Grit+1","Perfected Strike+1","Flex+1"],"picked":"Metallicize+1","floor":46},{"not_picked":["Pommel Strike","Twin Strike","Evolve+1"],"picked":"Battle Trance","floor":48},{"not_picked":["Reaper","Wild Strike+1","Clash","True Grit"],"picked":"Singing Bowl","floor":48},{"not_picked":["Rage+1","Pommel Strike","Spot Weakness","Warcry"],"picked":"Singing Bowl","floor":54}],"player_experience":238652,"relics_obtained":[{"floor":7.0,"key":"Meat on the Bone"},{"floor":9.0,"key":"Letter Opener"},{"floor":10.0,"key":"Question Card"},{"floor":13.0,"key":"The Courier"},{"floor":23.0,"key":"Gambling Chip"},{"floor":26.0,"key":"Singing Bowl"},{"floor":27.0,"key":"Old Coin"},{"floor":29.0,"key":"Mango"},{"floor":31.0,"key":"Potion Belt"},{"floor":36.0,"key":"Prayer Wheel"},{"floor":41,"key":"Vajra"},{"floor":43,"key":"Smiling Mask"},{"floor":46,"key":"Pantograph"},{"floor":54,"key":"Paper Frog"}],"event_choices":[{"cards_removed":["Strike_R"],"damage_healed":0.0,"max_hp_gain":0.0,"max_hp_loss":0.0,"gold_gain":0.0,"event_name":"Living Wall","player_choice":"Forget","floor":5.0,"gold_loss":0.0,"damage_taken":0.0},{"damage_healed":0.0,"max_hp_gain":0.0,"max_hp_loss":0.0,"gold_gain":99.0,"event_name":"Nest","player_choice":"Stole From Cult","floor":24.0,"gold_loss":0.0,"damage_taken":0.0},{"damage_healed":0.0,"max_hp_gain":5.0,"max_hp_loss":0.0,"gold_gain":0.0,"event_name":"Forgotten Altar","player_choice":"Shed Blood","floor":30.0,"gold_loss":0.0,"damage_taken":24.0},{"damage_healed":0.0,"max_hp_gain":0.0,"max_hp_loss":0.0,"gold_gain":0.0,"event_name":"Mysterious Sphere","player_choice":"Fight","floor":36.0,"gold_loss":0.0,"damage_taken":0.0},{"damage_healed":0,"gold_gain":0,"player_choice":"Paid","damage_taken":0,"relics_obtained":["Red Mask"],"max_hp_gain":0,"max_hp_loss":0,"event_name":"Tomb of Lord Red Mask","floor":39,"gold_loss":34},{"damage_healed":0,"gold_gain":0,"player_choice":"Memory 1","damage_taken":0,"max_hp_gain":0,"max_hp_loss":0,"event_name":"SensoryStone","floor":42,"gold_loss":0},{"cards_removed":["Rage"],"damage_healed":0,"gold_gain":0,"player_choice":"Removed Skill","damage_taken":0,"max_hp_gain":0,"max_hp_loss":0,"event_name":"Falling","floor":47,"gold_loss":0}],"is_beta":false,"boss_relics":[{"not_picked":["Fusion Hammer","Astrolabe"],"picked":"Coffee Dripper"},{"not_picked":["Lizard Tail","Pandora\u0027s Box"],"picked":"Orrery"}],"items_purged_floors":[3,14,22,28,53],"is_endless":false,"potions_floor_spawned":[1,2,11,12,19,20,23,31,33,36,37,41,48,54],"ascension_level":1}