{"gold_per_floor":[113,125,125,125,140,174,189,189,216,166,186,186,202,235,235,330,330,347,188,198,148,11,11],"floor_reached":23,"playtime":1486,"items_purged":["Defend_B","Strike_B"],"score":231,"play_id":"4af99649-6cd0-4b5a-8b2e-3d09226a134f","local_time":"20190128155146","is_ascension_mode":true,"campfire_choices":[{"data":"Chill","floor":8,"key":"SMITH"},{"floor":12,"key":"REST"},{"data":"Chaos","floor":15,"key":"SMITH"}],"neow_cost":"NONE","seed_source_timestamp":386491441460241,"circlet_count":0,"master_deck":["Strike_B","Strike_B+1","Defend_B","Defend_B","Defend_B","Zap","Dualcast+1","Steam","Streamline","Reprogram","Chaos+1","Chill+1","Compile Driver","Gash","Capacitor","Fission","White Noise","PanicButton","Melter","Self Repair"],"relics":["Cracked Core","Vajra","DataDisk","Inserter"],"potions_floor_usage":[6,16,16],"damage_taken":[{"damage":4,"enemies":"Jaw Worm","floor":1,"turns":3},{"damage":3,"enemies":"2 Louse","floor":2,"turns":2},{"damage":0,"enemies":"Small Slimes","floor":5,"turns":3},{"damage":60,"enemies":"3 Sentries","floor":6,"turns":14},{"damage":6,"enemies":"Blue Slaver","floor":7,"turns":4},{"damage":7,"enemies":"Red Slaver","floor":11,"turns":3},{"damage":0,"enemies":"2 Fungi Beasts","floor":13,"turns":3},{"damage":11,"enemies":"Lagavulin","floor":14,"turns":7},{"damage":10,"enemies":"The Guardian","floor":16,"turns":10},{"damage":33,"enemies":"3 Byrds","floor":18,"turns":6},{"damage":11,"enemies":"Shell Parasite","floor":20,"turns":7},{"damage":40,"enemies":"Gremlin Leader","floor":23,"turns":9}],"seed_played":"1617990346725699546","potions_obtained":[{"floor":5,"key":"Swift Potion"},{"floor":6,"key":"SkillPotion"},{"floor":7,"key":"PowerPotion"},{"floor":14,"key":"Dexterity Potion"}],"is_trial":false,"path_per_floor":["M","M","?","?","M","E","M","R","T","?","M","R","M","E","R","B",null,"M","$","M","?","$","E"],"character_chosen":"DEFECT","items_purchased":["PanicButton","Self Repair"],"campfire_rested":1,"item_purchase_floors":[19,22],"current_hp_per_floor":[78,75,59,82,82,22,16,16,16,16,9,33,33,22,22,12,82,49,49,38,38,38,0],"gold":11,"neow_bonus":"TEN_PERCENT_HP_BONUS","is_prod":false,"is_daily":false,"chose_seed":false,"campfire_upgraded":2,"win_rate":0,"timestamp":1548708706,"path_taken":["M","M","?","?","M","E","M","R","T","?","?","R","M","E","R","BOSS","M","$","M","?","$","E"],"build_version":"2019-01-23","purchased_purges":2,"victory":false,"max_hp_per_floor":[82,82,82,82,82,82,82,82,82,82,82,82,82,82,82,82,82,82,82,82,82,82,82],"card_choices":[{"not_picked":["Streamline","Turbo"],"picked":"Steam","floor":1},{"not_picked":["Static Discharge","Turbo"],"picked":"Streamline","floor":2},{"not_picked":["Coolheaded","Beam Cell"],"picked":"Reprogram","floor":5},{"not_picked":["Skim","Stack"],"picked":"Chaos","floor":6},{"not_picked":["Undo","Go for the Eyes"],"picked":"Chill","floor":7},{"not_picked":["Darkness","Heatsinks"],"picked":"Compile Driver","floor":11},{"not_picked":["Barrage","Double Energy"],"picked":"Gash","floor":13},{"not_picked":["Compile Driver","Streamline"],"picked":"Capacitor","floor":14},{"not_picked":["Meteor Strike","Core Surge"],"picked":"Fission","floor":16},{"not_picked":["Beam Cell","Blizzard"],"picked":"White Noise","floor":18},{"not_picked":["Heatsinks","Undo"],"picked":"Melter","floor":20}],"player_experience":206320,"relics_obtained":[{"floor":6,"key":"Vajra"},{"floor":14,"key":"DataDisk"}],"event_choices":[{"damage_healed":0,"gold_gain":0,"player_choice":"Entered Light","damage_taken":16,"max_hp_gain":0,"max_hp_loss":0,"event_name":"Shining Light","floor":3,"gold_loss":0,"cards_upgraded":["Dualcast","Strike_B"]},{"damage_healed":27,"gold_gain":0,"player_choice":"Banana","damage_taken":0,"max_hp_gain":0,"max_hp_loss":0,"event_name":"Big Fish","floor":4,"gold_loss":0},{"cards_removed":["Strike_B"],"damage_healed":0,"gold_gain":0,"player_choice":"Card Removal","damage_taken":0,"max_hp_gain":0,"max_hp_loss":0,"event_name":"The Cleric","floor":10,"gold_loss":50},{"damage_healed":0,"gold_gain":0,"player_choice":"Bet on Murderer","damage_taken":0,"max_hp_gain":0,"max_hp_loss":0,"event_name":"The Joust","floor":21,"gold_loss":50}],"is_beta":false,"boss_relics":[{"not_picked":["Astrolabe","Runic Dome"],"picked":"Inserter"}],"items_purged_floors":[19,22],"is_endless":false,"potions_floor_spawned":[5,6,7,14],"killed_by":"Gremlin Leader","ascension_level":3}