{"path_per_floor":["M","M","$","M","M","R","?","R","T","R","?","M","M","M","R","B",null,"M","M","M","?","M","R","M","M","T","?","?","T","M","M","R","B",null,"M","M","?","?","M","R"],"character_chosen":"THE_SILENT","items_purchased":["Flash of Steel"],"gold_per_floor":[110,126,23,35,53,53,53,53,78,78,78,98,113,129,129,226,226,245,262,274,274,291,291,301,316,341,341,341,341,357,373,373,471,471,488,502,502,502,521,521,521],"floor_reached":41,"campfire_rested":3,"playtime":2158,"current_hp_per_floor":[70,70,70,70,67,67,67,67,67,67,70,70,66,61,61,58,70,69,56,52,39,13,35,32,32,32,32,32,32,31,21,43,27,75,74,58,58,58,4,26,0],"items_purged":[],"gold":521,"score":391,"play_id":"dcd64276-5b79-48c6-b313-f056a681d4c3","local_time":"20180417172944","is_prod":false,"is_daily":false,"chose_seed":false,"is_ascension_mode":false,"campfire_upgraded":4,"timestamp":1523953784,"path_taken":["M","M","$","M","M","R","?","R","T","R","?","M","M","M","R","BOSS","M","M","M","?","?","R","M","M","T","?","?","?","?","M","R","BOSS","M","M","?","?","M","R","M"],"build_version":"2018-04-12","seed_source_timestamp":0,"purchased_purges":0,"victory":false,"master_deck":["Survivor","Neutralize","Poisoned Stab","Dodge and Roll","Terror","Dash","Dagger Spray","Terror+1","Well Laid Plans","Predator","Leg Sweep","Endless Agony","Cloak And Dagger+1","All Out Attack","Flash of Steel","Finisher+1","Parasite","Cloak And Dagger+1","Adrenaline","Doppelganger","Accuracy+1","Outmaneuver","Expertise+1","Cloak And Dagger","Backflip","Backflip","After Image","Deflect+1","Dark Shackles","Backstab"],"max_hp_per_floor":[70,70,70,70,70,70,70,70,70,70,70,70,70,70,70,70,70,70,70,70,75,75,75,75,75,75,75,75,75,75,75,75,75,75,75,75,75,75,75,75,75],"relics":["Pandora\u0027s Box"],"card_choices":[{"not_picked":["Slice","Leg Sweep"],"picked":"Cloak And Dagger","floor":1.0},{"not_picked":["Terror","Flying Knee"],"picked":"All Out Attack","floor":2.0},{"not_picked":["Glass Knife","Dodge and Roll"],"picked":"Cloak And Dagger","floor":12.0},{"not_picked":["Footwork","Outmaneuver"],"picked":"Adrenaline","floor":13.0},{"not_picked":["Grand Finale","Envenom"],"picked":"Doppelganger","floor":16.0},{"not_picked":["Bane","Poisoned Stab"],"picked":"Accuracy","floor":18.0},{"not_picked":["Flying Knee","All Out Attack"],"picked":"Outmaneuver","floor":20.0},{"not_picked":["Outmaneuver","Malaise"],"picked":"Expertise","floor":24.0},{"not_picked":["Noxious Fumes","Deadly Poison"],"picked":"Cloak And Dagger","floor":25.0},{"not_picked":["Bane","Setup"],"picked":"Backflip","floor":30.0},{"not_picked":["Prepared","Night Terror"],"picked":"Backflip","floor":31.0},{"not_picked":["Venomology","Die Die Die"],"picked":"After Image","floor":33},{"not_picked":["Flechettes","Well Laid Plans"],"picked":"Deflect","floor":36},{"not_picked":["Transmutation","Jack Of All Trades"],"picked":"Dark Shackles","floor":37},{"not_picked":["Infinite Blades","Slice"],"picked":"Backstab","floor":39}],"player_experience":454944,"potions_floor_usage":[33,33],"damage_taken":[{"damage":0.0,"enemies":"Jaw Worm","floor":1.0,"turns":3.0},{"damage":0.0,"enemies":"Cultist","floor":2.0,"turns":3.0},{"damage":0.0,"enemies":"Small Slimes","floor":4.0,"turns":3.0},{"damage":3.0,"enemies":"3 Louse","floor":5.0,"turns":2.0},{"damage":0.0,"enemies":"Exordium Wildlife","floor":12.0,"turns":2.0},{"damage":4.0,"enemies":"2 Fungi Beasts","floor":13.0,"turns":2.0},{"damage":5.0,"enemies":"Blue Slaver","floor":14.0,"turns":3.0},{"damage":3.0,"enemies":"The Guardian","floor":16.0,"turns":8.0},{"damage":1.0,"enemies":"3 Byrds","floor":18.0,"turns":4.0},{"damage":13.0,"enemies":"2 Thieves","floor":19.0,"turns":3.0},{"damage":4.0,"enemies":"Centurion and Healer","floor":20.0,"turns":4.0},{"damage":26.0,"enemies":"Snake Plant","floor":22.0,"turns":3.0},{"damage":3.0,"enemies":"Snecko","floor":24.0,"turns":5.0},{"damage":0.0,"enemies":"Centurion and Healer","floor":25.0,"turns":5.0},{"damage":16.0,"enemies":"Cultist and Chosen","floor":30.0,"turns":7.0},{"damage":10.0,"enemies":"Snake Plant","floor":31.0,"turns":5.0},{"damage":16,"enemies":"Automaton","floor":33,"turns":12},{"damage":1,"enemies":"Orb Walker","floor":35,"turns":3},{"damage":16,"enemies":"3 Darklings","floor":36,"turns":7},{"damage":54,"enemies":"4 Shapes","floor":39,"turns":7},{"damage":33,"enemies":"Sphere and 2 Shapes","floor":41,"turns":5}],"event_choices":[{"event_name":"Match and Keep!","player_choice":"1 cards matched","floor":7.0,"damage_taken":0.0},{"event_name":"Mushrooms","player_choice":"Healed and dodged fight","floor":11.0,"damage_taken":0.0},{"event_name":"Forgotten Altar","player_choice":"Shed Blood","floor":21.0,"damage_taken":0.0},{"event_name":"Vampires","player_choice":"Ignored","floor":27.0,"damage_taken":0.0},{"event_name":"The Mausoleum","player_choice":"No","floor":28.0,"damage_taken":0.0},{"event_name":"SensoryStone","player_choice":"Memory 1","floor":37,"damage_taken":0},{"event_name":"Mysterious Sphere","player_choice":"Ignore","floor":38,"damage_taken":0}],"boss_relics":[{"not_picked":["Sozu","Orrery","Velvet Choker"]}],"potions_floor_spawned":[1,2,13,14,18,22,24,30,36],"seed_played":"-7735712106491265466","killed_by":"Sphere and 2 Shapes","ascension_level":0,"is_trial":false}