{"gold_per_floor":[99,99,99,99,99,99,26,26,26,26,26,26,26,26,26,26,26,0,0,0,0,0,0,0,0,0,0,0,0,0,0,0,0],"floor_reached":33,"playtime":990,"items_purged":[],"score":235,"play_id":"d722c89b-3a4f-482c-934b-558ceab7b9d2","local_time":"20190216144509","is_ascension_mode":false,"campfire_choices":[{"data":"Armaments","floor":6,"key":"SMITH"},{"data":"Searing Blow","floor":8,"key":"SMITH"},{"data":"Searing Blow+1","floor":10,"key":"SMITH"},{"data":"Searing Blow+2","floor":15,"key":"SMITH"},{"data":"Searing Blow+3","floor":23,"key":"SMITH"},{"data":"Searing Blow+4","floor":25,"key":"SMITH"},{"data":"Searing Blow+5","floor":27,"key":"SMITH"},{"floor":32,"key":"REST"}],"neow_cost":"NONE","seed_source_timestamp":157128266136598,"circlet_count":0,"master_deck":["Strike_R+1","Strike_R+1","Strike_R+1","Strike_R+1","Strike_R+1","Defend_R+1","Defend_R+1","Defend_R+1","Defend_R+1","Bash+1","Armaments+1","Intimidate","Searing Blow+6","Battle Trance","Shrug It Off","Shrug It Off","Reaper","Thunderclap+1","Cleave","True Grit"],"relics":["Ectoplasm"],"potions_floor_usage":[16,24,33,33,33],"damage_taken":[{"damage":0,"enemies":"Small Slimes","floor":1,"turns":3},{"damage":6,"enemies":"Jaw Worm","floor":3,"turns":3},{"damage":0,"enemies":"Cultist","floor":11,"turns":2},{"damage":3,"enemies":"Large Slime","floor":12,"turns":4},{"damage":0,"enemies":"Exordium Thugs","floor":14,"turns":4},{"damage":18,"enemies":"Hexaghost","floor":16,"turns":5},{"damage":19,"enemies":"2 Thieves","floor":18,"turns":4},{"damage":15,"enemies":"3 Byrds","floor":19,"turns":9},{"damage":4,"enemies":"Snecko","floor":20,"turns":5},{"damage":3,"enemies":"Chosen and Byrds","floor":24,"turns":6},{"damage":2,"enemies":"Cultist and Chosen","floor":30,"turns":4},{"damage":97,"enemies":"Automaton","floor":33,"turns":12}],"seed_played":"3610951336290837252","potions_obtained":[{"floor":5,"key":"Fire Potion"},{"floor":5,"key":"Weak Potion"},{"floor":5,"key":"Regen Potion"},{"floor":16,"key":"SpeedPotion"},{"floor":19,"key":"FearPotion"},{"floor":30,"key":"SkillPotion"}],"is_trial":false,"path_per_floor":["M","?","M","?","?","R","$","R","T","R","M","M","?","M","R","B",null,"M","M","M","?","?","R","M","R","T","R","?","T","M","$","R","B"],"character_chosen":"IRONCLAD","items_purchased":["Searing Blow"],"campfire_rested":1,"item_purchase_floors":[7],"current_hp_per_floor":[80,80,74,58,58,58,58,58,58,58,58,55,55,55,55,51,80,70,59,55,55,55,55,61,61,61,61,61,61,59,59,80,0],"gold":0,"neow_bonus":"BOSS_RELIC","is_prod":false,"is_daily":false,"chose_seed":false,"campfire_upgraded":7,"win_rate":0,"timestamp":1550346309,"path_taken":["M","?","M","?","?","R","$","R","T","R","M","?","?","?","R","BOSS","M","M","M","?","?","R","M","R","T","R","?","?","M","$","R","BOSS"],"build_version":"2019-01-23","purchased_purges":0,"victory":false,"max_hp_per_floor":[80,80,80,80,80,80,80,80,80,80,80,80,80,80,80,80,80,80,80,80,80,80,80,80,80,80,80,80,80,80,80,80,80],"card_choices":[{"not_picked":["Twin Strike","Sever Soul"],"picked":"Armaments","floor":1},{"not_picked":["Metallicize","Body Slam"],"picked":"Intimidate","floor":3},{"not_picked":["Clash","Sword Boomerang"],"picked":"Battle Trance","floor":11},{"not_picked":["Warcry","Thunderclap"],"picked":"Shrug It Off","floor":12},{"not_picked":["Havoc","Perfected Strike"],"picked":"Shrug It Off","floor":14},{"not_picked":["Limit Break","Demon Form"],"picked":"Reaper","floor":16},{"not_picked":["Twin Strike+1","Shrug It Off","Clothesline"],"picked":"SKIP","floor":18},{"not_picked":["True Grit","Twin Strike+1"],"picked":"Thunderclap+1","floor":19},{"not_picked":["Flex","Pommel Strike+1"],"picked":"Cleave","floor":20},{"not_picked":["Clash+1","Wild Strike+1","Heavy Blade"],"picked":"SKIP","floor":24},{"not_picked":["Armaments","Havoc+1"],"picked":"True Grit","floor":30}],"player_experience":192394,"relics_obtained":[],"event_choices":[{"damage_healed":0,"gold_gain":0,"player_choice":"Fled","damage_taken":0,"max_hp_gain":0,"max_hp_loss":0,"event_name":"Scrap Ooze","floor":2,"gold_loss":0},{"damage_healed":0,"gold_gain":0,"player_choice":"Entered Light","damage_taken":16,"max_hp_gain":0,"max_hp_loss":0,"event_name":"Shining Light","floor":4,"gold_loss":0,"cards_upgraded":["Bash","Strike_R"]},{"damage_healed":0,"gold_gain":0,"player_choice":"Got Potions","damage_taken":0,"max_hp_gain":0,"max_hp_loss":0,"event_name":"Lab","floor":5,"gold_loss":0},{"damage_healed":0,"gold_gain":0,"player_choice":"Ignored","damage_taken":0,"max_hp_gain":0,"max_hp_loss":0,"event_name":"Golden Shrine","floor":13,"gold_loss":0},{"damage_healed":0,"gold_gain":0,"player_choice":"Ignored","damage_taken":0,"max_hp_gain":0,"max_hp_loss":0,"event_name":"The Mausoleum","floor":21,"gold_loss":0},{"damage_healed":0,"gold_gain":0,"player_choice":"Simplicity","damage_taken":0,"max_hp_gain":0,"max_hp_loss":0,"event_name":"Back to Basics","floor":22,"gold_loss":0,"cards_upgraded":["Strike_R","Strike_R","Strike_R","Strike_R","Defend_R","Defend_R","Defend_R","Defend_R"]},{"damage_healed":0,"gold_gain":0,"player_choice":"Ignored","damage_taken":0,"max_hp_gain":0,"max_hp_loss":0,"event_name":"Ghosts","floor":28,"gold_loss":0}],"is_beta":false,"boss_relics":[{"not_picked":["Cursed Key","Philosopher\u0027s Stone","Mark of Pain"]}],"items_purged_floors":[],"is_endless":false,"potions_floor_spawned":[11,12,16,19,30],"killed_by":"Automaton","ascension_level":0}