{"gold_per_floor":[110,121,121,46,46,87,87,106,133,157,157,33,33,66,66,192,192,213,233,148,97,97],"floor_reached":22,"playtime":872,"items_purged":["Defend_R","Defend_R"],"score":221,"play_id":"8401e32d-1b0d-4315-a4f2-bd989d755dc0","local_time":"20190308001715","is_ascension_mode":true,"campfire_choices":[{"floor":7,"key":"REST"},{"floor":15,"key":"REST"}],"neow_cost":"NONE","seed_source_timestamp":38951636979400,"circlet_count":0,"master_deck":["Strike_R","Strike_R","Strike_R","Strike_R","Strike_R","Defend_R","Defend_R","Bash","Flex","Uppercut","Perfected Strike","Clash","Twin Strike","Carnage","Perfected Strike","Exhume","Dark Embrace","Second Wind","Flex"],"relics":["Burning Blood","Golden Idol","Omamori","StoneCalendar","Bag of Preparation","Matryoshka","Kunai","Busted Crown","Happy Flower"],"potions_floor_usage":[14,14,22],"damage_taken":[{"damage":12,"enemies":"Jaw Worm","floor":1,"turns":2},{"damage":1,"enemies":"2 Louse","floor":2,"turns":3},{"damage":36,"enemies":"Lagavulin","floor":6,"turns":6},{"damage":1,"enemies":"Cultist","floor":8,"turns":3},{"damage":4,"enemies":"Looter","floor":10,"turns":3},{"damage":15,"enemies":"3 Sentries","floor":14,"turns":5},{"damage":64,"enemies":"The Guardian","floor":16,"turns":11},{"damage":24,"enemies":"3 Byrds","floor":18,"turns":5},{"damage":42,"enemies":"Shell Parasite","floor":19,"turns":5},{"damage":41,"enemies":"Shelled Parasite and Fungi","floor":22,"turns":2}],"seed_played":"-1028062820901948731","potions_obtained":[{"floor":8,"key":"Block Potion"},{"floor":10,"key":"SkillPotion"},{"floor":19,"key":"FearPotion"}],"is_trial":false,"path_per_floor":["M","M","?","$","?","E","R","M","T","M","?","$","?","E","R","B",null,"M","M","?","$","M"],"character_chosen":"IRONCLAD","items_purchased":["Perfected Strike","Flex"],"campfire_rested":2,"item_purchase_floors":[12,21],"current_hp_per_floor":[74,79,74,74,74,44,66,71,71,73,78,78,71,62,79,21,79,61,25,25,25,0],"gold":97,"neow_bonus":"THREE_CARDS","is_prod":false,"is_daily":false,"chose_seed":false,"campfire_upgraded":0,"win_rate":0,"timestamp":1552025835,"path_taken":["M","M","?","$","?","E","R","M","T","?","?","$","?","E","R","BOSS","M","M","?","$","M"],"build_version":"2019-01-23","purchased_purges":2,"victory":false,"max_hp_per_floor":[80,80,74,74,74,74,74,74,74,74,79,79,79,79,79,79,79,79,79,79,79,79],"card_choices":[{"not_picked":["Wild Strike","Shrug It Off"],"picked":"Flex","floor":0},{"not_picked":["Warcry","Sentinel"],"picked":"Uppercut","floor":1},{"not_picked":["Evolve","Burning Pact"],"picked":"Perfected Strike","floor":2},{"not_picked":["Body Slam","Heavy Blade"],"picked":"Clash","floor":6},{"not_picked":["Shrug It Off","Searing Blow"],"picked":"Twin Strike","floor":8},{"not_picked":["Clothesline","Spot Weakness"],"picked":"Carnage","floor":10},{"not_picked":["Shrug It Off","Ghostly Armor"],"picked":"Exhume","floor":14},{"not_picked":["Offering","Fiend Fire"],"picked":"Dark Embrace","floor":16},{"not_picked":["Entrench"],"picked":"SKIP","floor":18},{"not_picked":[],"picked":"Second Wind","floor":19}],"player_experience":316999,"relics_obtained":[{"floor":5,"key":"Omamori"},{"floor":6,"key":"StoneCalendar"},{"floor":9,"key":"Bag of Preparation"},{"floor":14,"key":"Kunai"}],"event_choices":[{"damage_healed":0,"gold_gain":0,"player_choice":"Lose Max HP","damage_taken":0,"relics_obtained":["Golden Idol"],"max_hp_gain":0,"max_hp_loss":6,"event_name":"Golden Idol","floor":3,"gold_loss":0},{"damage_healed":0,"gold_gain":0,"player_choice":"Relic","damage_taken":0,"max_hp_gain":0,"max_hp_loss":0,"event_name":"Wheel of Change","floor":5,"gold_loss":0},{"damage_healed":0,"gold_gain":0,"player_choice":"Donut","damage_taken":0,"max_hp_gain":5,"max_hp_loss":0,"event_name":"Big Fish","floor":11,"gold_loss":0},{"damage_healed":0,"gold_gain":0,"player_choice":"Success","damage_taken":7,"relics_obtained":["Matryoshka"],"max_hp_gain":0,"max_hp_loss":0,"event_name":"Scrap Ooze","floor":13,"gold_loss":0},{"damage_healed":0,"gold_gain":0,"player_choice":"Obtained Relic","damage_taken":0,"relics_obtained":["Happy Flower"],"max_hp_gain":0,"max_hp_loss":0,"event_name":"Addict","floor":20,"gold_loss":85}],"is_beta":false,"boss_relics":[{"not_picked":["Pandora\u0027s Box","White Beast Statue"],"picked":"Busted Crown"}],"items_purged_floors":[4,12],"is_endless":false,"potions_floor_spawned":[8,10,19],"killed_by":"Shelled Parasite and Fungi","ascension_level":3}