{"gold_per_floor":[414,29,42,60,79,79,94,114,137,137,137,137,163,163,163,163],"floor_reached":16,"playtime":504,"items_purged":["Bash"],"score":110,"play_id":"bc2144dc-12a3-4a55-a3fc-c61a9fc21ad1","local_time":"20190306160749","is_ascension_mode":true,"campfire_choices":[{"data":"Inflame","floor":6,"key":"SMITH"},{"floor":10,"key":"REST"},{"floor":12,"key":"REST"},{"floor":15,"key":"REST"}],"neow_cost":"PERCENT_DAMAGE","seed_source_timestamp":1884985188135753,"circlet_count":0,"master_deck":["Strike_R","Strike_R","Strike_R","Strike_R","Strike_R","Defend_R+1","Defend_R","Defend_R","Defend_R","Headbutt+1","Spot Weakness","Seeing Red","Rampage","Inflame+1","Clothesline","Whirlwind","Rampage","Injury"],"relics":["Burning Blood","Old Coin","Lantern","Odd Mushroom","Juzu Bracelet","Pen Nib","Golden Idol"],"potions_floor_usage":[16,16,16,16,16,16],"damage_taken":[{"damage":6,"enemies":"Cultist","floor":1,"turns":3},{"damage":12,"enemies":"Jaw Worm","floor":3,"turns":4},{"damage":7,"enemies":"2 Louse","floor":4,"turns":2},{"damage":5,"enemies":"2 Fungi Beasts","floor":5,"turns":3},{"damage":14,"enemies":"Red Slaver","floor":7,"turns":2},{"damage":20,"enemies":"The Mushroom Lair","floor":8,"turns":3},{"damage":21,"enemies":"Lagavulin","floor":13,"turns":5},{"damage":78,"enemies":"The Guardian","floor":16,"turns":9}],"seed_played":"487322016985696206","potions_obtained":[{"floor":3,"key":"SpeedPotion"},{"floor":5,"key":"Weak Potion"},{"floor":8,"key":"EntropicBrew"}],"is_trial":false,"path_per_floor":["M","$","M","M","M","R","M","?","T","R","?","R","E","?","R","B"],"character_chosen":"IRONCLAD","items_purchased":["Spot Weakness","Lantern","Seeing Red"],"campfire_rested":3,"item_purchase_floors":[2,2,2],"current_hp_per_floor":[56,56,50,49,50,50,42,28,28,52,36,60,45,45,69,0],"gold":163,"neow_bonus":"ONE_RARE_RELIC","is_prod":false,"is_daily":false,"chose_seed":false,"campfire_upgraded":1,"win_rate":0,"timestamp":1551906469,"path_taken":["M","$","M","M","M","R","M","?","T","R","?","R","E","?","R","BOSS"],"build_version":"2019-01-23","purchased_purges":1,"victory":false,"max_hp_per_floor":[80,80,80,80,80,80,80,80,80,80,80,80,80,80,80,80],"card_choices":[{"not_picked":["Evolve","Pommel Strike"],"picked":"Headbutt","floor":1},{"not_picked":["Twin Strike","Thunderclap"],"picked":"Rampage","floor":3},{"not_picked":["Clash","Heavy Blade"],"picked":"Inflame","floor":4},{"not_picked":["True Grit","Perfected Strike"],"picked":"Clothesline","floor":5},{"not_picked":["Twin Strike","Immolate"],"picked":"Whirlwind","floor":7},{"not_picked":["Clash","Rupture"],"picked":"Rampage","floor":13}],"player_experience":512857,"relics_obtained":[{"floor":8,"key":"Odd Mushroom"},{"floor":9,"key":"Juzu Bracelet"},{"floor":13,"key":"Pen Nib"}],"event_choices":[{"damage_healed":0,"gold_gain":0,"player_choice":"Fought Mushrooms","damage_taken":0,"max_hp_gain":0,"max_hp_loss":0,"event_name":"Mushrooms","floor":8,"gold_loss":0},{"damage_healed":0,"gold_gain":0,"player_choice":"Entered Light","damage_taken":16,"max_hp_gain":0,"max_hp_loss":0,"event_name":"Shining Light","floor":11,"gold_loss":0,"cards_upgraded":["Headbutt","Defend_R"]},{"damage_healed":0,"gold_gain":0,"player_choice":"Take Wound","damage_taken":0,"relics_obtained":["Golden Idol"],"max_hp_gain":0,"max_hp_loss":0,"event_name":"Golden Idol","floor":14,"gold_loss":0,"cards_obtained":["Injury"]}],"is_beta":false,"boss_relics":[],"items_purged_floors":[2],"is_endless":false,"potions_floor_spawned":[3,5,8],"killed_by":"The Guardian","ascension_level":2}