{"gold_per_floor":[109,126,126,126,126,165,34,34,34,54,54,88,111,147,147,243,573,593,618,18,18,18,18,36,75,120,120,156,180,224,247,247,341,341,366,366,699,699,92,122,122,0,0,0,0,0,31,51,51,51,51,51,7,36,36],"floor_reached":55,"playtime":3099,"items_purged":["Strike_R","Pain"],"score":1599,"play_id":"d0c50fe6-44fe-427c-bef5-22e77370aa5d","local_time":"20181224053328","is_ascension_mode":true,"campfire_choices":[{"data":"Body Slam","floor":11.0,"key":"SMITH"},{"data":"Fiend Fire","floor":15.0,"key":"SMITH"},{"data":"Fiend Fire","floor":23.0,"key":"SMITH"},{"floor":32.0,"key":"REST"},{"floor":41.0,"key":"RECALL"},{"floor":44.0,"key":"REST"},{"floor":49.0,"key":"REST"},{"floor":52.0,"key":"REST"}],"neow_cost":"NONE","seed_source_timestamp":734474861657930,"circlet_count":0,"master_deck":["AscendersBane","Strike_R","Strike_R","Strike_R+1","Strike_R+1","Defend_R+1","Defend_R","Defend_R","Defend_R","Bash","Fiend Fire+1","Carnage","Exhume","Armaments+1","Body Slam+1","Second Wind","Flame Barrier","Spot Weakness","Fiend Fire+1","Shame","Normality","Whirlwind","Twin Strike+1","Ghostly Armor+1","Decay","Injury","Second Wind","Armaments+1","Evolve","Heavy Blade","Battle Trance","Impervious","Heavy Blade+1","Mind Blast+1","Second Wind","Dual Wield+1","Shrug It Off","Heavy Blade"],"special_seed":0,"relics":["Burning Blood","Darkstone Periapt","Pocketwatch","Letter Opener","Calling Bell","Tiny Chest","Paper Frog","Old Coin","Du-Vu Doll","Lantern","The Courier","Red Skull","Pear","Dream Catcher","Snecko Eye","Matryoshka","Anchor","Ancient Tea Set","Bag of Marbles","Red Mask","Omamori","Whetstone","Ornamental Fan","Orichalcum"],"potions_floor_usage":[55,55],"damage_taken":[{"damage":7.0,"enemies":"Small Slimes","floor":1.0,"turns":3.0},{"damage":8.0,"enemies":"2 Louse","floor":2.0,"turns":3.0},{"damage":16.0,"enemies":"Gremlin Nob","floor":6.0,"turns":3.0},{"damage":0.0,"enemies":"Cultist","floor":10.0,"turns":2.0},{"damage":12.0,"enemies":"Lagavulin","floor":12.0,"turns":7.0},{"damage":8.0,"enemies":"Blue Slaver","floor":13.0,"turns":2.0},{"damage":7.0,"enemies":"3 Sentries","floor":14.0,"turns":7.0},{"damage":24.0,"enemies":"Hexaghost","floor":16.0,"turns":9.0},{"damage":8.0,"enemies":"3 Byrds","floor":18.0,"turns":4.0},{"damage":1.0,"enemies":"Spheric Guardian","floor":19.0,"turns":3.0},{"damage":3.0,"enemies":"Snecko","floor":24.0,"turns":3.0},{"damage":29.0,"enemies":"Book of Stabbing","floor":25.0,"turns":5.0},{"damage":15.0,"enemies":"Slavers","floor":28.0,"turns":4.0},{"damage":0.0,"enemies":"3 Cultists","floor":29.0,"turns":3.0},{"damage":9.0,"enemies":"Book of Stabbing","floor":30.0,"turns":4.0},{"damage":35.0,"enemies":"Snake Plant","floor":31.0,"turns":3.0},{"damage":67.0,"enemies":"Automaton","floor":33.0,"turns":10.0},{"damage":3.0,"enemies":"3 Shapes","floor":35.0,"turns":3.0},{"damage":38.0,"enemies":"Giant Head","floor":40.0,"turns":7.0},{"damage":5.0,"enemies":"Nemesis","floor":47.0,"turns":3.0},{"damage":0.0,"enemies":"Orb Walker","floor":48.0,"turns":1.0},{"damage":89.0,"enemies":"Awakened One","floor":50.0,"turns":7.0},{"damage":31,"enemies":"Shield and Spear","floor":54,"turns":6},{"damage":86,"enemies":"The Heart","floor":55,"turns":5}],"seed_played":"730348445946775503","potions_obtained":[{"floor":1.0,"key":"FearPotion"},{"floor":10.0,"key":"Block Potion"},{"floor":13.0,"key":"Weak Potion"},{"floor":14.0,"key":"Block Potion"},{"floor":21.0,"key":"Explosive Potion"},{"floor":29.0,"key":"BloodPotion"},{"floor":30.0,"key":"SkillPotion"},{"floor":31.0,"key":"AttackPotion"},{"floor":35.0,"key":"Energy Potion"},{"floor":47.0,"key":"Dexterity Potion"},{"floor":54,"key":"SkillPotion"}],"is_trial":false,"path_per_floor":["M","M","?","?","?","E","$","?","T","M","R","E","M","E","R","B",null,"M","M","$","?","$","R","M","E","T","?","E","M","E","M","R","B",null,"M","?","?","T","$","E","R","?","T","R","$","?","E","M","R","B",null,"R","$","E","B"],"character_chosen":"IRONCLAD","items_purchased":["Armaments","Du-Vu Doll","Lantern","Matryoshka","Anchor","Ancient Tea Set","Bag of Marbles","Shrug It Off"],"campfire_rested":4,"item_purchase_floors":[7,20,20,39,39,39,39,53],"current_hp_per_floor":[67,65,65,42,42,32,32,32,32,38,38,32,30,29,29,11,72,70,75,75,75,75,75,78,55,55,67,68,74,81,52,84,23,87,90,80,80,80,80,48,48,48,48,80,80,80,81,87,108,25,87,108,108,83,0],"gold":36,"neow_bonus":"ONE_RANDOM_RARE_CARD","is_prod":false,"is_daily":false,"chose_seed":false,"campfire_upgraded":3,"win_rate":0,"timestamp":1545597208,"path_taken":["M","M","?","?","?","E","$","?","T","M","R","E","?","E","R","BOSS","M","M","$","?","?","R","M","E","T","?","E","?","E","M","R","BOSS","M","?","?","?","?","E","R","?","T","R","$","?","E","?","R","BOSS","R","$","E","BOSS"],"build_version":"2018-12-20","purchased_purges":2,"victory":false,"max_hp_per_floor":[75,75,75,75,68,68,68,68,68,68,68,68,68,68,68,68,86,86,86,86,86,86,86,86,86,86,98,108,108,108,108,108,108,108,108,108,108,108,108,108,108,108,108,108,108,108,108,108,108,108,108,108,108,108,108],"card_choices":[{"not_picked":["Intimidate","Body Slam"],"picked":"Carnage","floor":1.0},{"not_picked":["Flex","Warcry","Havoc"],"picked":"SKIP","floor":2.0},{"not_picked":["Cleave","Intimidate"],"picked":"Exhume","floor":6.0},{"not_picked":["True Grit","Armaments"],"picked":"Body Slam","floor":10.0},{"not_picked":["Cleave","Headbutt"],"picked":"Second Wind","floor":12.0},{"not_picked":["Rampage","Warcry"],"picked":"Flame Barrier","floor":13.0},{"not_picked":["Anger","Shrug It Off"],"picked":"Spot Weakness","floor":14.0},{"not_picked":["Reaper","Bludgeon"],"picked":"Fiend Fire","floor":16.0},{"not_picked":["Uppercut","Twin Strike"],"picked":"Whirlwind","floor":18.0},{"not_picked":["Thunderclap","Cleave","Clothesline"],"picked":"SKIP","floor":19.0},{"not_picked":["Body Slam","Perfected Strike"],"picked":"Twin Strike+1","floor":24.0},{"not_picked":["Havoc","Juggernaut"],"picked":"Ghostly Armor+1","floor":25.0},{"not_picked":["Cleave","Headbutt"],"picked":"Second Wind","floor":28.0},{"not_picked":["Shrug It Off","Ghostly Armor"],"picked":"Armaments","floor":29.0},{"not_picked":["Corruption","Spot Weakness"],"picked":"Evolve","floor":30.0},{"not_picked":["Warcry+1","Fire Breathing"],"picked":"Heavy Blade","floor":31.0},{"not_picked":["Rupture","Clash"],"picked":"Battle Trance","floor":32.0},{"not_picked":["Juggernaut","Double Tap"],"picked":"Impervious","floor":33.0},{"not_picked":["Flex","Clothesline"],"picked":"Heavy Blade+1","floor":35.0},{"not_picked":["PanicButton","Dramatic Entrance"],"picked":"Mind Blast","floor":36.0},{"not_picked":["Rage+1","Twin Strike"],"picked":"Second Wind","floor":40.0},{"not_picked":["Flex","Reckless Charge","Whirlwind+1"],"picked":"SKIP","floor":47.0},{"not_picked":["Entrench","Shrug It Off"],"picked":"Dual Wield+1","floor":48.0},{"not_picked":["Rampage","Shrug It Off"],"picked":"Heavy Blade","floor":54}],"player_experience":757797,"relics_obtained":[{"floor":9.0,"key":"Darkstone Periapt"},{"floor":12.0,"key":"Pocketwatch"},{"floor":14.0,"key":"Letter Opener"},{"floor":17.0,"key":"Tiny Chest"},{"floor":17.0,"key":"Paper Frog"},{"floor":17.0,"key":"Old Coin"},{"floor":25.0,"key":"The Courier"},{"floor":26.0,"key":"Red Skull"},{"floor":28.0,"key":"Pear"},{"floor":30.0,"key":"Dream Catcher"},{"floor":43.0,"key":"Omamori"},{"floor":43.0,"key":"Whetstone"},{"floor":47.0,"key":"Ornamental Fan"},{"floor":54,"key":"Orichalcum"}],"event_choices":[{"damage_healed":0.0,"max_hp_gain":0.0,"max_hp_loss":0.0,"gold_gain":0.0,"event_name":"Liars Game","player_choice":"Ignored","floor":3.0,"gold_loss":0.0,"damage_taken":0.0},{"damage_healed":0.0,"max_hp_gain":0.0,"max_hp_loss":0.0,"gold_gain":0.0,"event_name":"Shining Light","player_choice":"Entered Light","floor":4.0,"gold_loss":0.0,"damage_taken":23.0,"cards_upgraded":["Defend_R","Strike_R"]},{"damage_healed":0.0,"max_hp_gain":0.0,"max_hp_loss":7.0,"gold_gain":0.0,"event_name":"Golden Idol","player_choice":"Lose Max HP","floor":5.0,"gold_loss":0.0,"damage_taken":0.0,"relics_obtained":["Golden Idol"]},{"damage_healed":0.0,"max_hp_gain":0.0,"max_hp_loss":0.0,"gold_gain":0.0,"event_name":"Accursed Blacksmith","player_choice":"Forge","floor":8.0,"gold_loss":0.0,"damage_taken":0.0,"cards_upgraded":["Armaments"]},{"damage_healed":0.0,"max_hp_gain":0.0,"max_hp_loss":0.0,"gold_gain":0.0,"event_name":"Lab","player_choice":"Got Potions","floor":21.0,"gold_loss":0.0,"damage_taken":0.0},{"damage_healed":0.0,"max_hp_gain":0.0,"max_hp_loss":0.0,"gold_gain":0.0,"event_name":"Match and Keep!","player_choice":"2 cards matched","floor":27.0,"gold_loss":0.0,"damage_taken":0.0,"cards_obtained":["Decay","Injury"]},{"damage_healed":0.0,"max_hp_gain":0.0,"max_hp_loss":0.0,"gold_gain":0.0,"event_name":"SensoryStone","player_choice":"Memory 3","floor":36.0,"gold_loss":0.0,"damage_taken":10.0},{"damage_healed":0.0,"max_hp_gain":0.0,"max_hp_loss":0.0,"gold_gain":333.0,"event_name":"The Moai Head","player_choice":"Gave Idol","floor":37.0,"relics_lost":["Golden Idol"],"gold_loss":0.0,"damage_taken":0.0},{"damage_healed":0.0,"max_hp_gain":0.0,"max_hp_loss":0.0,"gold_gain":0.0,"event_name":"Tomb of Lord Red Mask","player_choice":"Paid","floor":42.0,"gold_loss":122.0,"damage_taken":0.0,"relics_obtained":["Red Mask"]},{"damage_healed":0.0,"max_hp_gain":0.0,"max_hp_loss":0.0,"gold_gain":0.0,"event_name":"Upgrade Shrine","player_choice":"Upgraded","floor":46.0,"gold_loss":0.0,"damage_taken":0.0,"cards_upgraded":["Armaments"]}],"is_beta":false,"boss_relics":[{"not_picked":["Coffee Dripper","Eternal Feather"],"picked":"Calling Bell"},{"not_picked":["Black Star","Runic Cube"],"picked":"Snecko Eye"}],"items_purged_floors":[7,20],"is_endless":false,"potions_floor_spawned":[1,10,13,14,19,24,29,30,31,35,47,54],"killed_by":"The Heart","ascension_level":16}