{"gold_per_floor":[113,130,145,93,168,229,241,241,241,268,295,295,327,327,327,327],"floor_reached":16,"playtime":1022,"items_purged":[],"score":236,"play_id":"f575cc95-cf19-4281-aa37-a0dd2a0871cd","local_time":"20190301180119","is_ascension_mode":true,"campfire_choices":[{"floor":8,"key":"REST"},{"floor":12,"key":"REST"},{"data":"Dualcast","floor":15,"key":"SMITH"}],"neow_cost":"NONE","seed_source_timestamp":107084136348252,"circlet_count":0,"master_deck":["AscendersBane","Strike_B","Strike_B","Strike_B","Strike_B","Defend_B","Defend_B","Defend_B","Defend_B","Zap+1","Dualcast+1","Self Repair","Compile Driver","Echo Form","Go for the Eyes","BootSequence","Cold Snap","Melter","Genetic Algorithm"],"relics":["Cracked Core","Juzu Bracelet","Tiny Chest","Omamori","Pen Nib","Question Card","Smiling Mask"],"potions_floor_usage":[6,13,16],"damage_taken":[{"damage":9,"enemies":"2 Louse","floor":1,"turns":3},{"damage":9,"enemies":"Jaw Worm","floor":2,"turns":4},{"damage":7,"enemies":"Cultist","floor":3,"turns":4},{"damage":26,"enemies":"Gremlin Nob","floor":6,"turns":4},{"damage":4,"enemies":"Looter","floor":7,"turns":3},{"damage":24,"enemies":"3 Sentries","floor":11,"turns":10},{"damage":18,"enemies":"Gremlin Nob","floor":13,"turns":5},{"damage":52,"enemies":"Slime Boss","floor":16,"turns":6}],"seed_played":"4382072194804586379","potions_obtained":[{"floor":3,"key":"Strength Potion"},{"floor":7,"key":"Ancient Potion"},{"floor":11,"key":"EssenceOfSteel"}],"is_trial":false,"path_per_floor":["M","M","M","$","?","E","M","R","T","T","E","R","E","?","R","B"],"character_chosen":"DEFECT","items_purchased":["Go for the Eyes"],"campfire_rested":2,"item_purchase_floors":[4],"current_hp_per_floor":[55,53,53,53,42,16,19,40,40,40,30,51,40,40,40,0],"gold":327,"neow_bonus":"RANDOM_COMMON_RELIC","is_prod":false,"is_daily":false,"chose_seed":false,"campfire_upgraded":1,"win_rate":0,"timestamp":1551459679,"path_taken":["M","M","M","$","?","E","M","R","T","?","E","R","E","?","R","BOSS"],"build_version":"2019-02-06","purchased_purges":0,"victory":false,"max_hp_per_floor":[71,71,71,71,71,71,71,71,71,71,71,71,71,71,71,71],"card_choices":[{"not_picked":["Sweeping Beam","Barrage"],"picked":"Self Repair","floor":1},{"not_picked":["Leap","Rebound"],"picked":"Compile Driver","floor":2},{"not_picked":["Leap","Defragment"],"picked":"Echo Form","floor":3},{"not_picked":["Storm","Force Field"],"picked":"BootSequence","floor":6},{"not_picked":["Streamline","Hologram"],"picked":"Cold Snap","floor":7},{"not_picked":["Leap","Recycle"],"picked":"Melter","floor":11},{"not_picked":["White Noise","Hologram","Steam"],"picked":"Genetic Algorithm","floor":13}],"player_experience":1266941,"relics_obtained":[{"floor":6,"key":"Tiny Chest"},{"floor":9,"key":"Omamori"},{"floor":10,"key":"Pen Nib"},{"floor":11,"key":"Question Card"},{"floor":13,"key":"Smiling Mask"}],"event_choices":[{"damage_healed":0,"gold_gain":75,"player_choice":"Gather Gold","damage_taken":11,"max_hp_gain":0,"max_hp_loss":0,"event_name":"World of Goop","floor":5,"gold_loss":0},{"damage_healed":0,"gold_gain":0,"player_choice":"Grow","damage_taken":0,"max_hp_gain":0,"max_hp_loss":0,"event_name":"Living Wall","floor":14,"gold_loss":0,"cards_upgraded":["Zap"]}],"is_beta":true,"boss_relics":[],"items_purged_floors":[],"is_endless":false,"potions_floor_spawned":[3,7,11],"killed_by":"Slime Boss","ascension_level":20}