{"path_per_floor":["M","?","M","M","M","R","M","R","T","R","$","R","M","M","R","B",null,"M","?","?","M","M","R","M","R","T","M","M","M","R","T","R","B",null,"M","?","M","?","?","R","$","?","T","$"],"character_chosen":"IRONCLAD","items_purchased":["Fire Breathing","Mummified Hand","Anger","Pantograph"],"gold_per_floor":[110,60,75,87,104,104,114,114,140,140,107,107,127,141,141,246,246,262,262,262,274,288,288,305,305,305,325,340,360,360,360,360,462,492,503,503,517,517,517,517,272,272,299,13,13],"floor_reached":45,"campfire_rested":2,"playtime":1546,"current_hp_per_floor":[80,80,78,80,78,78,75,75,75,75,75,75,75,72,72,74,80,80,65,65,66,60,60,34,59,59,50,52,52,77,77,77,52,85,58,58,47,37,74,74,74,65,65,65,0],"items_purged":[],"gold":13,"score":457,"play_id":"0851e793-b9de-4ea0-825d-79edab2bd026","local_time":"20180509211741","is_prod":false,"is_daily":false,"chose_seed":false,"is_ascension_mode":false,"campfire_upgraded":8,"timestamp":1525864661,"path_taken":["M","?","M","?","M","R","M","R","T","R","$","R","?","?","R","BOSS","M","?","?","M","M","R","M","R","T","?","M","M","R","?","R","BOSS","M","?","?","?","?","R","$","?","T","$","M"],"build_version":"2018-05-08","seed_source_timestamp":9459607737859,"purchased_purges":0,"victory":false,"master_deck":["Strike_R+1","Strike_R+1","Strike_R","Strike_R","Strike_R","Defend_R","Defend_R","Defend_R","Defend_R","Flex+1","Offering+1","Fire Breathing+1","Fire Breathing+1","Clash","Immolate","Anger+1","Combust","Anger+1","Cleave+1","Flex+1","Rage+1","Double Tap","Parasite","Writhe","Warcry+1","Rage","Dramatic Entrance","Apotheosis+1","Deep Breath","Madness","Madness","Anger"],"max_hp_per_floor":[80,80,80,80,80,80,80,80,80,80,80,80,80,80,80,80,80,80,85,85,85,85,85,85,85,85,85,85,85,85,85,85,85,85,85,85,85,85,74,74,74,74,74,74,74],"relics":["Burning Blood","Pen Nib","Runic Cube","Paper Frog","Gremlin Horn","Calling Bell","Tiny Chest","Letter Opener","Ginger","Mummified Hand","Oddly Smooth Stone","Pantograph"],"card_choices":[{"not_picked":["Shrug It Off","Hemokinesis"],"picked":"Flex","floor":3},{"not_picked":["Pommel Strike","Sword Boomerang"],"picked":"Offering","floor":4},{"not_picked":["Twin Strike","Flame Barrier"],"picked":"Fire Breathing","floor":7},{"not_picked":["Reckless Charge","Shockwave"],"picked":"Clash","floor":13},{"not_picked":["Limit Break","Reaper"],"picked":"Immolate","floor":16},{"not_picked":["Uppercut","Heavy Blade"],"picked":"Anger","floor":18},{"not_picked":["Battle Trance","Burning Pact"],"picked":"Anger","floor":22},{"not_picked":["Evolve","Wild Strike"],"picked":"Cleave","floor":24},{"not_picked":["Entrench","Shrug It Off"],"picked":"Flex","floor":27},{"not_picked":["Thunderclap","Wild Strike"],"picked":"Rage","floor":28},{"not_picked":["Demon Form","Exhume"],"picked":"Double Tap","floor":33},{"not_picked":["Heavy Blade","Uppercut"],"picked":"Warcry","floor":35},{"not_picked":["Clothesline","Heavy Blade"],"picked":"Rage","floor":37},{"not_picked":["Jack Of All Trades","Dark Shackles"],"picked":"Dramatic Entrance","floor":38},{"not_picked":["Thinking Ahead","Secret Technique"],"picked":"Apotheosis","floor":38},{"not_picked":["Secret Technique","Finesse"],"picked":"Deep Breath","floor":38}],"player_experience":197395,"potions_floor_usage":[5,7,16,22,27,33,33,35],"damage_taken":[{"damage":6,"enemies":"2 Louse","floor":1,"turns":3},{"damage":8,"enemies":"Jaw Worm","floor":3,"turns":3},{"damage":1,"enemies":"Cultist","floor":4,"turns":3},{"damage":8,"enemies":"Gremlin Gang","floor":5,"turns":5},{"damage":17,"enemies":"Lots of Slimes","floor":7,"turns":5},{"damage":6,"enemies":"Blue Slaver","floor":13,"turns":2},{"damage":9,"enemies":"Large Slime","floor":14,"turns":4},{"damage":4,"enemies":"Slime Boss","floor":16,"turns":8},{"damage":4,"enemies":"Spheric Guardian","floor":18,"turns":3},{"damage":5,"enemies":"Chosen","floor":21,"turns":2},{"damage":12,"enemies":"Centurion and Healer","floor":22,"turns":5},{"damage":32,"enemies":"Cultist and Chosen","floor":24,"turns":4},{"damage":15,"enemies":"Sentry and Sphere","floor":27,"turns":4},{"damage":4,"enemies":"Chosen and Byrds","floor":28,"turns":3},{"damage":6,"enemies":"3 Cultists","floor":29,"turns":3},{"damage":31,"enemies":"Automaton","floor":33,"turns":5},{"damage":33,"enemies":"3 Shapes","floor":35,"turns":3},{"damage":17,"enemies":"3 Darklings","floor":37,"turns":3},{"damage":71,"enemies":"Spire Growth","floor":45,"turns":4}],"event_choices":[{"event_name":"The Cleric","player_choice":"Card Removal","floor":2,"damage_taken":0},{"event_name":"Forgotten Altar","player_choice":"Shed Blood","floor":19,"damage_taken":0},{"event_name":"The Library","player_choice":"Read","floor":20,"damage_taken":0},{"event_name":"Wheel of Change","player_choice":"Card Removal","floor":36,"damage_taken":0},{"event_name":"SensoryStone","player_choice":"Memory 3","floor":38,"damage_taken":0},{"event_name":"The Moai Head","player_choice":"Heal","floor":39,"damage_taken":0},{"event_name":"Winding Halls","player_choice":"Embrace Madness","floor":42,"damage_taken":0}],"boss_relics":[{"not_picked":["Lizard Tail","White Beast Statue"],"picked":"Runic Cube"},{"not_picked":["Mark of Pain","Cursed Key"],"picked":"Calling Bell"}],"potions_floor_spawned":[1,5,14,21,24,28,29,33],"seed_played":"2928738303703881679","killed_by":"Spire Growth","ascension_level":0,"is_trial":false}