{"gold_per_floor":[109,68,68,87,87,87,116,136,136,163,163,163,143,156,156,156],"floor_reached":16,"playtime":355,"items_purged":[],"score":266,"play_id":"5205d101-e459-469e-a787-8b45884ef9b1","local_time":"20181103113413","is_ascension_mode":true,"campfire_choices":[{"data":"Footwork","floor":6.0,"key":"SMITH"},{"floor":12.0,"key":"REST"},{"floor":15.0,"key":"REST"}],"neow_cost":"NONE","seed_source_timestamp":141407646077063,"circlet_count":0,"master_deck":["AscendersBane","Defend_G","Defend_G","Defend_G","Defend_G","Defend_G","Strike_G","Strike_G","Strike_G","Strike_G","Strike_G","Survivor","Neutralize","Predator","Footwork+1","Pain","Leg Sweep","Crippling Poison"],"special_seed":0,"relics":["Ring of the Snake","NeowsBlessing","WarpedTongs","Vajra","Singing Bowl","PreservedInsect","Golden Idol"],"potions_floor_usage":[16,16],"damage_taken":[{"damage":0.0,"enemies":"Cultist","floor":1.0,"turns":1.0},{"damage":0.0,"enemies":"Small Slimes","floor":4.0,"turns":1.0},{"damage":0.0,"enemies":"3 Sentries","floor":7.0,"turns":1.0},{"damage":1.0,"enemies":"2 Louse","floor":8.0,"turns":3.0},{"damage":11.0,"enemies":"Lagavulin","floor":10.0,"turns":6.0},{"damage":16.0,"enemies":"Lots of Slimes","floor":14.0,"turns":8.0},{"damage":56,"enemies":"Hexaghost","floor":16,"turns":11}],"seed_played":"3006147583186932268","potions_obtained":[{"floor":4.0,"key":"FearPotion"},{"floor":7.0,"key":"FearPotion"},{"floor":13.0,"key":"GamblersBrew"},{"floor":14.0,"key":"Weak Potion"}],"is_trial":false,"path_per_floor":["M","$","?","M","?","R","E","M","T","E","?","R","?","M","R","B"],"character_chosen":"THE_SILENT","items_purchased":["Footwork"],"campfire_rested":2,"item_purchase_floors":[2],"current_hp_per_floor":[59,59,59,59,64,64,64,63,63,52,28,49,49,35,56,0],"gold":156,"neow_bonus":"THREE_ENEMY_KILL","is_prod":false,"is_daily":false,"chose_seed":false,"campfire_upgraded":1,"win_rate":0,"timestamp":1541270053,"path_taken":["M","$","?","?","?","R","E","M","T","E","?","R","?","?","R","BOSS"],"build_version":"2018-11-01","purchased_purges":0,"victory":false,"max_hp_per_floor":[66,66,66,66,71,71,71,71,71,71,71,71,71,73,73,73],"card_choices":[{"not_picked":["Dagger Spray","Flying Knee"],"picked":"Predator","floor":1.0},{"not_picked":["Underhanded Strike","Slice","Outmaneuver"],"picked":"SKIP","floor":4.0},{"not_picked":["Reflex","Tactician","Flechettes"],"picked":"SKIP","floor":7.0},{"not_picked":["Riddle With Holes","Dash"],"picked":"Leg Sweep","floor":8.0},{"not_picked":["Catalyst","Finisher"],"picked":"Crippling Poison","floor":10.0},{"not_picked":["Quick Slash","PiercingWail","Masterful Stab"],"picked":"Singing Bowl","floor":14.0}],"player_experience":601289,"relics_obtained":[{"floor":7.0,"key":"Vajra"},{"floor":9.0,"key":"Singing Bowl"},{"floor":10.0,"key":"PreservedInsect"}],"event_choices":[{"damage_healed":0.0,"max_hp_gain":0.0,"max_hp_loss":0.0,"gold_gain":0.0,"event_name":"Accursed Blacksmith","player_choice":"Rummage","floor":3.0,"gold_loss":0.0,"damage_taken":0.0,"relics_obtained":["WarpedTongs"],"cards_obtained":["Pain"]},{"damage_healed":0.0,"max_hp_gain":5.0,"max_hp_loss":0.0,"gold_gain":0.0,"event_name":"Big Fish","player_choice":"Donut","floor":5.0,"gold_loss":0.0,"damage_taken":0.0},{"damage_healed":0.0,"max_hp_gain":0.0,"max_hp_loss":0.0,"gold_gain":0.0,"event_name":"Golden Idol","player_choice":"Take Damage","floor":11.0,"gold_loss":0.0,"damage_taken":24.0,"relics_obtained":["Golden Idol"]},{"damage_healed":0.0,"max_hp_gain":0.0,"max_hp_loss":0.0,"gold_gain":0.0,"event_name":"The Woman in Blue","player_choice":"Bought 1 Potion","floor":13.0,"gold_loss":0.0,"damage_taken":0.0}],"is_beta":false,"boss_relics":[],"items_purged_floors":[],"is_endless":false,"potions_floor_spawned":[4,7,14],"killed_by":"Hexaghost","ascension_level":20}