{"gold_per_floor":[111,111,123,123,136,136,151,183,207,207,221,221,246,256,256,256],"floor_reached":16,"playtime":612,"items_purged":[],"score":194,"play_id":"fbe5918c-532d-426b-8866-191bc0013272","local_time":"20190128215246","is_ascension_mode":true,"campfire_choices":[{"data":"Zap","floor":6,"key":"SMITH"},{"data":"Rainbow","floor":10,"key":"SMITH"},{"data":"Seek","floor":12,"key":"SMITH"},{"floor":15,"key":"REST"}],"neow_cost":"NONE","seed_source_timestamp":1575079262637100,"circlet_count":0,"master_deck":["AscendersBane","Strike_B","Strike_B","Strike_B","Defend_B","Defend_B","Defend_B","Defend_B","Zap+1","Dualcast","Steam","Cold Snap","Ball Lightning","Seek+1","Rainbow+1","Go for the Eyes","Hologram","All For One"],"relics":["Cracked Core","Bag of Marbles","Pen Nib","Odd Mushroom"],"potions_floor_usage":[8,16,16],"damage_taken":[{"damage":4,"enemies":"Jaw Worm","floor":1,"turns":4},{"damage":7,"enemies":"Small Slimes","floor":3,"turns":4},{"damage":0,"enemies":"2 Louse","floor":5,"turns":3},{"damage":8,"enemies":"Gremlin Gang","floor":7,"turns":5},{"damage":7,"enemies":"Gremlin Nob","floor":8,"turns":3},{"damage":18,"enemies":"3 Louse","floor":11,"turns":3},{"damage":7,"enemies":"The Mushroom Lair","floor":13,"turns":4},{"damage":2,"enemies":"Exordium Thugs","floor":14,"turns":3},{"damage":26,"enemies":"Hexaghost","floor":16,"turns":9}],"seed_played":"4387075422007465864","potions_obtained":[{"floor":0,"key":"Dexterity Potion"},{"floor":0,"key":"FocusPotion"},{"floor":8,"key":"SteroidPotion"},{"floor":11,"key":"Swift Potion"}],"is_trial":false,"path_per_floor":["M","?","M","?","M","R","M","E","T","R","M","R","?","M","R","B"],"character_chosen":"DEFECT","items_purchased":[],"campfire_rested":1,"item_purchase_floors":[],"current_hp_per_floor":[60,53,46,46,46,46,38,31,31,31,13,13,6,4,25,0],"gold":256,"neow_bonus":"THREE_SMALL_POTIONS","is_prod":false,"is_daily":false,"chose_seed":false,"campfire_upgraded":3,"win_rate":0,"timestamp":1548741166,"path_taken":["M","?","M","?","M","R","M","E","T","R","M","R","?","M","R","BOSS"],"build_version":"2019-01-23","purchased_purges":0,"victory":false,"max_hp_per_floor":[71,71,71,71,71,71,71,71,71,71,71,71,71,71,71,71],"card_choices":[{"not_picked":["Force Field","Fusion"],"picked":"Steam","floor":1},{"not_picked":["Stack","Leap"],"picked":"Cold Snap","floor":3},{"not_picked":["Hologram","Steam"],"picked":"Ball Lightning","floor":5},{"not_picked":["Conserve Battery","Reprogram"],"picked":"Seek","floor":7},{"not_picked":["Meteor Strike","Cold Snap"],"picked":"Rainbow","floor":8},{"not_picked":["Beam Cell","Cold Snap"],"picked":"Go for the Eyes","floor":11},{"not_picked":["Coolheaded","Beam Cell"],"picked":"Hologram","floor":13},{"not_picked":["Gash","Compile Driver"],"picked":"All For One","floor":14}],"player_experience":603796,"relics_obtained":[{"floor":8,"key":"Bag of Marbles"},{"floor":9,"key":"Pen Nib"},{"floor":13,"key":"Odd Mushroom"}],"event_choices":[{"cards_removed":["Strike_B"],"damage_healed":0,"gold_gain":0,"player_choice":"Card Removal","damage_taken":7,"max_hp_gain":0,"max_hp_loss":0,"event_name":"Golden Wing","floor":2,"gold_loss":0},{"damage_healed":0,"gold_gain":0,"player_choice":"Ignored","damage_taken":0,"max_hp_gain":0,"max_hp_loss":0,"event_name":"Liars Game","floor":4,"gold_loss":0},{"damage_healed":0,"gold_gain":0,"player_choice":"Fought Mushrooms","damage_taken":0,"max_hp_gain":0,"max_hp_loss":0,"event_name":"Mushrooms","floor":13,"gold_loss":0}],"is_beta":false,"boss_relics":[],"items_purged_floors":[],"is_endless":false,"potions_floor_spawned":[3,8,11],"killed_by":"Hexaghost","ascension_level":18}