{"gold_per_floor":[112,112,37,37,37,37,67,67,93,93,122,138,152,152,152,231,231,249,8,8,18,37,37,51,51,77,96,96,96,21,21],"floor_reached":31,"playtime":857,"items_purged":["Writhe"],"score":482,"play_id":"6e96d508-70be-44b3-bf2e-8638f05edeaa","local_time":"20181030152208","is_ascension_mode":true,"campfire_choices":[{"data":"Bash","floor":6.0,"key":"SMITH"},{"data":"Shrug It Off","floor":8.0,"key":"SMITH"},{"data":"Defend_R","floor":10.0,"key":"SMITH"},{"floor":15.0,"key":"REST"},{"floor":23.0,"key":"REST"},{"floor":29.0,"key":"REST"}],"neow_cost":"NONE","seed_source_timestamp":1456677652586860,"circlet_count":0,"master_deck":["Strike_R+1","Strike_R+1","Strike_R+1","Strike_R+1","Defend_R+1","Defend_R+1","Defend_R+1","Bash+1","AscendersBane","Pain","Shrug It Off+1","Rupture","Inflame","Flame Barrier","Demon Form","Shockwave","True Grit+1","Uppercut+1","Second Wind+1","Shrug It Off"],"special_seed":0,"relics":["Burning Blood","Dream Catcher","WarpedTongs","Self Forming Clay","Strawberry","Boot","Bronze Scales","Cursed Key","Happy Flower","MutagenicStrength","Lantern"],"potions_floor_usage":[31],"damage_taken":[{"damage":3.0,"enemies":"2 Louse","floor":1.0,"turns":4.0},{"damage":24.0,"enemies":"Gremlin Nob","floor":7.0,"turns":4.0},{"damage":21.0,"enemies":"Lagavulin","floor":11.0,"turns":9.0},{"damage":0.0,"enemies":"Small Slimes","floor":12.0,"turns":4.0},{"damage":2.0,"enemies":"Cultist","floor":13.0,"turns":3.0},{"damage":27.0,"enemies":"Hexaghost","floor":16.0,"turns":9.0},{"damage":20.0,"enemies":"Spheric Guardian","floor":18.0,"turns":6.0},{"damage":30.0,"enemies":"3 Byrds","floor":21.0,"turns":3.0},{"damage":18.0,"enemies":"Shelled Parasite and Fungi","floor":22.0,"turns":5.0},{"damage":19.0,"enemies":"Snake Plant","floor":24.0,"turns":4.0},{"damage":37.0,"enemies":"Cultist and Chosen","floor":27.0,"turns":9.0},{"damage":41,"enemies":"Slavers","floor":31,"turns":6}],"seed_played":"-8477462773276531545","potions_obtained":[{"floor":1.0,"key":"Ancient Potion"},{"floor":12.0,"key":"Weak Potion"},{"floor":18.0,"key":"Fire Potion"},{"floor":24.0,"key":"Block Potion"},{"floor":27.0,"key":"SkillPotion"}],"is_trial":false,"path_per_floor":["M","?","?","?","T","R","E","R","T","R","E","M","M","?","R","B",null,"M","$","?","M","M","R","M","?","T","M","?","R","$"],"character_chosen":"IRONCLAD","items_purchased":["Shockwave","Happy Flower"],"campfire_rested":3,"item_purchase_floors":[19,19],"current_hp_per_floor":[71,76,76,76,76,76,65,65,65,65,50,56,60,53,79,58,80,66,66,66,42,30,56,43,43,43,12,12,38,38,0],"gold":21,"neow_bonus":"RANDOM_COMMON_RELIC","is_prod":false,"is_daily":false,"chose_seed":false,"campfire_upgraded":3,"win_rate":0,"timestamp":1540938128,"path_taken":["M","?","?","?","?","R","E","R","T","R","E","?","M","?","R","BOSS","M","$","?","M","?","R","M","?","T","?","?","R","$","E"],"build_version":"2018-10-25v2","purchased_purges":1,"victory":false,"max_hp_per_floor":[75,80,80,80,80,80,87,87,87,87,87,87,87,87,87,87,87,87,87,87,87,87,87,87,87,87,87,87,87,87,87],"card_choices":[{"not_picked":["Combust","Sword Boomerang","Iron Wave"],"picked":"SKIP","floor":1.0},{"not_picked":["Second Wind","Twin Strike"],"picked":"Shrug It Off","floor":7.0},{"not_picked":["Shrug It Off","Reaper"],"picked":"Rupture","floor":11.0},{"not_picked":["Body Slam","Havoc"],"picked":"Inflame","floor":12.0},{"not_picked":["Shockwave","Thunderclap"],"picked":"Flame Barrier","floor":13.0},{"not_picked":["Exhume","Bludgeon"],"picked":"Demon Form","floor":16.0},{"not_picked":["Clothesline","Flex+1","Warcry"],"picked":"SKIP","floor":18.0},{"not_picked":["Burning Pact","Second Wind","Body Slam"],"picked":"SKIP","floor":21.0},{"not_picked":["Rupture","Power Through"],"picked":"True Grit+1","floor":22.0},{"not_picked":["Clothesline","Carnage"],"picked":"Uppercut+1","floor":23.0},{"not_picked":["Reckless Charge","Clothesline","True Grit"],"picked":"SKIP","floor":24.0},{"not_picked":["Havoc+1","Wild Strike"],"picked":"Second Wind+1","floor":27.0},{"not_picked":["Anger","Warcry"],"picked":"Shrug It Off","floor":29.0}],"player_experience":572354,"relics_obtained":[{"floor":5.0,"key":"Self Forming Clay"},{"floor":7.0,"key":"Strawberry"},{"floor":9.0,"key":"Boot"},{"floor":11.0,"key":"Bronze Scales"},{"floor":26.0,"key":"Lantern"}],"event_choices":[{"damage_healed":0.0,"max_hp_gain":5.0,"max_hp_loss":0.0,"gold_gain":0.0,"event_name":"Big Fish","player_choice":"Donut","floor":2.0,"gold_loss":0.0,"damage_taken":0.0},{"cards_removed":["Strike_R"],"damage_healed":0.0,"max_hp_gain":0.0,"max_hp_loss":0.0,"gold_gain":0.0,"event_name":"The Cleric","player_choice":"Card Removal","floor":3.0,"gold_loss":75.0,"damage_taken":0.0},{"damage_healed":0.0,"max_hp_gain":0.0,"max_hp_loss":0.0,"gold_gain":0.0,"event_name":"Accursed Blacksmith","player_choice":"Rummage","floor":4.0,"gold_loss":0.0,"damage_taken":0.0,"relics_obtained":["WarpedTongs"],"cards_obtained":["Pain"]},{"cards_removed":["Defend_R"],"damage_healed":0.0,"max_hp_gain":0.0,"max_hp_loss":0.0,"gold_gain":0.0,"event_name":"Golden Wing","player_choice":"Card Removal","floor":14.0,"gold_loss":0.0,"damage_taken":7.0},{"damage_healed":0.0,"max_hp_gain":0.0,"max_hp_loss":0.0,"gold_gain":0.0,"event_name":"Drug Dealer","player_choice":"Inject Mutagens","floor":20.0,"gold_loss":0.0,"damage_taken":0.0,"relics_obtained":["MutagenicStrength"]},{"damage_healed":0.0,"max_hp_gain":0.0,"max_hp_loss":0.0,"gold_gain":0.0,"event_name":"Vampires","player_choice":"Ignored","floor":25.0,"gold_loss":0.0,"damage_taken":0.0},{"damage_healed":0.0,"max_hp_gain":0.0,"max_hp_loss":0.0,"gold_gain":0.0,"event_name":"Back to Basics","player_choice":"Simplicity","floor":28.0,"gold_loss":0.0,"damage_taken":0.0,"cards_upgraded":["Strike_R","Strike_R","Strike_R","Strike_R","Defend_R","Defend_R"]}],"is_beta":false,"boss_relics":[{"not_picked":["Tiny House","Sozu"],"picked":"Cursed Key"}],"items_purged_floors":[30],"is_endless":false,"potions_floor_spawned":[1,12,18,24,27],"killed_by":"Slavers","ascension_level":20}