{"gold_per_floor":[119,99,99,110,129,129,140,140,163,180,200,220,220,238,238,343,343,363,64,64,79,98,98,114,64,91,91,91,91],"floor_reached":29,"playtime":749,"items_purged":["Doubt","Strike_G"],"score":244,"play_id":"5620e58e-edef-45fc-b3a6-3c4760046412","local_time":"20180822174151","is_ascension_mode":false,"campfire_choices":[{"data":"Poisoned Stab","floor":6,"key":"SMITH"},{"floor":8,"key":"REST"},{"floor":13,"key":"REST"},{"floor":15,"key":"REST"},{"floor":23,"key":"REST"},{"floor":28,"key":"REST"}],"neow_cost":"PERCENT_DAMAGE","seed_source_timestamp":70172579883831,"circlet_count":0,"master_deck":["Defend_G","Defend_G","Defend_G","Defend_G","Defend_G","Strike_G","Strike_G","Strike_G","Strike_G","Survivor","Neutralize","Tools of the Trade","Backstab","Setup","Poisoned Stab+1","Bane","Venomology","Deadly Poison","Burst","Bouncing Flask+1","Poisoned Stab","Flying Knee+1","PiercingWail+1"],"relics":["Ring of the Snake","Omamori","Art of War","Calling Bell","Pen Nib","Smiling Mask","Calipers","Pear","Centennial Puzzle"],"potions_floor_usage":[5,10,14,16,21,22,24,29],"damage_taken":[{"damage":3,"enemies":"2 Louse","floor":1,"turns":2},{"damage":0,"enemies":"Cultist","floor":4,"turns":4},{"damage":0,"enemies":"Small Slimes","floor":5,"turns":1},{"damage":2,"enemies":"Looter","floor":7,"turns":2},{"damage":1,"enemies":"Gremlin Gang","floor":10,"turns":3},{"damage":16,"enemies":"Exordium Thugs","floor":11,"turns":5},{"damage":0,"enemies":"Large Slime","floor":12,"turns":7},{"damage":7,"enemies":"Blue Slaver","floor":14,"turns":3},{"damage":63,"enemies":"Hexaghost","floor":16,"turns":10},{"damage":24,"enemies":"Chosen","floor":18,"turns":6},{"damage":25,"enemies":"2 Thieves","floor":21,"turns":5},{"damage":27,"enemies":"Snake Plant","floor":22,"turns":5},{"damage":15,"enemies":"Cultist and Chosen","floor":24,"turns":6},{"damage":51,"enemies":"Gremlin Leader","floor":29,"turns":5}],"seed_played":"8217182040725652236","potions_obtained":[{"floor":2,"key":"Explosive Potion"},{"floor":4,"key":"Fire Potion"},{"floor":5,"key":"GhostInAJar"},{"floor":10,"key":"LiquidBronze"},{"floor":11,"key":"Block Potion"},{"floor":24,"key":"Fruit Juice"}],"is_trial":false,"path_per_floor":["M","?","?","M","M","R","M","R","T","M","M","M","R","M","R","B",null,"M","$","?","M","M","R","M","$","T","?","R"],"character_chosen":"THE_SILENT","items_purchased":["Pear"],"campfire_rested":5,"item_purchase_floors":[19],"current_hp_per_floor":[46,46,28,28,28,28,26,47,47,46,30,30,51,44,65,2,70,46,56,56,31,4,28,13,13,13,13,37,0],"gold":91,"neow_bonus":"THREE_RARE_CARDS","is_prod":false,"is_daily":false,"chose_seed":false,"campfire_upgraded":1,"win_rate":0,"timestamp":1534974111,"path_taken":["M","?","?","M","M","R","M","R","T","M","M","M","R","?","R","BOSS","M","$","?","M","M","R","M","$","T","?","R","E"],"build_version":"2018-08-16","purchased_purges":2,"victory":false,"max_hp_per_floor":[70,70,70,70,70,70,70,70,70,70,70,70,70,70,70,70,70,70,80,80,80,80,80,80,80,80,80,80,85],"card_choices":[{"not_picked":["Grand Finale","Malaise"],"picked":"Tools of the Trade","floor":0},{"not_picked":["Dodge and Roll","Riddle With Holes"],"picked":"Backstab","floor":1},{"not_picked":["Masterful Stab","Caltrops"],"picked":"Setup","floor":4},{"not_picked":["Setup","Underhanded Strike"],"picked":"Poisoned Stab","floor":5},{"not_picked":["Sucker Punch","Dagger Throw","Backflip"],"picked":"SKIP","floor":7},{"not_picked":["Dagger Throw","Blade Dance","Skewer"],"picked":"SKIP","floor":10},{"not_picked":["Acrobatics","Slice"],"picked":"Bane","floor":11},{"not_picked":["Underhanded Strike","Cloak And Dagger"],"picked":"Venomology","floor":12},{"not_picked":["Blur","Dodge and Roll"],"picked":"Deadly Poison","floor":14},{"not_picked":["Malaise","Unload"],"picked":"Burst","floor":16},{"not_picked":["Tactician","Acrobatics"],"picked":"Bouncing Flask+1","floor":18},{"not_picked":["Dodge and Roll","Blade Dance"],"picked":"Poisoned Stab","floor":21},{"not_picked":["Reflex","Quick Slash"],"picked":"Flying Knee+1","floor":22},{"not_picked":["Leg Sweep+1","Outmaneuver+1"],"picked":"PiercingWail+1","floor":24}],"player_experience":135358,"relics_obtained":[{"floor":9,"key":"Art of War"},{"floor":17,"key":"Pen Nib"},{"floor":17,"key":"Smiling Mask"},{"floor":17,"key":"Calipers"},{"floor":26,"key":"Centennial Puzzle"}],"event_choices":[{"event_name":"The Woman in Blue","player_choice":"Bought 1 Potion","floor":2,"damage_taken":0},{"event_name":"Scrap Ooze","player_choice":"success","floor":3,"damage_taken":18},{"event_name":"Beggar","player_choice":"Ignored","floor":20,"damage_taken":0},{"event_name":"Ghosts","player_choice":"Ignored","floor":27,"damage_taken":0}],"is_beta":false,"boss_relics":[{"not_picked":["Tiny House","Coffee Dripper"],"picked":"Calling Bell"}],"items_purged_floors":[19,25],"is_endless":false,"potions_floor_spawned":[4,5,10,11,21,24],"killed_by":"Gremlin Leader","ascension_level":0}