{"gold_per_floor":[109,121,131,5,16,16,48,68,68,130,148,148,148,175,175,249,249,261,261,261,261,261,290,290],"floor_reached":24,"playtime":1179,"items_purged":[],"score":413,"play_id":"e9de813f-8fa2-4e2d-857c-d3b5cc413236","local_time":"20180708140204","is_ascension_mode":true,"campfire_choices":[{"data":"Neutralize","floor":6,"key":"SMITH"},{"data":"Envenom","floor":13,"key":"SMITH"},{"data":"Dagger Spray","floor":15,"key":"SMITH"}],"neow_cost":"NONE","seed_source_timestamp":328176899815877,"circlet_count":0,"master_deck":["Defend_G","Defend_G","Defend_G","Defend_G","Defend_G","Strike_G","Strike_G","Strike_G","Strike_G","Survivor","Neutralize+1","AscendersBane","Backflip","Slice","Dagger Spray+1","Flying Knee","Noxious Fumes","Envenom+1","Infinite Blades","Acrobatics","Blur","Bullet Time","Glass Knife","Finisher"],"relics":["Ring of the Snake","Incense Burner","Tough Bandages","Tiny Chest","Matryoshka","Velvet Choker","Singing Bowl","Girya","Bronze Scales"],"potions_floor_usage":[7,7,11,14,15,22],"damage_taken":[{"damage":0,"enemies":"Small Slimes","floor":1,"turns":3},{"damage":6,"enemies":"Jaw Worm","floor":2,"turns":5},{"damage":0,"enemies":"Cultist","floor":3,"turns":4},{"damage":2,"enemies":"Exordium Wildlife","floor":5,"turns":3},{"damage":15,"enemies":"Lagavulin","floor":7,"turns":9},{"damage":1,"enemies":"3 Louse","floor":8,"turns":3},{"damage":21,"enemies":"Gremlin Nob","floor":10,"turns":4},{"damage":3,"enemies":"Exordium Thugs","floor":11,"turns":5},{"damage":2,"enemies":"3 Sentries","floor":14,"turns":5},{"damage":18,"enemies":"Slime Boss","floor":16,"turns":9},{"damage":0,"enemies":"3 Byrds","floor":18,"turns":5},{"damage":0,"enemies":"Chosen","floor":22,"turns":1},{"damage":47,"enemies":"Gremlin Leader","floor":23,"turns":8},{"damage":22,"enemies":"Sentry and Sphere","floor":24,"turns":3}],"seed_played":"-7883840885581386202","potions_obtained":[{"floor":2,"key":"Block Potion"},{"floor":10,"key":"AttackPotion"},{"floor":11,"key":"AttackPotion"},{"floor":14,"key":"Fruit Juice"},{"floor":18,"key":"SmokeBomb"}],"is_trial":false,"path_per_floor":["M","M","M","$","M","R","E","M","T","E","M","?","R","E","R","B",null,"M","?","T","?","M","E"],"character_chosen":"THE_SILENT","items_purchased":["Dagger Spray","Flying Knee","PowerPotion"],"campfire_rested":0,"item_purchase_floors":[4,4,4],"current_hp_per_floor":[65,59,59,59,57,57,42,41,41,20,17,41,41,39,44,26,64,64,64,64,64,64,19,0],"gold":290,"neow_bonus":"TEN_PERCENT_HP_BONUS","is_prod":false,"is_daily":false,"chose_seed":false,"campfire_upgraded":3,"win_rate":0,"timestamp":1531051324,"path_taken":["M","M","M","$","M","R","E","M","T","E","M","?","R","E","R","BOSS","M","?","?","?","M","E","?"],"build_version":"2018-07-05","purchased_purges":0,"victory":false,"max_hp_per_floor":[72,72,72,72,72,72,72,72,72,72,72,72,72,72,77,77,77,77,77,77,77,77,79,79],"card_choices":[{"not_picked":["Prepared","Setup"],"picked":"Backflip","floor":1},{"not_picked":["Masterful Stab","Reflex","Outmaneuver"],"picked":"SKIP","floor":2},{"not_picked":["Escape Plan","Deflect"],"picked":"Slice","floor":3},{"not_picked":["Masterful Stab","Prepared"],"picked":"Noxious Fumes","floor":5},{"not_picked":["Venomology","Deadly Poison"],"picked":"Envenom","floor":7},{"not_picked":["Sucker Punch","Cloak And Dagger"],"picked":"Infinite Blades","floor":8},{"not_picked":["Poisoned Stab","Flechettes"],"picked":"Acrobatics","floor":10},{"not_picked":["Poisoned Stab","Deadly Poison"],"picked":"Blur","floor":11},{"not_picked":["Escape Plan","Eviscerate"],"picked":"Bullet Time","floor":14},{"not_picked":["Corpse Explosion","Storm of Steel"],"picked":"Glass Knife","floor":16},{"not_picked":["Bouncing Flask","Prepared","Slice"],"picked":"SKIP","floor":18},{"not_picked":["Eviscerate","Infinite Blades","Deflect"],"picked":"Singing Bowl","floor":23}],"player_experience":781872,"relics_obtained":[{"floor":7,"key":"Incense Burner"},{"floor":9,"key":"Tough Bandages"},{"floor":10,"key":"Tiny Chest"},{"floor":14,"key":"Matryoshka"},{"floor":20,"key":"Singing Bowl"},{"floor":20,"key":"Girya"},{"floor":23,"key":"Bronze Scales"}],"event_choices":[{"event_name":"Big Fish","player_choice":"Banana","floor":12,"damage_taken":0},{"event_name":"Drug Dealer","player_choice":"Ignored","floor":19,"damage_taken":0},{"event_name":"Transmorgrifier","player_choice":"Transform","floor":21,"damage_taken":0}],"boss_relics":[{"not_picked":["Astrolabe","Eternal Feather"],"picked":"Velvet Choker"}],"items_purged_floors":[],"is_endless":false,"potions_floor_spawned":[2,10,11,14,18,22],"killed_by":"Sentry and Sphere","ascension_level":15}