{"gold_per_floor":[109,109,127,302,302,345,345,363,363,19,59,59,82,121,121,242,242,261,277,159,177,227,288,288,303,303,339,18,32,57,77,77,197,197,213,231,81,102,11,11,11,29,29,29,45,65,79,124,124,124],"floor_reached":51,"playtime":2382,"items_purged":["Strike_G","Strike_G","Strike_G","Strike_G","Strike_G+1"],"score":793,"play_id":"d598cfa5-c857-4e7b-8a8c-3ea4b5045758","local_time":"20181101021125","is_ascension_mode":true,"campfire_choices":[{"floor":7,"key":"REST"},{"floor":12,"key":"REST"},{"floor":15,"key":"REST"},{"data":"Catalyst","floor":24,"key":"SMITH"},{"floor":32,"key":"REST"},{"data":"A Thousand Cuts","floor":40,"key":"SMITH"},{"data":"Deadly Poison","floor":44,"key":"SMITH"},{"data":"Noxious Fumes","floor":49,"key":"SMITH"}],"neow_cost":"NONE","seed_source_timestamp":368987332010974,"circlet_count":0,"master_deck":["Defend_G","Defend_G","Defend_G+1","Defend_G","Defend_G+1","Survivor","Neutralize","Quick Slash","PiercingWail","Backstab+1","Deadly Poison+1","Sucker Punch","Catalyst+1","A Thousand Cuts+1","Quick Slash+1","Poisoned Stab","Backstab","Predator+1","Poisoned Stab","Backstab+1","Distraction","Backflip","Flying Knee","Malaise","Deadly Poison+1","Noxious Fumes+1","Madness","Madness"],"relics":["Black Star","Golden Idol","Bag of Marbles","Smiling Mask","Shuriken","Snake Skull","Ancient Tea Set","Boot","Vajra","War Paint","Whetstone","Orichalcum","Eternal Feather","PreservedInsect","Tiny Chest","Bottled Tornado","Torii","Dead Branch","Membership Card","Pen Nib","Busted Crown","Lee\u0027s Waffle","Blue Candle","Bronze Scales"],"potions_floor_usage":[16,23,27,29,33,42,50,50,50],"damage_taken":[{"damage":0,"enemies":"Cultist","floor":1,"turns":4},{"damage":2,"enemies":"2 Louse","floor":3,"turns":3},{"damage":40,"enemies":"Gremlin Nob","floor":6,"turns":7},{"damage":0,"enemies":"Small Slimes","floor":8,"turns":2},{"damage":20,"enemies":"3 Sentries","floor":11,"turns":9},{"damage":14,"enemies":"Gremlin Nob","floor":14,"turns":4},{"damage":16,"enemies":"Slime Boss","floor":16,"turns":12},{"damage":18,"enemies":"Spheric Guardian","floor":18,"turns":4},{"damage":14,"enemies":"Shell Parasite","floor":19,"turns":4},{"damage":0,"enemies":"Centurion and Healer","floor":21,"turns":4},{"damage":15,"enemies":"Gremlin Leader","floor":23,"turns":4},{"damage":15,"enemies":"Snake Plant","floor":25,"turns":2},{"damage":10,"enemies":"Slavers","floor":27,"turns":3},{"damage":4,"enemies":"Chosen and Byrds","floor":29,"turns":4},{"damage":0,"enemies":"Shelled Parasite and Fungi","floor":30,"turns":2},{"damage":6,"enemies":"Centurion and Healer","floor":31,"turns":3},{"damage":16,"enemies":"Collector","floor":33,"turns":5},{"damage":7,"enemies":"3 Darklings","floor":35,"turns":4},{"damage":3,"enemies":"3 Shapes","floor":36,"turns":1},{"damage":37,"enemies":"Writhing Mass","floor":38,"turns":4},{"damage":1,"enemies":"Transient","floor":42,"turns":5},{"damage":0,"enemies":"Jaw Worm Horde","floor":45,"turns":2},{"damage":1,"enemies":"Sphere and 2 Shapes","floor":46,"turns":3},{"damage":0,"enemies":"4 Shapes","floor":47,"turns":1},{"damage":53,"enemies":"Awakened One","floor":50,"turns":10}],"seed_played":"6251776369886926524","potions_obtained":[{"floor":11,"key":"Explosive Potion"},{"floor":21,"key":"SkillPotion"},{"floor":25,"key":"EssenceOfSteel"},{"floor":27,"key":"Regen Potion"},{"floor":30,"key":"AttackPotion"},{"floor":33,"key":"SpeedPotion"},{"floor":35,"key":"Regen Potion"},{"floor":36,"key":"Fire Potion"},{"floor":46,"key":"Weak Potion"}],"is_trial":false,"path_per_floor":["M","?","M","?","?","E","R","M","T","$","E","R","T","E","R","B",null,"M","M","$","M","?","E","R","M","T","E","$","M","M","M","R","B",null,"M","M","$","M","$","R","?","M","T","R","M","M","M","T","R","B"],"character_chosen":"THE_SILENT","items_purchased":["Snake Skull","Ancient Tea Set","Backstab","Membership Card","Pen Nib","Lee\u0027s Waffle","Noxious Fumes"],"campfire_rested":4,"item_purchase_floors":[10,10,20,28,28,37,39],"current_hp_per_floor":[70,53,51,51,44,4,25,25,25,25,5,26,26,12,33,17,70,52,38,38,38,38,23,35,20,20,10,10,18,18,12,48,32,70,63,60,77,40,40,55,45,44,44,59,59,58,58,58,73,34],"gold":124,"neow_bonus":"BOSS_RELIC","is_prod":false,"is_daily":false,"chose_seed":false,"campfire_upgraded":4,"win_rate":0,"timestamp":1541063485,"path_taken":["M","?","?","?","?","E","R","M","T","$","E","R","?","E","R","BOSS","M","M","$","M","?","E","R","M","T","E","$","?","?","M","R","BOSS","M","M","$","?","$","R","?","M","T","R","M","?","M","?","R","BOSS"],"build_version":"2018-10-25v2","purchased_purges":5,"victory":true,"max_hp_per_floor":[70,70,70,70,70,70,70,70,70,70,70,70,70,70,70,70,70,70,70,70,70,70,70,70,70,70,70,70,70,70,70,70,70,70,70,70,77,77,77,77,77,77,77,77,77,77,77,77,77,77],"card_choices":[{"not_picked":["Bane","Deflect"],"picked":"Quick Slash","floor":1},{"not_picked":["Finisher","Dagger Throw"],"picked":"PiercingWail","floor":3},{"not_picked":["Bane","Dagger Throw"],"picked":"Backstab","floor":6},{"not_picked":["Dagger Spray","Dodge and Roll"],"picked":"Deadly Poison","floor":8},{"not_picked":["Dagger Throw","Outmaneuver"],"picked":"Sucker Punch","floor":11},{"not_picked":["Dagger Spray","Finisher"],"picked":"Catalyst","floor":14},{"not_picked":["Wraith Form v2","Doppelganger"],"picked":"A Thousand Cuts","floor":16},{"not_picked":["Underhanded Strike","Expertise+1"],"picked":"Quick Slash+1","floor":18},{"not_picked":["Outmaneuver","Flechettes"],"picked":"Poisoned Stab","floor":19},{"not_picked":["Bane","Dash"],"picked":"Predator+1","floor":21},{"not_picked":["Grand Finale","Bane","Escape Plan"],"picked":"SKIP","floor":23},{"not_picked":["Slice","Dagger Throw+1"],"picked":"Poisoned Stab","floor":25},{"not_picked":["Prepared","Grand Finale"],"picked":"Backstab+1","floor":27},{"not_picked":["Acrobatics","Sucker Punch"],"picked":"Distraction","floor":29},{"not_picked":["Flechettes","Reflex"],"picked":"Backflip","floor":30},{"not_picked":["Infinite Blades","Backflip"],"picked":"Flying Knee","floor":31},{"not_picked":["Unload","Grand Finale"],"picked":"Malaise","floor":33},{"not_picked":["Cloak And Dagger"],"picked":"SKIP","floor":35},{"not_picked":["Backflip"],"picked":"SKIP","floor":36},{"not_picked":[],"picked":"Deadly Poison+1","floor":38},{"not_picked":["Acrobatics"],"picked":"SKIP","floor":42},{"not_picked":["Wraith Form v2"],"picked":"SKIP","floor":45},{"not_picked":["Skewer"],"picked":"SKIP","floor":46},{"not_picked":["Skewer+1"],"picked":"SKIP","floor":47}],"player_experience":334978,"relics_obtained":[{"floor":6,"key":"Bag of Marbles"},{"floor":6,"key":"Smiling Mask"},{"floor":9,"key":"Shuriken"},{"floor":11,"key":"Boot"},{"floor":11,"key":"Vajra"},{"floor":13,"key":"War Paint"},{"floor":14,"key":"Whetstone"},{"floor":14,"key":"Orichalcum"},{"floor":23,"key":"PreservedInsect"},{"floor":23,"key":"Tiny Chest"},{"floor":26,"key":"Bottled Tornado"},{"floor":27,"key":"Torii"},{"floor":27,"key":"Dead Branch"},{"floor":43,"key":"Blue Candle"},{"floor":48,"key":"Bronze Scales"}],"event_choices":[{"damage_healed":0,"gold_gain":0,"player_choice":"Take Damage","damage_taken":17,"relics_obtained":["Golden Idol"],"max_hp_gain":0,"max_hp_loss":0,"event_name":"Golden Idol","floor":2,"gold_loss":0},{"damage_healed":0,"gold_gain":175,"player_choice":"AGREE","damage_taken":0,"max_hp_gain":0,"max_hp_loss":0,"event_name":"Liars Game","floor":4,"gold_loss":0,"cards_obtained":["Doubt"]},{"cards_removed":["Doubt"],"damage_healed":0,"gold_gain":0,"player_choice":"Card Removal","damage_taken":7,"max_hp_gain":0,"max_hp_loss":0,"event_name":"Golden Wing","floor":5,"gold_loss":0},{"damage_healed":0,"gold_gain":100,"player_choice":"Bet on Murderer","damage_taken":0,"max_hp_gain":0,"max_hp_loss":0,"event_name":"The Joust","floor":22,"gold_loss":50},{"damage_healed":0,"gold_gain":0,"player_choice":"Embrace Madness","damage_taken":10,"max_hp_gain":0,"max_hp_loss":0,"event_name":"Winding Halls","floor":41,"gold_loss":0,"cards_obtained":["Madness","Madness"]}],"is_beta":false,"boss_relics":[{"not_picked":["WristBlade","Cursed Key"],"picked":"Eternal Feather"},{"not_picked":["Runic Dome","Velvet Choker"],"picked":"Busted Crown"}],"items_purged_floors":[10,20,28,37,39],"is_endless":false,"potions_floor_spawned":[11,21,25,27,30,33,35,36,46],"ascension_level":1}