{"gold_per_floor":[119,169,94,107,118,118,150,150,150,185,205,21,46,46],"floor_reached":14,"playtime":474,"items_purged":[],"score":172,"play_id":"e8a9bdde-9c84-42e8-ac42-729e1380fc8d","local_time":"20180713080739","is_ascension_mode":true,"campfire_choices":[{"data":"Neutralize","floor":6,"key":"SMITH"},{"floor":8,"key":"REST"}],"neow_cost":"NONE","seed_source_timestamp":136444959911515,"circlet_count":0,"master_deck":["Defend_G","Defend_G","Defend_G","Defend_G","Defend_G","Strike_G","Strike_G","Strike_G","Strike_G","Survivor","Neutralize+1","AscendersBane","Quick Slash","PiercingWail","Sucker Punch","Noxious Fumes"],"relics":["Ring of the Snake","NeowsBlessing","Letter Opener","Potion Belt","Dodecahedron","Bag of Marbles","Lantern"],"potions_floor_usage":[7,11],"damage_taken":[{"damage":0,"enemies":"2 Louse","floor":1,"turns":1},{"damage":0,"enemies":"Cultist","floor":4,"turns":1},{"damage":0,"enemies":"Small Slimes","floor":5,"turns":1},{"damage":34,"enemies":"Gremlin Nob","floor":7,"turns":5},{"damage":13,"enemies":"3 Sentries","floor":10,"turns":13},{"damage":4,"enemies":"Exordium Wildlife","floor":11,"turns":4},{"damage":39,"enemies":"Gremlin Nob","floor":14,"turns":5}],"seed_played":"5566583159514381310","potions_obtained":[{"floor":5,"key":"LiquidBronze"},{"floor":10,"key":"Explosive Potion"}],"is_trial":false,"path_per_floor":["M","?","?","M","M","R","E","R","T","E","M","$","T"],"character_chosen":"THE_SILENT","items_purchased":["Bag of Marbles","Noxious Fumes"],"campfire_rested":1,"item_purchase_floors":[12,12],"current_hp_per_floor":[59,59,59,59,59,59,25,44,44,31,27,27,27,0],"gold":46,"neow_bonus":"THREE_ENEMY_KILL","is_prod":false,"is_daily":false,"chose_seed":false,"campfire_upgraded":1,"win_rate":0,"timestamp":1531462059,"path_taken":["M","?","?","?","M","R","E","R","T","E","?","?","?","E"],"build_version":"2018-07-12","purchased_purges":0,"victory":false,"max_hp_per_floor":[66,66,66,66,66,66,66,66,66,66,66,66,66,66],"card_choices":[{"not_picked":["Deflect","Outmaneuver","Underhanded Strike"],"picked":"SKIP","floor":1},{"not_picked":["Deadly Poison","Endless Agony"],"picked":"Quick Slash","floor":4},{"not_picked":["Masterful Stab","Acrobatics"],"picked":"PiercingWail","floor":5},{"not_picked":["Endless Agony","Acrobatics"],"picked":"Sucker Punch","floor":7},{"not_picked":["Masterful Stab","Grand Finale","Bouncing Flask"],"picked":"SKIP","floor":10},{"not_picked":["Sucker Punch","Masterful Stab","Outmaneuver"],"picked":"SKIP","floor":11}],"player_experience":827981,"relics_obtained":[{"floor":7,"key":"Letter Opener"},{"floor":9,"key":"Potion Belt"},{"floor":10,"key":"Dodecahedron"},{"floor":13,"key":"Lantern"}],"event_choices":[{"event_name":"Golden Shrine","player_choice":"Pray","floor":2,"damage_taken":0},{"event_name":"The Cleric","player_choice":"Card Removal","floor":3,"damage_taken":0}],"boss_relics":[],"items_purged_floors":[],"is_endless":false,"potions_floor_spawned":[5,10],"killed_by":"Gremlin Nob","ascension_level":15}