{"gold_per_floor":[110,129,129,7,7,7,42,60,60,60,78,78,78,88,88,191,191,201,201,217,117,131,131,159,159,159,159,172,172,190,65,65,170,170,186,196,209,222,175,175,210,222,222,240,240,257,257,274,274,274],"floor_reached":51,"playtime":2337,"items_purged":["Armaments","Reckless Charge","Reckless Charge"],"score":776,"play_id":"55c2a367-e8f0-437d-b910-bbd282e4570b","local_time":"20190228174035","daily_mods":["Draft"],"is_ascension_mode":false,"campfire_choices":[{"data":"Battle Trance","floor":6,"key":"SMITH"},{"data":"Rage","floor":15,"key":"SMITH"},{"data":"Body Slam","floor":23,"key":"SMITH"},{"data":"Shrug It Off","floor":27,"key":"SMITH"},{"data":"Shrug It Off","floor":29,"key":"SMITH"},{"data":"Shrug It Off","floor":32,"key":"SMITH"},{"data":"Juggernaut","floor":40,"key":"SMITH"},{"floor":49,"key":"REST"}],"neow_cost":"","seed_source_timestamp":0,"circlet_count":0,"master_deck":["Rage+1","Clash","Battle Trance+1","Cleave","Iron Wave","Shrug It Off+1","Shrug It Off+1","Headbutt","Shrug It Off+1","Armaments+1","Warcry","Anger","Clash","Juggernaut+1","Body Slam+1","Flex","Clash"],"relics":["Burning Blood","Omamori","Dodecahedron","Cursed Key","Bottled Tornado","Singing Bowl","Potion Belt","Letter Opener"],"potions_floor_usage":[14,16,24,28,42,42,50],"damage_taken":[{"damage":0,"enemies":"Cultist","floor":1,"turns":3},{"damage":0,"enemies":"Jaw Worm","floor":2,"turns":2},{"damage":0,"enemies":"Gremlin Nob","floor":7,"turns":4},{"damage":0,"enemies":"Small Slimes","floor":8,"turns":2},{"damage":0,"enemies":"Looter","floor":11,"turns":2},{"damage":0,"enemies":"Exordium Wildlife","floor":14,"turns":2},{"damage":19,"enemies":"The Guardian","floor":16,"turns":6},{"damage":0,"enemies":"Spheric Guardian","floor":18,"turns":3},{"damage":0,"enemies":"Chosen","floor":20,"turns":3},{"damage":18,"enemies":"Snecko","floor":22,"turns":5},{"damage":0,"enemies":"Book of Stabbing","floor":24,"turns":2},{"damage":0,"enemies":"3 Cultists","floor":28,"turns":4},{"damage":0,"enemies":"Centurion and Healer","floor":30,"turns":3},{"damage":8,"enemies":"Automaton","floor":33,"turns":6},{"damage":0,"enemies":"Orb Walker","floor":35,"turns":2},{"damage":0,"enemies":"3 Shapes","floor":36,"turns":3},{"damage":5,"enemies":"Spire Growth","floor":37,"turns":3},{"damage":0,"enemies":"Jaw Worm Horde","floor":38,"turns":3},{"damage":23,"enemies":"Giant Head","floor":41,"turns":6},{"damage":20,"enemies":"Maw","floor":42,"turns":5},{"damage":0,"enemies":"Transient","floor":44,"turns":5},{"damage":0,"enemies":"Sphere and 2 Shapes","floor":46,"turns":2},{"damage":0,"enemies":"Spire Growth","floor":48,"turns":3},{"damage":15,"enemies":"Time Eater","floor":50,"turns":7}],"seed_played":"1916781559656293053","potions_obtained":[{"floor":1,"key":"Fire Potion"},{"floor":7,"key":"Dexterity Potion"},{"floor":8,"key":"EssenceOfSteel"},{"floor":14,"key":"AttackPotion"},{"floor":20,"key":"Block Potion"},{"floor":22,"key":"Block Potion"},{"floor":30,"key":"Energy Potion"},{"floor":38,"key":"Strength Potion"},{"floor":41,"key":"Strength Potion"},{"floor":42,"key":"FearPotion"},{"floor":46,"key":"SteroidPotion"}],"is_trial":true,"path_per_floor":["M","M","?","$","$","R","E","M","T","$","M","?","?","M","R","B",null,"M","?","M","$","M","R","E","?","T","R","M","R","M","$","R","B",null,"M","M","M","M","$","R","E","M","T","M","?","M","$","M","R","B",null],"character_chosen":"IRONCLAD","items_purchased":["Anger","Clash"],"campfire_rested":1,"item_purchase_floors":[4,39],"current_hp_per_floor":[80,80,80,80,80,80,80,80,80,80,80,80,85,85,85,72,85,85,85,85,85,73,73,79,79,79,79,87,87,89,89,89,89,91,93,95,97,99,99,99,84,72,72,80,80,88,88,96,109,100],"gold":274,"neow_bonus":"","is_prod":false,"is_daily":false,"chose_seed":false,"campfire_upgraded":7,"win_rate":0,"timestamp":1551393635,"path_taken":["M","M","?","?","$","R","E","M","T","$","M","?","?","M","R","BOSS","M","?","M","$","M","R","E","?","T","R","M","R","M","?","R","BOSS","M","?","M","M","$","R","E","M","T","M","?","M","$","M","R","BOSS"],"build_version":"2019-01-23","purchased_purges":3,"victory":true,"max_hp_per_floor":[80,80,80,80,80,80,80,80,80,80,80,80,85,85,85,85,85,85,85,85,85,85,85,85,85,85,85,87,87,89,89,89,91,91,93,95,97,99,99,99,101,103,103,105,105,107,107,109,109,109],"card_choices":[{"not_picked":["Headbutt","Sword Boomerang"],"picked":"Rage","floor":0},{"not_picked":["Cleave","Clash"],"picked":"Anger","floor":0},{"not_picked":["Bloodletting","Iron Wave"],"picked":"Clash","floor":0},{"not_picked":["Perfected Strike","Cleave"],"picked":"Reckless Charge","floor":0},{"not_picked":["Perfected Strike","Combust"],"picked":"Reckless Charge","floor":0},{"not_picked":["Iron Wave","Corruption"],"picked":"Battle Trance","floor":0},{"not_picked":["Thunderclap","Wild Strike"],"picked":"Cleave","floor":0},{"not_picked":["Headbutt","Pummel"],"picked":"Iron Wave","floor":0},{"not_picked":["Blood for Blood","Heavy Blade"],"picked":"Shrug It Off","floor":0},{"not_picked":["Fire Breathing","Second Wind"],"picked":"Shrug It Off","floor":0},{"not_picked":["Hemokinesis","Wild Strike"],"picked":"Headbutt","floor":0},{"not_picked":["Carnage","Cleave"],"picked":"Armaments","floor":0},{"not_picked":["Havoc","Body Slam"],"picked":"Shrug It Off","floor":0},{"not_picked":["Iron Wave","Wild Strike"],"picked":"Armaments","floor":0},{"not_picked":["Body Slam","Headbutt"],"picked":"Warcry","floor":0},{"not_picked":["Combust","Clothesline","Hemokinesis"],"picked":"SKIP","floor":1},{"not_picked":["Thunderclap","Fire Breathing","Heavy Blade"],"picked":"SKIP","floor":2},{"not_picked":["Shockwave","Sword Boomerang","Brutality"],"picked":"SKIP","floor":7},{"not_picked":["Twin Strike","Iron Wave","Pommel Strike"],"picked":"SKIP","floor":8},{"not_picked":["Pummel","Havoc"],"picked":"Clash","floor":11},{"not_picked":["Wild Strike","Havoc","Sentinel"],"picked":"SKIP","floor":14},{"not_picked":["Limit Break","Feed"],"picked":"Juggernaut","floor":16},{"not_picked":["True Grit","Reckless Charge"],"picked":"Body Slam","floor":18},{"not_picked":["Burning Pact","Body Slam"],"picked":"Flex","floor":20},{"not_picked":["True Grit","Corruption","Wild Strike"],"picked":"SKIP","floor":22},{"not_picked":["Body Slam","Second Wind","Wild Strike+1"],"picked":"SKIP","floor":24},{"not_picked":["Iron Wave+1","Shrug It Off+1","Heavy Blade"],"picked":"Singing Bowl","floor":28},{"not_picked":["Shrug It Off","Rupture","Cleave"],"picked":"Singing Bowl","floor":30},{"not_picked":["Brutality","Offering","Double Tap"],"picked":"Singing Bowl","floor":33},{"not_picked":["Inflame","Pummel","Ghostly Armor+1"],"picked":"Singing Bowl","floor":35},{"not_picked":["Perfected Strike+1","Armaments","Whirlwind+1"],"picked":"Singing Bowl","floor":36},{"not_picked":["Disarm","Sword Boomerang","Dropkick"],"picked":"Singing Bowl","floor":37},{"not_picked":["Spot Weakness","Heavy Blade","Sever Soul"],"picked":"Singing Bowl","floor":38},{"not_picked":["Headbutt","Power Through","Seeing Red+1"],"picked":"Singing Bowl","floor":41},{"not_picked":["Entrench+1","Dropkick","Flame Barrier"],"picked":"Singing Bowl","floor":42},{"not_picked":["Twin Strike","Impervious","Wild Strike+1"],"picked":"Singing Bowl","floor":44},{"not_picked":["Whirlwind+1","Inflame","Perfected Strike+1"],"picked":"Singing Bowl","floor":46},{"not_picked":["Seeing Red+1","Twin Strike+1","Fire Breathing+1"],"picked":"Singing Bowl","floor":48}],"player_experience":493905,"relics_obtained":[{"floor":7,"key":"Omamori"},{"floor":9,"key":"Dodecahedron"},{"floor":24,"key":"Bottled Tornado"},{"floor":26,"key":"Singing Bowl"},{"floor":41,"key":"Potion Belt"},{"floor":43,"key":"Letter Opener"}],"event_choices":[{"damage_healed":0,"gold_gain":0,"player_choice":"Grow","damage_taken":0,"max_hp_gain":0,"max_hp_loss":0,"event_name":"Living Wall","floor":3,"gold_loss":0,"cards_upgraded":["Armaments"]},{"damage_healed":0,"gold_gain":0,"player_choice":"Fled","damage_taken":0,"max_hp_gain":0,"max_hp_loss":0,"event_name":"Scrap Ooze","floor":12,"gold_loss":0},{"damage_healed":0,"gold_gain":0,"player_choice":"Donut","damage_taken":0,"max_hp_gain":5,"max_hp_loss":0,"event_name":"Big Fish","floor":13,"gold_loss":0},{"damage_healed":0,"gold_gain":0,"player_choice":"Ignored","damage_taken":0,"max_hp_gain":0,"max_hp_loss":0,"event_name":"Ghosts","floor":25,"gold_loss":0},{"cards_removed":["Anger"],"damage_healed":0,"gold_gain":0,"player_choice":"Removed Attack","damage_taken":0,"max_hp_gain":0,"max_hp_loss":0,"event_name":"Falling","floor":45,"gold_loss":0}],"is_beta":false,"boss_relics":[{"not_picked":["Philosopher\u0027s Stone","Orrery"],"picked":"Cursed Key"},{"not_picked":["Coffee Dripper","Runic Pyramid","Runic Dome"]}],"items_purged_floors":[4,21,31],"is_endless":false,"potions_floor_spawned":[1,7,8,14,20,22,30,38,41,42,46],"ascension_level":0}