{"gold_per_floor":[112,112,112,37,50,83,83,144,144,144,163,19,32,52,52,150,150,168,178,453,453],"floor_reached":21,"playtime":910,"items_purged":["Decay"],"score":286,"play_id":"755afc48-0e5c-402f-bf2a-224931ae51a3","local_time":"20181105183907","is_ascension_mode":true,"campfire_choices":[{"data":"Streamline","floor":7,"key":"SMITH"},{"data":"Creative AI","floor":15,"key":"SMITH"}],"neow_cost":"CURSE","seed_source_timestamp":10224162659227524,"circlet_count":0,"master_deck":["AscendersBane","Strike_B","Strike_B","Strike_B","Strike_B","Defend_B","Defend_B","Defend_B","Defend_B","Zap","Dualcast","Coolheaded","Streamline+1","Consume","Turbo","Chill","Creative AI+1","Capacitor","Rainbow","Turbo","Barrage+1"],"relics":["Cracked Core","Unceasing Top","Meat on the Bone","Omamori","Molten Egg 2","Shuriken","Kunai","Smiling Mask","Eternal Feather"],"potions_floor_usage":[8,16,16,21],"damage_taken":[{"damage":4,"enemies":"Small Slimes","floor":1,"turns":4},{"damage":5,"enemies":"Jaw Worm","floor":5,"turns":3},{"damage":36,"enemies":"3 Sentries","floor":6,"turns":9},{"damage":18,"enemies":"3 Sentries","floor":8,"turns":9},{"damage":2,"enemies":"Cultist","floor":11,"turns":3},{"damage":4,"enemies":"Exordium Wildlife","floor":13,"turns":4},{"damage":10,"enemies":"Looter","floor":14,"turns":3},{"damage":28,"enemies":"Hexaghost","floor":16,"turns":10},{"damage":40,"enemies":"3 Byrds","floor":18,"turns":8},{"damage":27,"enemies":"Chosen","floor":19,"turns":7},{"damage":18,"enemies":"Snake Plant","floor":21,"turns":3}],"seed_played":"8186429844572982006","potions_obtained":[{"floor":6,"key":"Dexterity Potion"},{"floor":8,"key":"Block Potion"},{"floor":11,"key":"Weak Potion"},{"floor":19,"key":"AttackPotion"}],"is_trial":false,"path_per_floor":["M","?","T","$","M","E","R","?","T","?","M","$","M","M","R","B",null,"M","M","?","M"],"character_chosen":"DEFECT","items_purchased":["Creative AI"],"campfire_rested":0,"item_purchase_floors":[12],"current_hp_per_floor":[64,39,39,39,46,22,22,16,16,16,26,26,34,36,36,20,61,33,18,18,0],"gold":453,"neow_bonus":"ONE_RARE_RELIC","is_prod":false,"is_daily":false,"chose_seed":false,"campfire_upgraded":2,"win_rate":0,"timestamp":1541471947,"path_taken":["M","?","?","$","?","E","R","?","T","?","M","?","M","M","R","BOSS","M","M","?","?"],"build_version":"2018-11-01","purchased_purges":1,"victory":false,"max_hp_per_floor":[75,75,75,75,75,75,75,75,75,75,75,75,75,75,75,75,75,75,75,75,75],"card_choices":[{"not_picked":["Cold Snap","Undo"],"picked":"Coolheaded","floor":1},{"not_picked":["Storm","Leap"],"picked":"Streamline","floor":5},{"not_picked":["Cold Snap","Fission"],"picked":"Consume","floor":6},{"not_picked":["Sweeping Beam+1","Stack"],"picked":"Turbo","floor":8},{"not_picked":["Rebound+1","Double Energy"],"picked":"Chill","floor":11},{"not_picked":["Rebound+1","Rip and Tear+1","Melter+1"],"picked":"SKIP","floor":13},{"not_picked":["Reinforced Body","Ball Lightning+1"],"picked":"Capacitor","floor":14},{"not_picked":["Echo Form","Machine Learning"],"picked":"Rainbow","floor":16},{"not_picked":["Auto Shields","Beam Cell+1"],"picked":"Turbo","floor":18},{"not_picked":["Sunder+1","Redo"],"picked":"Barrage+1","floor":19}],"player_experience":354336,"relics_obtained":[{"floor":3,"key":"Omamori"},{"floor":6,"key":"Molten Egg 2"},{"floor":8,"key":"Shuriken"},{"floor":9,"key":"Kunai"}],"event_choices":[{"damage_healed":0,"gold_gain":0,"player_choice":"Success","damage_taken":25,"relics_obtained":["Meat on the Bone"],"max_hp_gain":0,"max_hp_loss":0,"event_name":"Scrap Ooze","floor":2,"gold_loss":0},{"damage_healed":0,"gold_gain":0,"player_choice":"Searched \u00271\u0027 times","damage_taken":0,"max_hp_gain":0,"max_hp_loss":0,"event_name":"Dead Adventurer","floor":8,"gold_loss":0},{"damage_healed":0,"gold_gain":0,"player_choice":"Box","damage_taken":0,"relics_obtained":["Smiling Mask"],"max_hp_gain":0,"max_hp_loss":0,"event_name":"Big Fish","floor":10,"gold_loss":0,"cards_obtained":["Regret"]},{"damage_healed":0,"gold_gain":275,"player_choice":"Desecrate","damage_taken":0,"max_hp_gain":0,"max_hp_loss":0,"event_name":"Golden Shrine","floor":20,"gold_loss":0,"cards_obtained":["Regret"]}],"is_beta":false,"boss_relics":[{"not_picked":["Orrery","White Beast Statue"],"picked":"Eternal Feather"}],"items_purged_floors":[4],"is_endless":false,"potions_floor_spawned":[6,8,11,19],"killed_by":"Snake Plant","ascension_level":12}