{"gold_per_floor":[112,112,125,140,158,190,190,208,232,257,277,305,335,347,347,449,449,467,238,253,279,279,279],"floor_reached":23,"playtime":1342,"items_purged":["Strike_G"],"score":346,"play_id":"94970fe9-0e3b-477b-a11a-0ef8bdd0e9e1","local_time":"20190213101415","is_ascension_mode":true,"campfire_choices":[{"data":"Cloak And Dagger","floor":7.0,"key":"SMITH"},{"data":"Cloak And Dagger","floor":15.0,"key":"SMITH"}],"neow_cost":"NONE","seed_source_timestamp":0,"circlet_count":0,"master_deck":["Defend_G","Defend_G","Defend_G","Defend_G","Defend_G","Strike_G","Strike_G","Strike_G+1","Strike_G+1","Survivor","Neutralize","Cloak And Dagger+1","Neutralize","Blur","Backflip","Cloak And Dagger+1","Cloak And Dagger","Burst","Cloak And Dagger"],"special_seed":0,"relics":["Busted Crown","Whetstone","Bag of Preparation","Strawberry","Odd Mushroom","Blood Vial","Sozu","Vajra","Red Mask","Enchiridion"],"potions_floor_usage":[],"damage_taken":[{"damage":0.0,"enemies":"Jaw Worm","floor":1.0,"turns":5.0},{"damage":0.0,"enemies":"Cultist","floor":3.0,"turns":5.0},{"damage":0.0,"enemies":"2 Louse","floor":4.0,"turns":3.0},{"damage":0.0,"enemies":"Looter","floor":5.0,"turns":4.0},{"damage":19.0,"enemies":"Lagavulin","floor":6.0,"turns":12.0},{"damage":0.0,"enemies":"Exordium Wildlife","floor":8.0,"turns":3.0},{"damage":15.0,"enemies":"Gremlin Nob","floor":10.0,"turns":5.0},{"damage":0.0,"enemies":"Gremlin Gang","floor":11.0,"turns":7.0},{"damage":2.0,"enemies":"The Mushroom Lair","floor":12.0,"turns":5.0},{"damage":0.0,"enemies":"Lagavulin","floor":13.0,"turns":7.0},{"damage":1.0,"enemies":"3 Louse","floor":14.0,"turns":3.0},{"damage":50.0,"enemies":"Slime Boss","floor":16.0,"turns":15.0},{"damage":0.0,"enemies":"3 Byrds","floor":18.0,"turns":6.0},{"damage":0.0,"enemies":"Spheric Guardian","floor":20.0,"turns":5.0},{"damage":29.0,"enemies":"Masked Bandits","floor":21.0,"turns":6.0},{"damage":21,"enemies":"Book of Stabbing","floor":23,"turns":7}],"seed_played":"2857326363862933705","potions_obtained":[{"floor":5.0,"key":"Regen Potion"},{"floor":6.0,"key":"Explosive Potion"},{"floor":8.0,"key":"GamblersBrew"},{"floor":12.0,"key":"Poison Potion"},{"floor":13.0,"key":"Block Potion"}],"is_trial":false,"path_per_floor":["M","?","M","M","M","E","R","M","T","E","M","?","E","M","R","B",null,"M","$","M","?","?","E"],"character_chosen":"THE_SILENT","items_purchased":["Vajra"],"campfire_rested":0,"item_purchase_floors":[19],"current_hp_per_floor":[63,63,63,63,63,44,44,44,44,50,50,48,48,49,49,1,58,60,60,62,35,19,0],"gold":279,"neow_bonus":"BOSS_RELIC","is_prod":false,"is_daily":false,"chose_seed":false,"campfire_upgraded":2,"win_rate":0,"timestamp":1550042055,"path_taken":["M","?","?","?","M","E","R","M","T","E","M","?","E","M","R","BOSS","M","$","M","?","?","E"],"build_version":"2019-01-23","purchased_purges":1,"victory":false,"max_hp_per_floor":[70,70,70,70,70,70,70,70,70,77,77,77,77,77,77,77,77,77,77,77,77,77,77],"card_choices":[{"not_picked":[],"picked":"Cloak And Dagger","floor":1.0},{"not_picked":["Underhanded Strike"],"picked":"SKIP","floor":3.0},{"not_picked":[],"picked":"Backflip","floor":4.0},{"not_picked":[],"picked":"Cloak And Dagger","floor":5.0},{"not_picked":["All Out Attack"],"picked":"SKIP","floor":6.0},{"not_picked":["Quick Slash"],"picked":"SKIP","floor":8.0},{"not_picked":["Poisoned Stab"],"picked":"SKIP","floor":10.0},{"not_picked":["Finisher"],"picked":"SKIP","floor":11.0},{"not_picked":[],"picked":"Cloak And Dagger","floor":12.0},{"not_picked":["Flying Knee"],"picked":"SKIP","floor":13.0},{"not_picked":["Endless Agony"],"picked":"SKIP","floor":14.0},{"not_picked":[],"picked":"Burst","floor":16.0},{"not_picked":["Bane"],"picked":"SKIP","floor":18.0},{"not_picked":[],"picked":"Cloak And Dagger","floor":20.0}],"player_experience":285515,"relics_obtained":[{"floor":6.0,"key":"Whetstone"},{"floor":9.0,"key":"Bag of Preparation"},{"floor":10.0,"key":"Strawberry"},{"floor":12.0,"key":"Odd Mushroom"},{"floor":13.0,"key":"Blood Vial"},{"floor":21.0,"key":"Red Mask"},{"floor":22.0,"key":"Enchiridion"}],"event_choices":[{"damage_healed":0.0,"max_hp_gain":0.0,"max_hp_loss":0.0,"gold_gain":0.0,"event_name":"Match and Keep!","player_choice":"2 cards matched","floor":2.0,"gold_loss":0.0,"damage_taken":0.0,"cards_obtained":["Neutralize","Blur"]},{"damage_healed":0.0,"max_hp_gain":0.0,"max_hp_loss":0.0,"gold_gain":0.0,"event_name":"Mushrooms","player_choice":"Fought Mushrooms","floor":12.0,"gold_loss":0.0,"damage_taken":0.0},{"damage_healed":0.0,"max_hp_gain":0.0,"max_hp_loss":0.0,"gold_gain":0.0,"event_name":"Masked Bandits","player_choice":"Fought Bandits","floor":21.0,"gold_loss":0.0,"damage_taken":0.0},{"damage_healed":0.0,"max_hp_gain":0.0,"max_hp_loss":0.0,"gold_gain":0.0,"event_name":"Cursed Tome","player_choice":"Obtained Book","floor":22.0,"gold_loss":0.0,"damage_taken":16.0}],"is_beta":false,"boss_relics":[{"not_picked":["Eternal Feather","Orrery"],"picked":"Sozu"}],"items_purged_floors":[19],"is_endless":false,"potions_floor_spawned":[5,6,8,12,13],"killed_by":"Book of Stabbing","ascension_level":7}