{"gold_per_floor":[111,111,125,140,155,155,181,199,224,224,9,26,57,57,57,159,159,173,273,273,289,308,334,334,334],"floor_reached":25,"playtime":1990,"items_purged":[],"score":351,"play_id":"c9e341ef-f51c-4ea1-a748-970cf06fa41c","local_time":"20190306002911","is_ascension_mode":true,"campfire_choices":[{"floor":6,"key":"RECALL"},{"floor":10,"key":"REST"},{"floor":15,"key":"REST"},{"floor":24,"key":"REST"}],"neow_cost":"NONE","seed_source_timestamp":2383739503081100,"circlet_count":0,"master_deck":["Defend_G","Defend_G","Defend_G","Defend_G","Defend_G","Strike_G","Strike_G","Strike_G","Strike_G","Survivor","Neutralize+1","Backflip","Heel Hook","Endless Agony","Cloak And Dagger","Dagger Spray","Poisoned Stab","Well Laid Plans","Terror","Burst","After Image","Footwork","Dash","Calculated Gamble+1","Backflip","Venomology"],"relics":["Fusion Hammer","Bird Faced Urn","Strawberry","Blood Vial","Boot","Snecko Eye","Ice Cream","Pear","Bag of Marbles"],"potions_floor_usage":[4,7,16,19,23,25,25,25],"damage_taken":[{"damage":0,"enemies":"2 Louse","floor":1,"turns":3},{"damage":0,"enemies":"Small Slimes","floor":3,"turns":3},{"damage":0,"enemies":"Cultist","floor":4,"turns":3},{"damage":0,"enemies":"Blue Slaver","floor":5,"turns":5},{"damage":38,"enemies":"Gremlin Nob","floor":7,"turns":6},{"damage":11,"enemies":"Gremlin Gang","floor":8,"turns":4},{"damage":8,"enemies":"Large Slime","floor":12,"turns":6},{"damage":9,"enemies":"3 Sentries","floor":13,"turns":8},{"damage":16,"enemies":"Hexaghost","floor":16,"turns":8},{"damage":23,"enemies":"2 Thieves","floor":18,"turns":5},{"damage":14,"enemies":"Colosseum Slavers","floor":19,"turns":7},{"damage":30,"enemies":"Colosseum Nobs","floor":19,"turns":7},{"damage":0,"enemies":"3 Byrds","floor":21,"turns":5},{"damage":0,"enemies":"Centurion and Healer","floor":22,"turns":6},{"damage":11,"enemies":"Book of Stabbing","floor":23,"turns":9},{"damage":94,"enemies":"Gremlin Leader","floor":25,"turns":12}],"seed_played":"1832171431058640937","potions_obtained":[{"floor":4,"key":"Fruit Juice"},{"floor":5,"key":"Block Potion"},{"floor":7,"key":"LiquidBronze"},{"floor":8,"key":"Poison Potion"},{"floor":12,"key":"PowerPotion"},{"floor":16,"key":"GhostInAJar"},{"floor":19,"key":"Weak Potion"},{"floor":20,"key":"Strength Potion"},{"floor":23,"key":"Energy Potion"}],"is_trial":false,"path_per_floor":["M","?","M","M","M","R","E","M","T","R","$","M","E","?","R","B",null,"M","?","?","M","M","E","R","E"],"character_chosen":"THE_SILENT","items_purchased":["Well Laid Plans","Blood Vial"],"campfire_rested":3,"item_purchase_floors":[11,11],"current_hp_per_floor":[63,63,63,68,68,68,30,19,26,50,50,46,41,41,65,55,75,58,40,40,46,54,51,78,0],"gold":334,"neow_bonus":"BOSS_RELIC","is_prod":false,"is_daily":false,"chose_seed":false,"campfire_upgraded":0,"win_rate":0,"timestamp":1551860951,"path_taken":["M","?","M","M","M","R","E","M","T","R","$","M","E","?","R","BOSS","M","?","?","?","?","E","R","E"],"build_version":"2019-01-23","purchased_purges":0,"victory":false,"max_hp_per_floor":[70,70,70,75,75,75,75,75,82,82,82,82,82,82,82,82,82,82,92,92,92,92,92,92,92],"card_choices":[{"not_picked":["Masterful Stab","Distraction"],"picked":"Backflip","floor":1},{"not_picked":["Accuracy","Slice"],"picked":"Heel Hook","floor":3},{"not_picked":["Acrobatics","Deflect"],"picked":"Endless Agony","floor":4},{"not_picked":["Backflip","Endless Agony"],"picked":"Cloak And Dagger","floor":5},{"not_picked":["Concentrate","Flechettes"],"picked":"Dagger Spray","floor":7},{"not_picked":["Prepared","Dagger Throw"],"picked":"Poisoned Stab","floor":8},{"not_picked":["Prepared","Concentrate"],"picked":"Terror","floor":12},{"not_picked":["Poisoned Stab","Heel Hook"],"picked":"Burst","floor":13},{"not_picked":["Burst","Night Terror"],"picked":"After Image","floor":16},{"not_picked":["Prepared","Backflip"],"picked":"Footwork","floor":18},{"not_picked":["Dagger Throw","Deadly Poison"],"picked":"Dash","floor":19},{"not_picked":["Deflect","Accuracy"],"picked":"Calculated Gamble+1","floor":21},{"not_picked":["Acrobatics","Heel Hook+1"],"picked":"Backflip","floor":22},{"not_picked":["Deflect","Predator"],"picked":"Venomology","floor":23}],"player_experience":797596,"relics_obtained":[{"floor":7,"key":"Bird Faced Urn"},{"floor":9,"key":"Strawberry"},{"floor":13,"key":"Boot"},{"floor":19,"key":"Ice Cream"},{"floor":19,"key":"Pear"},{"floor":23,"key":"Bag of Marbles"}],"event_choices":[{"damage_healed":0,"gold_gain":0,"player_choice":"Grow","damage_taken":0,"max_hp_gain":0,"max_hp_loss":0,"event_name":"Living Wall","floor":2,"gold_loss":0,"cards_upgraded":["Neutralize"]},{"cards_removed":["Strike_G"],"damage_healed":0,"gold_gain":0,"player_choice":"Purged","damage_taken":0,"max_hp_gain":0,"max_hp_loss":0,"event_name":"Purifier","floor":14,"gold_loss":0},{"damage_healed":0,"gold_gain":0,"player_choice":"Fight","damage_taken":0,"max_hp_gain":0,"max_hp_loss":0,"event_name":"Colosseum","floor":19,"gold_loss":0},{"damage_healed":0,"gold_gain":0,"player_choice":"Fought Nobs","damage_taken":0,"max_hp_gain":0,"max_hp_loss":0,"event_name":"Colosseum","floor":19,"gold_loss":0},{"damage_healed":0,"gold_gain":0,"player_choice":"Got Potions","damage_taken":0,"max_hp_gain":0,"max_hp_loss":0,"event_name":"Lab","floor":20,"gold_loss":0}],"is_beta":false,"boss_relics":[{"not_picked":["White Beast Statue","Lizard Tail"],"picked":"Snecko Eye"}],"items_purged_floors":[],"is_endless":false,"potions_floor_spawned":[4,5,7,8,12,16,19,22,23],"killed_by":"Gremlin Leader","ascension_level":8}