{"gold_per_floor":[109,59,59,74,90,90,115,125,204,234,135,155,155,166,166,265,265,248,248,267,97,97,97,28,28,76,132,132,148,73,89,89,187,187,202,202,219,237,313,313],"floor_reached":40,"playtime":1571,"items_purged":["Strike_R","Strike_R"],"score":441,"play_id":"750dfb92-a473-4b49-914c-01852de4f0ea","local_time":"20181220053924","is_ascension_mode":false,"campfire_choices":[{"data":"Rage","floor":6.0,"key":"SMITH"},{"data":"Limit Break","floor":15.0,"key":"SMITH"},{"data":"1","floor":23,"key":"LIFT"},{"data":"2","floor":25,"key":"LIFT"},{"floor":28,"key":"REST"},{"floor":32,"key":"REST"}],"neow_cost":"NONE","seed_source_timestamp":608237696039864,"circlet_count":0,"master_deck":["Strike_R","Strike_R","Defend_R","Defend_R","Defend_R","Defend_R","Bash","Flex","Rage+1","Flex","Heavy Blade","Limit Break+1","Thunderclap","Anger","Limit Break","Heavy Blade","Berserk","Discovery","Clash","Seeing Red","Double Tap","Flex"],"special_seed":0,"relics":["Burning Blood","NeowsBlessing","Girya","Strawberry","Black Star","Happy Flower","Kunai","Tiny Chest","Sozu","The Courier"],"potions_floor_usage":[29,31,33],"damage_taken":[{"damage":0.0,"enemies":"Small Slimes","floor":1.0,"turns":1.0},{"damage":0.0,"enemies":"Cultist","floor":4.0,"turns":1.0},{"damage":0.0,"enemies":"2 Louse","floor":5.0,"turns":1.0},{"damage":48.0,"enemies":"Lagavulin","floor":7.0,"turns":10.0},{"damage":5.0,"enemies":"Large Slime","floor":8.0,"turns":6.0},{"damage":7.0,"enemies":"Gremlin Nob","floor":10.0,"turns":3.0},{"damage":16.0,"enemies":"Gremlin Gang","floor":12.0,"turns":7.0},{"damage":17.0,"enemies":"2 Fungi Beasts","floor":14.0,"turns":4.0},{"damage":35.0,"enemies":"Slime Boss","floor":16.0,"turns":7.0},{"damage":15.0,"enemies":"2 Thieves","floor":18.0,"turns":4.0},{"damage":41,"enemies":"Spheric Guardian","floor":20,"turns":6},{"damage":49,"enemies":"Book of Stabbing","floor":27,"turns":6},{"damage":8,"enemies":"Centurion and Healer","floor":29,"turns":3},{"damage":17,"enemies":"Snecko","floor":31,"turns":4},{"damage":51,"enemies":"Collector","floor":33,"turns":6},{"damage":48,"enemies":"3 Darklings","floor":35,"turns":7},{"damage":5,"enemies":"Orb Walker","floor":37,"turns":3},{"damage":39,"enemies":"Jaw Worm Horde","floor":38,"turns":3},{"damage":19,"enemies":"Maw","floor":40,"turns":2}],"seed_played":"7333814716186334884","potions_obtained":[{"floor":1.0,"key":"SkillPotion"},{"floor":5.0,"key":"Energy Potion"},{"floor":7.0,"key":"PowerPotion"},{"floor":8.0,"key":"Weak Potion"},{"floor":10.0,"key":"Energy Potion"},{"floor":14.0,"key":"Explosive Potion"},{"floor":27,"key":"Block Potion"},{"floor":29,"key":"Weak Potion"},{"floor":31,"key":"Explosive Potion"}],"is_trial":false,"path_per_floor":["M","$","?","M","M","R","E","M","T","E","$","M","?","M","R","B",null,"M","?","M","$","?","R","$","R","T","E","R","M","?","M","R","B",null,"M","?","M","M","T","M"],"character_chosen":"IRONCLAD","items_purchased":["Flex","Thunderclap","Seeing Red","Double Tap"],"campfire_rested":2,"item_purchase_floors":[2,11,21,24],"current_hp_per_floor":[80,80,80,80,80,80,38,39,39,45,45,35,64,53,53,24,87,78,78,43,43,72,72,72,72,72,29,55,53,53,42,68,23,87,45,45,46,13,13,0],"gold":313,"neow_bonus":"THREE_ENEMY_KILL","is_prod":false,"is_daily":false,"chose_seed":false,"campfire_upgraded":2,"win_rate":0,"timestamp":1545302364,"path_taken":["M","$","?","?","M","R","E","M","T","E","$","M","?","M","R","BOSS","M","?","?","$","?","R","$","R","T","E","R","M","?","M","R","BOSS","M","?","M","M","?","M"],"build_version":"2018-12-13","purchased_purges":2,"victory":false,"max_hp_per_floor":[80,80,80,80,80,80,80,80,80,87,87,87,87,87,87,87,87,87,87,87,87,87,87,87,87,87,87,87,87,87,87,87,87,87,87,87,87,87,87,87],"card_choices":[{"not_picked":["Reckless Charge","Havoc","Sword Boomerang"],"picked":"SKIP","floor":1.0},{"not_picked":["Ghostly Armor","True Grit"],"picked":"Rage","floor":4.0},{"not_picked":["Twin Strike","Body Slam"],"picked":"Flex","floor":5.0},{"not_picked":["Pommel Strike","Dual Wield","Dropkick"],"picked":"SKIP","floor":7.0},{"not_picked":["Dual Wield","Shrug It Off"],"picked":"Heavy Blade","floor":8.0},{"not_picked":["Flex","Perfected Strike"],"picked":"Limit Break","floor":10.0},{"not_picked":["Shockwave","Blood for Blood"],"picked":"Anger","floor":12.0},{"not_picked":["Second Wind","Cleave","Thunderclap"],"picked":"SKIP","floor":14.0},{"not_picked":["Berserk","Reaper"],"picked":"Limit Break","floor":16.0},{"not_picked":["Rampage","Pommel Strike"],"picked":"Heavy Blade","floor":18.0},{"not_picked":["Thunderclap+1","Body Slam"],"picked":"Clash","floor":20},{"not_picked":["Shrug It Off","Evolve","Rampage+1"],"picked":"SKIP","floor":27},{"not_picked":["Fire Breathing","Iron Wave","Warcry"],"picked":"SKIP","floor":29},{"not_picked":["Battle Trance","Body Slam","Bloodletting+1"],"picked":"SKIP","floor":31},{"not_picked":["Perfected Strike","Power Through","Havoc"],"picked":"SKIP","floor":35},{"not_picked":["Havoc+1","Burning Pact"],"picked":"Flex","floor":37},{"not_picked":["Fire Breathing","Dropkick","Searing Blow"],"picked":"SKIP","floor":38}],"player_experience":328421,"relics_obtained":[{"floor":7.0,"key":"Girya"},{"floor":10.0,"key":"Strawberry"},{"floor":26,"key":"Happy Flower"},{"floor":27,"key":"Kunai"},{"floor":27,"key":"Tiny Chest"},{"floor":39,"key":"The Courier"}],"event_choices":[{"damage_healed":0.0,"max_hp_gain":0.0,"max_hp_loss":0.0,"gold_gain":0.0,"event_name":"NoteForYourself","player_choice":"Ignored","floor":3.0,"gold_loss":0.0,"damage_taken":0.0},{"damage_healed":29.0,"max_hp_gain":0.0,"max_hp_loss":0.0,"gold_gain":0.0,"event_name":"Big Fish","player_choice":"Banana","floor":13.0,"gold_loss":0.0,"damage_taken":0.0},{"damage_healed":0,"gold_gain":0,"player_choice":"2 cards matched","damage_taken":0,"max_hp_gain":0,"max_hp_loss":0,"event_name":"Match and Keep!","floor":19,"gold_loss":0,"cards_obtained":["Berserk","Discovery"]},{"damage_healed":29,"gold_gain":0,"player_choice":"Heal","damage_taken":0,"max_hp_gain":0,"max_hp_loss":0,"event_name":"The Library","floor":22,"gold_loss":0},{"cards_removed":["Strike_R"],"damage_healed":0,"gold_gain":0,"player_choice":"Gave Gold","damage_taken":0,"max_hp_gain":0,"max_hp_loss":0,"event_name":"Beggar","floor":30,"gold_loss":75},{"damage_healed":0,"gold_gain":0,"player_choice":"Ignored","damage_taken":0,"max_hp_gain":0,"max_hp_loss":0,"event_name":"Mysterious Sphere","floor":36,"gold_loss":0}],"is_beta":false,"boss_relics":[{"not_picked":["White Beast Statue","Runic Pyramid"],"picked":"Black Star"},{"not_picked":["Fusion Hammer","Snecko Eye"],"picked":"Sozu"}],"items_purged_floors":[11,21],"is_endless":false,"potions_floor_spawned":[1,5,7,8,10,14,27,29,31,35,37],"killed_by":"Maw","ascension_level":0}