{"gold_per_floor":[119,65,79,79,95,95,128,146,171,192,192,192,292,306,306,432,432,446,467,137,137,137,170,170,194,220,220,239,274,274,274,274,398,398,421,421,436,436,74,93,93,93,93,108,108],"floor_reached":45,"playtime":2398,"items_purged":["Strike_R","Strike_R"],"score":451,"play_id":"c22f8206-c09a-4943-b9a5-328709a794c9","local_time":"20181231093926","is_ascension_mode":false,"campfire_choices":[{"data":"Spot Weakness","floor":6.0,"key":"SMITH"},{"floor":12.0,"key":"REST"},{"data":"Searing Blow","floor":15.0,"key":"SMITH"},{"data":"Heavy Blade","floor":27.0,"key":"SMITH"},{"floor":30.0,"key":"REST"},{"data":"Searing Blow+1","floor":32.0,"key":"SMITH"},{"floor":42.0,"key":"REST"}],"neow_cost":"NONE","seed_source_timestamp":511632920175804,"circlet_count":0,"master_deck":["Strike_R+1","Strike_R","Defend_R+1","Defend_R","Defend_R","Bash","Spot Weakness+1","Armaments","Cleave","Shrug It Off","Offering","Clash+1","Iron Wave","Flex","Searing Blow+2","Double Tap+1","Seeing Red+1","Shockwave+1","Heavy Blade+1","Flex+1","Flex","Bludgeon","Thunderclap+1","Rage","Parasite"],"special_seed":0,"relics":["Black Blood","Golden Idol","Regal Pillow","Dream Catcher","Shuriken","Juzu Bracelet","War Paint","Blood Vial","Whetstone","Mango","Black Star","Ornamental Fan","Singing Bowl","Molten Egg 2"],"potions_floor_usage":[],"damage_taken":[{"damage":0.0,"enemies":"Small Slimes","floor":1.0,"turns":3.0},{"damage":2.0,"enemies":"2 Louse","floor":3.0,"turns":3.0},{"damage":2.0,"enemies":"Jaw Worm","floor":5.0,"turns":6.0},{"damage":32.0,"enemies":"Lagavulin","floor":7.0,"turns":9.0},{"damage":15.0,"enemies":"Exordium Thugs","floor":8.0,"turns":4.0},{"damage":3.0,"enemies":"Red Slaver","floor":10.0,"turns":3.0},{"damage":6.0,"enemies":"2 Fungi Beasts","floor":14.0,"turns":3.0},{"damage":53.0,"enemies":"Hexaghost","floor":16.0,"turns":9.0},{"damage":24.0,"enemies":"3 Byrds","floor":18.0,"turns":4.0},{"damage":5.0,"enemies":"Chosen","floor":19.0,"turns":3.0},{"damage":16.0,"enemies":"Gremlin Leader","floor":23.0,"turns":4.0},{"damage":9.0,"enemies":"3 Cultists","floor":28.0,"turns":4.0},{"damage":67.0,"enemies":"Slavers","floor":29.0,"turns":5.0},{"damage":78.0,"enemies":"Automaton","floor":33.0,"turns":8.0},{"damage":59.0,"enemies":"3 Darklings","floor":35.0,"turns":7.0},{"damage":6.0,"enemies":"Orb Walker","floor":37.0,"turns":1.0},{"damage":63.0,"enemies":"Writhing Mass","floor":40.0,"turns":7.0},{"damage":60,"enemies":"Maw","floor":44,"turns":10}],"seed_played":"-1958868176110833815","potions_obtained":[{"floor":1.0,"key":"Ancient Potion"},{"floor":8.0,"key":"EntropicBrew"},{"floor":16.0,"key":"LiquidBronze"},{"floor":19.0,"key":"Regen Potion"},{"floor":28.0,"key":"GamblersBrew"},{"floor":29.0,"key":"BloodPotion"}],"is_trial":false,"path_per_floor":["M","$","M","?","M","R","E","M","T","M","?","R","?","M","R","B",null,"M","M","$","?","?","E","?","T","T","R","M","E","R","?","R","B",null,"M","?","M","?","$","M","$","R","T","M","M"],"character_chosen":"IRONCLAD","items_purchased":["Cleave","Shuriken","Singing Bowl"],"campfire_rested":3,"item_purchase_floors":[2,20,39],"current_hp_per_floor":[80,80,80,60,64,64,38,29,29,32,25,64,64,64,64,17,80,66,71,71,71,71,65,65,65,65,65,68,41,84,84,84,27,94,45,82,82,82,82,31,31,73,73,27,0],"gold":108,"neow_bonus":"TRANSFORM_CARD","is_prod":false,"is_daily":false,"chose_seed":false,"campfire_upgraded":4,"win_rate":0,"timestamp":1546267166,"path_taken":["M","$","M","?","M","R","E","M","T","M","?","R","?","?","R","BOSS","M","M","$","?","?","E","?","?","T","R","M","E","R","?","R","BOSS","M","?","M","?","$","M","$","R","T","M","M"],"build_version":"2018-12-20","purchased_purges":2,"victory":false,"max_hp_per_floor":[80,80,80,80,80,80,80,80,80,80,80,80,80,80,80,80,80,80,80,80,80,80,80,80,80,80,80,80,94,94,94,94,94,94,94,82,82,82,82,84,84,86,86,88,88],"card_choices":[{"not_picked":["Disarm","Sword Boomerang"],"picked":"Armaments","floor":1.0},{"not_picked":["Clothesline","Anger"],"picked":"Shrug It Off","floor":3.0},{"not_picked":["Anger","Corruption"],"picked":"Offering","floor":5.0},{"not_picked":["Anger","Shrug It Off"],"picked":"Clash","floor":7.0},{"not_picked":["Sword Boomerang","Armaments"],"picked":"Iron Wave","floor":8.0},{"not_picked":["Pommel Strike","Clothesline","Warcry"],"picked":"SKIP","floor":10.0},{"not_picked":["Second Wind","Feed"],"picked":"Flex","floor":12.0},{"not_picked":["Armaments","Body Slam"],"picked":"Searing Blow","floor":14.0},{"not_picked":["Brutality","Immolate"],"picked":"Double Tap","floor":16.0},{"not_picked":["Pommel Strike","Shrug It Off"],"picked":"Seeing Red+1","floor":18.0},{"not_picked":["Wild Strike","Dropkick"],"picked":"Shockwave+1","floor":19.0},{"not_picked":["Corruption","Body Slam"],"picked":"Flex+1","floor":23.0},{"not_picked":["Reckless Charge","Havoc","Fire Breathing"],"picked":"SKIP","floor":28.0},{"not_picked":["Twin Strike","Bloodletting","Juggernaut"],"picked":"SKIP","floor":29.0},{"not_picked":["True Grit+1","Wild Strike"],"picked":"Flex","floor":30.0},{"not_picked":["Double Tap","Reaper"],"picked":"Bludgeon","floor":33.0},{"not_picked":["Body Slam","Clash+1"],"picked":"Thunderclap+1","floor":35.0},{"not_picked":["Havoc+1","Perfected Strike+1"],"picked":"Rage","floor":37.0},{"not_picked":["Entrench+1","Flex+1","Wild Strike"],"picked":"Singing Bowl","floor":40.0},{"not_picked":["Pommel Strike+1","Anger","Iron Wave+1"],"picked":"Singing Bowl","floor":42.0},{"not_picked":["Shrug It Off+1","Intimidate+1","True Grit"],"picked":"Singing Bowl","floor":44}],"player_experience":369572,"relics_obtained":[{"floor":7.0,"key":"Regal Pillow"},{"floor":9.0,"key":"Dream Catcher"},{"floor":23.0,"key":"War Paint"},{"floor":25.0,"key":"Blood Vial"},{"floor":26.0,"key":"Whetstone"},{"floor":29.0,"key":"Mango"},{"floor":43.0,"key":"Molten Egg 2"}],"event_choices":[{"damage_healed":0.0,"max_hp_gain":0.0,"max_hp_loss":0.0,"gold_gain":0.0,"event_name":"Golden Idol","player_choice":"Take Damage","floor":4.0,"gold_loss":0.0,"damage_taken":20.0,"relics_obtained":["Golden Idol"]},{"cards_removed":["Defend_R"],"damage_healed":0.0,"max_hp_gain":0.0,"max_hp_loss":0.0,"gold_gain":0.0,"event_name":"Golden Wing","player_choice":"Card Removal","floor":11.0,"gold_loss":0.0,"damage_taken":7.0},{"damage_healed":0.0,"max_hp_gain":0.0,"max_hp_loss":0.0,"gold_gain":100.0,"event_name":"Golden Shrine","player_choice":"Pray","floor":13.0,"gold_loss":0.0,"damage_taken":0.0},{"damage_healed":0.0,"max_hp_gain":0.0,"max_hp_loss":0.0,"gold_gain":0.0,"event_name":"The Mausoleum","player_choice":"Opened","floor":21.0,"gold_loss":0.0,"damage_taken":0.0,"relics_obtained":["Juzu Bracelet"]},{"damage_healed":0.0,"max_hp_gain":0.0,"max_hp_loss":0.0,"gold_gain":0.0,"event_name":"The Library","player_choice":"Read","floor":22.0,"gold_loss":0.0,"damage_taken":0.0,"cards_obtained":["Heavy Blade"]},{"damage_healed":0.0,"max_hp_gain":0.0,"max_hp_loss":0.0,"gold_gain":0.0,"event_name":"Ghosts","player_choice":"Ignored","floor":24.0,"gold_loss":0.0,"damage_taken":0.0},{"damage_healed":0.0,"max_hp_gain":0.0,"max_hp_loss":0.0,"gold_gain":0.0,"event_name":"NoteForYourself","player_choice":"Ignored","floor":31.0,"gold_loss":0.0,"damage_taken":0.0},{"damage_healed":82.0,"max_hp_gain":0.0,"max_hp_loss":12.0,"gold_gain":0.0,"event_name":"The Moai Head","player_choice":"Heal","floor":36.0,"gold_loss":0.0,"damage_taken":0.0},{"damage_healed":0.0,"max_hp_gain":0.0,"max_hp_loss":0.0,"gold_gain":0.0,"event_name":"WeMeetAgain","player_choice":"Gave Potion","floor":38.0,"gold_loss":0.0,"damage_taken":0.0,"relics_obtained":["Ornamental Fan"]}],"is_beta":false,"boss_relics":[{"not_picked":["White Beast Statue","Velvet Choker"],"picked":"Black Blood"},{"not_picked":["Fusion Hammer","Pandora\u0027s Box"],"picked":"Black Star"}],"items_purged_floors":[20,39],"is_endless":false,"potions_floor_spawned":[1,8,16,19,28,29],"killed_by":"Sphere and 2 Shapes","ascension_level":0}