{"gold_per_floor":[110,25,100,118,43,43,63,83,109,74,107,107,132,145,145,145],"floor_reached":16,"playtime":523,"items_purged":["Strike_B"],"score":220,"play_id":"f70494e4-2001-47bb-9b52-588529b4cd06","local_time":"20190209224227","is_ascension_mode":true,"campfire_choices":[{"data":"Zap","floor":6,"key":"SMITH"},{"data":"Machine Learning","floor":12,"key":"SMITH"},{"data":"Go for the Eyes","floor":15,"key":"SMITH"}],"neow_cost":"PERCENT_DAMAGE","seed_source_timestamp":305181522541800,"circlet_count":0,"master_deck":["AscendersBane","Strike_B","Strike_B","Strike_B","Defend_B","Defend_B","Defend_B","Defend_B","Zap+1","Dualcast","Go for the Eyes+1","BootSequence","Rebound","Compile Driver","Doom and Gloom","Machine Learning+1","White Noise","Turbo"],"relics":["Cracked Core","PreservedInsect","Centennial Puzzle","Calipers"],"potions_floor_usage":[13,14,16],"damage_taken":[{"damage":2,"enemies":"Jaw Worm","floor":1,"turns":3},{"damage":7,"enemies":"Small Slimes","floor":4,"turns":3},{"damage":0,"enemies":"2 Louse","floor":7,"turns":2},{"damage":7,"enemies":"Large Slime","floor":8,"turns":6},{"damage":15,"enemies":"3 Sentries","floor":11,"turns":6},{"damage":8,"enemies":"Gremlin Nob","floor":13,"turns":3},{"damage":6,"enemies":"3 Louse","floor":14,"turns":3},{"damage":36,"enemies":"Hexaghost","floor":16,"turns":9}],"seed_played":"-6180733733846575944","potions_obtained":[{"floor":8,"key":"Dexterity Potion"},{"floor":11,"key":"Regen Potion"},{"floor":13,"key":"Explosive Potion"}],"is_trial":false,"path_per_floor":["M","$","?","M","$","R","M","M","T","?","E","R","E","M","R","B"],"character_chosen":"DEFECT","items_purchased":["BootSequence"],"campfire_rested":0,"item_purchase_floors":[2],"current_hp_per_floor":[58,58,47,40,40,40,40,33,33,54,39,39,40,34,34,0],"gold":145,"neow_bonus":"TWENTY_PERCENT_HP_BONUS","is_prod":false,"is_daily":false,"chose_seed":false,"campfire_upgraded":3,"win_rate":0,"timestamp":1549780947,"path_taken":["M","$","?","M","$","R","M","M","T","?","E","R","E","M","R","BOSS"],"build_version":"2019-01-23","purchased_purges":1,"victory":false,"max_hp_per_floor":[85,85,85,85,85,85,85,85,85,85,85,85,85,85,85,85],"card_choices":[{"not_picked":["Hologram","Stack"],"picked":"Go for the Eyes","floor":1},{"not_picked":["Sweeping Beam","Conserve Battery"],"picked":"Rebound","floor":4},{"not_picked":["Redo","Steam"],"picked":"Compile Driver","floor":7},{"not_picked":["Reinforced Body","Redo"],"picked":"Doom and Gloom","floor":8},{"not_picked":["Beam Cell","Recycle"],"picked":"Machine Learning","floor":11},{"not_picked":["BootSequence","Sweeping Beam"],"picked":"White Noise","floor":13},{"not_picked":["Lockon","Genetic Algorithm"],"picked":"Turbo","floor":14}],"player_experience":672865,"relics_obtained":[{"floor":9,"key":"PreservedInsect"},{"floor":11,"key":"Centennial Puzzle"},{"floor":13,"key":"Calipers"}],"event_choices":[{"damage_healed":0,"gold_gain":75,"player_choice":"Gather Gold","damage_taken":11,"max_hp_gain":0,"max_hp_loss":0,"event_name":"World of Goop","floor":3,"gold_loss":0},{"damage_healed":21,"gold_gain":0,"player_choice":"Healed","damage_taken":0,"max_hp_gain":0,"max_hp_loss":0,"event_name":"The Cleric","floor":10,"gold_loss":35}],"is_beta":false,"boss_relics":[],"items_purged_floors":[5],"is_endless":false,"potions_floor_spawned":[8,11,13],"killed_by":"Hexaghost","ascension_level":20}