{"path_per_floor":["M","M","M","M","?","E","R","M","T","?","M","E","M","M","R","B",null,"M","?","?","M","$","R","E","?","T","M","R","M","R","M","R","B",null,"M","?","M","M","$","R","E","R","T","E","M","E","M","M","R","B"],"character_chosen":"IRONCLAD","items_purchased":["Limit Break","Red Skull"],"gold_per_floor":[110,129,142,157,157,189,189,204,204,279,290,318,330,340,340,435,435,446,371,371,355,117,117,151,151,151,164,164,175,175,191,191,294,294,314,314,329,346,34,34,69,69,69,98,111,143,160,179,179,179],"floor_reached":51,"campfire_rested":0,"playtime":4640,"current_hp_per_floor":[74,76,77,79,79,28,28,45,55,44,48,42,56,55,55,62,83,85,85,85,73,73,73,63,63,63,61,61,57,57,55,55,23,73,49,49,43,44,44,44,48,48,48,62,64,46,48,60,60,28],"items_purged":["Strike_R","Defend_R"],"gold":179,"score":1097,"play_id":"e94c1628-aacf-46f7-afed-7b39df335d8b","local_time":"20180414014600","is_prod":false,"is_daily":false,"chose_seed":false,"is_ascension_mode":true,"campfire_upgraded":9,"timestamp":1523663160,"path_taken":["M","M","M","M","?","E","R","M","T","?","M","E","M","M","R","BOSS","M","?","?","M","?","R","E","?","T","M","R","?","R","M","R","BOSS","M","?","M","M","$","R","E","R","T","E","M","E","M","M","R","BOSS"],"build_version":"2018-04-12","seed_source_timestamp":147215282492413,"purchased_purges":2,"victory":true,"master_deck":["Strike_R","Strike_R","Defend_R","Defend_R","Bash+1","Offering","Havoc+1","Shrug It Off","Battle Trance+1","Demon Form+1","Twin Strike","Whirlwind","Disarm","Intimidate","Heavy Blade+1","Feed","Flame Barrier+1","Feel No Pain+1","Limit Break+1","True Grit+1","Headbutt","Dropkick","Exhume","Infernal Blade+1","Pummel","Seeing Red+1"],"max_hp_per_floor":[80,80,80,80,80,80,80,80,90,90,90,90,90,90,90,90,90,90,90,90,90,90,90,90,90,90,90,90,90,90,90,90,90,90,90,90,93,96,96,96,96,96,96,98,98,100,100,102,102,105],"relics":["Burning Blood","Meat on the Bone","Pear","Thread and Needle","Snecko Eye","Sundial","The Courier","White Beast Statue","Red Skull","Champion Belt","Singing Bowl","Blue Candle","Bronze Scales"],"card_choices":[{"not_picked":["Armaments","Blood for Blood"],"picked":"Havoc","floor":1},{"not_picked":["Armaments","Clash"],"picked":"Shrug It Off","floor":2},{"not_picked":["Anger","Body Slam"],"picked":"Battle Trance","floor":4},{"not_picked":["Battle Trance","Headbutt"],"picked":"Demon Form","floor":6},{"not_picked":["Dual Wield","Entrench"],"picked":"Twin Strike","floor":8},{"not_picked":["Headbutt","Intimidate"],"picked":"Whirlwind","floor":11},{"not_picked":["Wild Strike","Warcry"],"picked":"Disarm","floor":12},{"not_picked":["Combust","Flex"],"picked":"Intimidate","floor":13},{"not_picked":["Dual Wield","Body Slam"],"picked":"Heavy Blade","floor":14},{"not_picked":["Brutality","Immolate"],"picked":"Feed","floor":16},{"not_picked":["Corruption","Heavy Blade"],"picked":"Flame Barrier","floor":18},{"not_picked":["Flame Barrier","Demon Form"],"picked":"True Grit","floor":24},{"not_picked":["Anger","Perfected Strike"],"picked":"Headbutt","floor":27},{"not_picked":["Flame Barrier","Pummel"],"picked":"Dropkick","floor":31},{"not_picked":["Brutality","Double Tap"],"picked":"Exhume","floor":33},{"not_picked":["Bloodletting","Flame Barrier"],"picked":"Infernal Blade","floor":38},{"not_picked":["Perfected Strike","Metallicize"],"picked":"Pummel","floor":45},{"not_picked":["Whirlwind","Sword Boomerang"],"picked":"Seeing Red","floor":47}],"player_experience":249459,"potions_floor_usage":[16,24,27,29,33,45,46,46,50,50,50],"damage_taken":[{"damage":4,"enemies":"Small Slimes","floor":1,"turns":4},{"damage":4,"enemies":"2 Louse","floor":2,"turns":2},{"damage":5,"enemies":"Cultist","floor":3,"turns":4},{"damage":4,"enemies":"Large Slime","floor":4,"turns":5},{"damage":57,"enemies":"Gremlin Nob","floor":6,"turns":5},{"damage":1,"enemies":"3 Louse","floor":8,"turns":5},{"damage":14,"enemies":"Looter","floor":11,"turns":3},{"damage":24,"enemies":"Lagavulin","floor":12,"turns":7},{"damage":4,"enemies":"Exordium Wildlife","floor":13,"turns":5},{"damage":7,"enemies":"Large Slime","floor":14,"turns":6},{"damage":11,"enemies":"The Guardian","floor":16,"turns":10},{"damage":4,"enemies":"Chosen","floor":18,"turns":3},{"damage":18,"enemies":"2 Thieves","floor":21,"turns":5},{"damage":16,"enemies":"Book of Stabbing","floor":24,"turns":7},{"damage":8,"enemies":"3 Cultists","floor":27,"turns":4},{"damage":10,"enemies":"Centurion and Healer","floor":29,"turns":8},{"damage":8,"enemies":"Cultist and Chosen","floor":31,"turns":4},{"damage":50,"enemies":"Automaton","floor":33,"turns":8},{"damage":42,"enemies":"3 Darklings","floor":35,"turns":6},{"damage":27,"enemies":"Orb Walker","floor":37,"turns":7},{"damage":20,"enemies":"4 Shapes","floor":38,"turns":10},{"damage":14,"enemies":"2 Orb Walkers","floor":41,"turns":4},{"damage":6,"enemies":"Giant Head","floor":44,"turns":6},{"damage":16,"enemies":"Sphere and 2 Shapes","floor":45,"turns":4},{"damage":50,"enemies":"2 Orb Walkers","floor":46,"turns":5},{"damage":16,"enemies":"3 Darklings","floor":47,"turns":4},{"damage":8,"enemies":"4 Shapes","floor":48,"turns":7},{"damage":53,"enemies":"Awakened One","floor":50,"turns":9}],"event_choices":[{"event_name":"Liars Game","player_choice":"disagreed","floor":5,"damage_taken":0},{"event_name":"World of Goop","player_choice":"Gather Gold","floor":10,"damage_taken":0},{"event_name":"Beggar","player_choice":"Gave Gold","floor":19,"damage_taken":0},{"event_name":"The Library","player_choice":"Read","floor":20,"damage_taken":0},{"event_name":"Back to Basics","player_choice":"Elegance","floor":25,"damage_taken":0},{"event_name":"Mysterious Sphere","player_choice":"Ignore","floor":36,"damage_taken":0}],"boss_relics":[{"not_picked":["Calling Bell","Velvet Choker"],"picked":"Snecko Eye"},{"not_picked":["Eternal Feather","Orrery"],"picked":"White Beast Statue"}],"potions_floor_spawned":[4,13,14,16,21,24,27,35,37,38,41,44,45,46,47,48],"seed_played":"-7822870518557501359","ascension_level":6,"is_trial":false}