{"gold_per_floor":[111,126,10,10,29,64,64,97,97,127,185,185,185,211,211,283,283,301,30,30,40,40,40,58,77,100,100,132,132,32,67,67,140,190,200,210,310,310,310,335,347,373,373,373,373,393,404,418,418,418,418,418,418,79,109,109],"floor_reached":56,"playtime":3647,"items_purged":["Strike_B","Regret"],"score":2192,"play_id":"2ba6b51a-90f6-41d7-abf6-6c43aa4bc526","local_time":"20190304231340","is_ascension_mode":true,"campfire_choices":[{"data":"Defragment","floor":7.0,"key":"SMITH"},{"data":"Streamline","floor":15.0,"key":"SMITH"},{"data":"Chill","floor":23.0,"key":"SMITH"},{"data":"Capacitor","floor":27.0,"key":"SMITH"},{"data":"Echo Form","floor":32.0,"key":"SMITH"},{"floor":45.0,"key":"RECALL"},{"data":"Lockon","floor":49.0,"key":"SMITH"},{"data":"Machine Learning","floor":53,"key":"SMITH"}],"neow_cost":"NONE","seed_source_timestamp":71413455588648,"circlet_count":0,"master_deck":["AscendersBane","Strike_B+1","Strike_B+1","Strike_B+1","Defend_B+1","Defend_B+1","Defend_B+1","Zap","Dualcast","Defragment+1","Ball Lightning+1","Glacier+1","Chill+1","Streamline+1","Machine Learning+1","Leap+1","Ball Lightning+1","Skim","Echo Form+1","Glacier","Capacitor+1","Go for the Eyes","Ball Lightning+1","Steam+1","Double Energy+1","Decay","Defragment+1","Thunder Strike","Beam Cell+1","Turbo+1","Compile Driver","Ball Lightning+1","Lockon+1","Doom and Gloom+1","Compile Driver"],"special_seed":0,"relics":["Cracked Core","Regal Pillow","Thread and Needle","Pantograph","Du-Vu Doll","Mango","Singing Bowl","Bottled Flame","Cursed Key","Orichalcum","Whetstone","War Paint","Meat on the Bone","Tiny House","FossilizedHelix","Art of War","DataDisk","Runic Capacitor","Boot"],"potions_floor_usage":[56],"damage_taken":[{"damage":2.0,"enemies":"2 Louse","floor":1.0,"turns":3.0},{"damage":4.0,"enemies":"Jaw Worm","floor":2.0,"turns":4.0},{"damage":1.0,"enemies":"Small Slimes","floor":5.0,"turns":3.0},{"damage":14.0,"enemies":"3 Sentries","floor":6.0,"turns":10.0},{"damage":29.0,"enemies":"Gremlin Nob","floor":8.0,"turns":4.0},{"damage":2.0,"enemies":"3 Sentries","floor":10.0,"turns":9.0},{"damage":1.0,"enemies":"3 Sentries","floor":11.0,"turns":8.0},{"damage":4.0,"enemies":"Gremlin Nob","floor":14.0,"turns":3.0},{"damage":22.0,"enemies":"The Guardian","floor":16.0,"turns":10.0},{"damage":4.0,"enemies":"2 Thieves","floor":18.0,"turns":4.0},{"damage":0.0,"enemies":"3 Byrds","floor":21.0,"turns":6.0},{"damage":0.0,"enemies":"3 Cultists","floor":24.0,"turns":6.0},{"damage":4.0,"enemies":"Cultist and Chosen","floor":25.0,"turns":6.0},{"damage":34.0,"enemies":"Gremlin Leader","floor":28.0,"turns":7.0},{"damage":0.0,"enemies":"Book of Stabbing","floor":31.0,"turns":5.0},{"damage":0.0,"enemies":"Automaton","floor":33.0,"turns":9.0},{"damage":1.0,"enemies":"3 Shapes","floor":35.0,"turns":6.0},{"damage":0.0,"enemies":"3 Darklings","floor":36.0,"turns":6.0},{"damage":8.0,"enemies":"Mind Bloom Boss Battle","floor":37.0,"turns":6.0},{"damage":89.0,"enemies":"Reptomancer","floor":40.0,"turns":8.0},{"damage":9.0,"enemies":"Transient","floor":41.0,"turns":6.0},{"damage":0.0,"enemies":"Nemesis","floor":42.0,"turns":7.0},{"damage":0.0,"enemies":"Jaw Worm Horde","floor":46.0,"turns":4.0},{"damage":0.0,"enemies":"4 Shapes","floor":47.0,"turns":7.0},{"damage":0.0,"enemies":"Writhing Mass","floor":48.0,"turns":12.0},{"damage":13.0,"enemies":"Time Eater","floor":50.0,"turns":13.0},{"damage":62,"enemies":"Awakened One","floor":51,"turns":13},{"damage":71,"enemies":"Shield and Spear","floor":55,"turns":9},{"damage":64,"enemies":"The Heart","floor":56,"turns":8}],"seed_played":"3767055026444237022","potions_obtained":[{"floor":8.0,"key":"SpeedPotion"},{"floor":10.0,"key":"SkillPotion"},{"floor":11.0,"key":"Fire Potion"},{"floor":14.0,"key":"Poison Potion"},{"floor":18.0,"key":"PowerPotion"},{"floor":24.0,"key":"Regen Potion"},{"floor":31.0,"key":"Energy Potion"},{"floor":37.0,"key":"Weak Potion"},{"floor":40.0,"key":"Weak Potion"},{"floor":42.0,"key":"SneckoOil"},{"floor":46.0,"key":"SteroidPotion"}],"is_trial":false,"path_per_floor":["M","M","$","?","M","E","R","E","T","E","?","?","T","E","R","B",null,"M","$","?","M","?","R","M","M","T","R","E","?","$","E","R","B",null,"M","M","?","?","?","E","M","E","T","T","R","M","M","M","R","B","B",null,"R","$","E","B"],"character_chosen":"DEFECT","items_purchased":["Glacier","Capacitor","Orichalcum","Go for the Eyes","Runic Capacitor","LiquidBronze","Compile Driver"],"campfire_rested":0,"item_purchase_floors":[3,19,19,19,54,54,54],"current_hp_per_floor":[69,65,65,65,64,50,50,21,21,19,32,14,14,10,10,13,72,68,68,68,70,70,70,70,66,66,66,46,46,46,46,46,71,93,92,92,93,93,95,20,25,37,37,37,37,51,63,63,63,75,50,94,94,94,37,0],"gold":109,"neow_bonus":"TEN_PERCENT_HP_BONUS","is_prod":false,"is_daily":false,"chose_seed":false,"campfire_upgraded":7,"win_rate":0,"timestamp":1551759220,"path_taken":["M","M","$","?","M","E","R","E","T","E","?","?","?","E","R","BOSS","M","$","?","?","?","R","M","M","T","R","E","?","$","E","R","BOSS","M","M","?","?","?","E","M","E","T","?","R","M","?","M","R","BOSS","BOSS","R","$","E","BOSS"],"build_version":"2019-01-23","purchased_purges":2,"victory":false,"max_hp_per_floor":[78,78,78,78,78,78,78,78,78,78,92,92,92,92,92,92,92,92,92,92,94,94,94,94,94,94,94,94,94,94,94,94,94,99,99,99,101,101,103,105,107,107,107,107,107,109,109,109,109,109,109,109,109,109,111,111],"card_choices":[{"not_picked":["Sweeping Beam","Reinforced Body"],"picked":"Defragment","floor":1.0},{"not_picked":["Rip and Tear","Streamline"],"picked":"Ball Lightning","floor":2.0},{"not_picked":["Chaos","Reprogram"],"picked":"Chill","floor":5.0},{"not_picked":["Darkness","Force Field"],"picked":"Streamline","floor":6.0},{"not_picked":["Double Energy","Static Discharge"],"picked":"Machine Learning","floor":8.0},{"not_picked":["Amplify","Compile Driver"],"picked":"Leap","floor":10.0},{"not_picked":["Go for the Eyes","Scrape"],"picked":"Ball Lightning","floor":11.0},{"not_picked":["White Noise","Darkness"],"picked":"Skim","floor":14.0},{"not_picked":["Fission","Thunder Strike"],"picked":"Echo Form","floor":16.0},{"not_picked":["Leap","Streamline"],"picked":"Glacier","floor":18.0},{"not_picked":["Beam Cell","Streamline","Cold Snap"],"picked":"Singing Bowl","floor":21.0},{"not_picked":["Beam Cell","Streamline"],"picked":"Ball Lightning","floor":24.0},{"not_picked":["Go for the Eyes","Gash"],"picked":"Steam+1","floor":25.0},{"not_picked":["Turbo","Stack"],"picked":"Double Energy+1","floor":28.0},{"not_picked":["Go for the Eyes","Core Surge"],"picked":"Defragment+1","floor":31.0},{"not_picked":["Buffer","Electrodynamics"],"picked":"Thunder Strike","floor":33.0},{"not_picked":["Heatsinks","Leap"],"picked":"Beam Cell+1","floor":34.0},{"not_picked":["Coolheaded","Leap+1"],"picked":"Turbo+1","floor":35.0},{"not_picked":["BootSequence","Go for the Eyes"],"picked":"Compile Driver","floor":36.0},{"not_picked":["All For One","Leap","Turbo"],"picked":"Singing Bowl","floor":37.0},{"not_picked":["Jack Of All Trades","Forethought","Bandage Up"],"picked":"Singing Bowl","floor":39.0},{"not_picked":["Static Discharge","Fission","Turbo+1"],"picked":"Singing Bowl","floor":40.0},{"not_picked":["BootSequence+1","Sweeping Beam+1","Rebound"],"picked":"Singing Bowl","floor":41.0},{"not_picked":["Hologram","Redo"],"picked":"Ball Lightning+1","floor":42.0},{"not_picked":["Steam","Coolheaded","Leap"],"picked":"Singing Bowl","floor":46.0},{"not_picked":["Rebound","Ball Lightning"],"picked":"Lockon","floor":47.0},{"not_picked":["Glacier","Gash"],"picked":"Doom and Gloom+1","floor":48.0},{"not_picked":["Reboot","Barrage","Sunder+1"],"picked":"Singing Bowl","floor":55}],"player_experience":683355,"relics_obtained":[{"floor":6.0,"key":"Regal Pillow"},{"floor":8.0,"key":"Thread and Needle"},{"floor":9.0,"key":"Pantograph"},{"floor":10.0,"key":"Du-Vu Doll"},{"floor":11.0,"key":"Mango"},{"floor":14.0,"key":"Bottled Flame"},{"floor":26.0,"key":"Whetstone"},{"floor":28.0,"key":"War Paint"},{"floor":31.0,"key":"Meat on the Bone"},{"floor":37.0,"key":"FossilizedHelix"},{"floor":40.0,"key":"Art of War"},{"floor":42.0,"key":"DataDisk"},{"floor":55,"key":"Boot"}],"event_choices":[{"damage_healed":0.0,"max_hp_gain":0.0,"max_hp_loss":0.0,"gold_gain":0.0,"event_name":"The Cleric","player_choice":"Leave","floor":4.0,"gold_loss":0.0,"damage_taken":0.0},{"damage_healed":0.0,"max_hp_gain":0.0,"max_hp_loss":0.0,"gold_gain":0.0,"event_name":"Dead Adventurer","player_choice":"Searched \u00272\u0027 times","floor":11.0,"gold_loss":0.0,"damage_taken":0.0},{"damage_healed":0.0,"max_hp_gain":0.0,"max_hp_loss":0.0,"gold_gain":0.0,"event_name":"Scrap Ooze","player_choice":"Success","floor":12.0,"gold_loss":0.0,"damage_taken":18.0,"relics_obtained":["Singing Bowl"]},{"cards_removed":["Defend_B"],"damage_healed":0.0,"max_hp_gain":0.0,"max_hp_loss":0.0,"gold_gain":0.0,"event_name":"Bonfire Elementals","player_choice":"Offered Basic","floor":20.0,"gold_loss":0.0,"damage_taken":0.0},{"damage_healed":0.0,"max_hp_gain":0.0,"max_hp_loss":0.0,"gold_gain":0.0,"event_name":"Back to Basics","player_choice":"Simplicity","floor":22.0,"gold_loss":0.0,"damage_taken":0.0,"cards_upgraded":["Strike_B","Strike_B","Strike_B","Defend_B","Defend_B","Defend_B"]},{"damage_healed":0.0,"max_hp_gain":0.0,"max_hp_loss":0.0,"gold_gain":0.0,"event_name":"Forgotten Altar","player_choice":"Smashed Altar","floor":29.0,"gold_loss":0.0,"damage_taken":0.0,"cards_obtained":["Decay"]},{"damage_healed":0.0,"max_hp_gain":0.0,"max_hp_loss":0.0,"gold_gain":0.0,"event_name":"MindBloom","player_choice":"Fight","floor":37.0,"gold_loss":0.0,"damage_taken":0.0},{"damage_healed":0.0,"max_hp_gain":0.0,"max_hp_loss":0.0,"gold_gain":0.0,"event_name":"Tomb of Lord Red Mask","player_choice":"Ignored","floor":38.0,"gold_loss":0.0,"damage_taken":0.0},{"damage_healed":0.0,"max_hp_gain":0.0,"max_hp_loss":0.0,"gold_gain":0.0,"event_name":"SensoryStone","player_choice":"Memory 1","floor":39.0,"gold_loss":0.0,"damage_taken":0.0}],"is_beta":false,"boss_relics":[{"not_picked":["Calling Bell","Orrery"],"picked":"Cursed Key"},{"not_picked":["Runic Dome","Astrolabe"],"picked":"Tiny House"}],"items_purged_floors":[3,30],"is_endless":false,"potions_floor_spawned":[8,10,11,14,18,24,31,37,40,42,46,55],"killed_by":"The Heart","ascension_level":20}