{"gold_per_floor":[369,369,380,396,28,55,69,134,134,149,149],"floor_reached":11,"playtime":568,"items_purged":[],"score":113,"play_id":"5be79eab-36df-45fc-b786-18f87762222e","local_time":"20181020224616","is_ascension_mode":true,"campfire_choices":[],"neow_cost":"TEN_PERCENT_HP_LOSS","seed_source_timestamp":32905265305678,"circlet_count":0,"master_deck":["Strike_B","Strike_B","Strike_B","Strike_B","Defend_B","Defend_B","Defend_B","Defend_B+1","Zap","Dualcast+1","AscendersBane","Chaos","Scrape","Ball Lightning","Go for the Eyes","Loop","Madness","Ball Lightning","Conserve Battery","Compile Driver","Capacitor"],"relics":["Cracked Core","CultistMask","Omamori","War Paint","Toxic Egg 2","Juzu Bracelet"],"potions_floor_usage":[6,6],"damage_taken":[{"damage":1,"enemies":"2 Louse","floor":1,"turns":3},{"damage":3,"enemies":"Cultist","floor":3,"turns":5},{"damage":6,"enemies":"Small Slimes","floor":4,"turns":4},{"damage":6,"enemies":"Lagavulin","floor":6,"turns":6},{"damage":12,"enemies":"2 Fungi Beasts","floor":7,"turns":3},{"damage":19,"enemies":"Gremlin Nob","floor":8,"turns":5},{"damage":11,"enemies":"Looter","floor":10,"turns":3},{"damage":10,"enemies":"Lots of Slimes","floor":11,"turns":1}],"seed_played":"-1915046059272298387","potions_obtained":[{"floor":3,"key":"Block Potion"},{"floor":4,"key":"SkillPotion"}],"is_trial":false,"path_per_floor":["M","?","M","M","$","E","M","?","T","M"],"character_chosen":"DEFECT","items_purchased":["Omamori","Go for the Eyes","Loop","Madness"],"campfire_rested":0,"item_purchase_floors":[5,5,5,5],"current_hp_per_floor":[67,67,64,58,58,52,40,21,21,10,0],"gold":149,"neow_bonus":"TWO_FIFTY_GOLD","is_prod":false,"is_daily":false,"chose_seed":false,"campfire_upgraded":0,"win_rate":0,"timestamp":1540100776,"path_taken":["M","?","M","M","$","E","M","?","T","M","M"],"build_version":"2018-10-18","purchased_purges":0,"victory":false,"max_hp_per_floor":[68,68,68,68,68,68,68,68,68,68,68],"card_choices":[{"not_picked":["Stack","Steam"],"picked":"Chaos","floor":1},{"not_picked":["Go for the Eyes","Barrage"],"picked":"Scrape","floor":3},{"not_picked":["Undo","Cold Snap"],"picked":"Ball Lightning","floor":4},{"not_picked":["Chill","Coolheaded"],"picked":"Ball Lightning","floor":6},{"not_picked":["Leap","Cold Snap"],"picked":"Conserve Battery","floor":7},{"not_picked":["Stack","Steam Power"],"picked":"Compile Driver","floor":8},{"not_picked":["Heatsinks","Undo+1"],"picked":"Capacitor","floor":10}],"player_experience":306836,"relics_obtained":[{"floor":6,"key":"War Paint"},{"floor":8,"key":"Toxic Egg 2"},{"floor":9,"key":"Juzu Bracelet"}],"event_choices":[{"damage_healed":0,"gold_gain":0,"player_choice":"Trade","damage_taken":0,"relics_obtained":["CultistMask"],"max_hp_gain":0,"max_hp_loss":0,"event_name":"FaceTrader","floor":2,"gold_loss":0},{"damage_healed":0,"gold_gain":0,"player_choice":"Searched \u00271\u0027 times","damage_taken":0,"max_hp_gain":0,"max_hp_loss":0,"event_name":"Dead Adventurer","floor":8,"gold_loss":0}],"is_beta":false,"boss_relics":[],"items_purged_floors":[],"is_endless":false,"potions_floor_spawned":[3,4],"killed_by":"Lots of Slimes","ascension_level":10}