{"gold_per_floor":[109,109,128,148,167,199,2,34,60,60,60,86,86,104,104,104],"floor_reached":16,"playtime":563,"items_purged":[],"score":168,"play_id":"51a71da4-fea9-44fb-9dd0-eb6217a69bed","local_time":"20190218140126","is_ascension_mode":true,"campfire_choices":[{"data":"Seeing Red","floor":10,"key":"SMITH"},{"data":"Whirlwind","floor":15,"key":"SMITH"}],"neow_cost":"NONE","seed_source_timestamp":226822328767035,"circlet_count":0,"master_deck":["Strike_R","Strike_R+1","Strike_R","Strike_R","Strike_R","Defend_R+1","Defend_R","Defend_R","Defend_R","Bash","Cleave","Seeing Red+1","Shockwave","Reaper","Shrug It Off","Enlightenment","Iron Wave","Whirlwind+1","Battle Trance"],"relics":["Burning Blood","Anchor","Bag of Marbles","Omamori","Ancient Tea Set","The Courier"],"potions_floor_usage":[8,12,16],"damage_taken":[{"damage":10,"enemies":"2 Louse","floor":1,"turns":4},{"damage":3,"enemies":"Jaw Worm","floor":3,"turns":4},{"damage":8,"enemies":"Small Slimes","floor":4,"turns":3},{"damage":6,"enemies":"Blue Slaver","floor":5,"turns":4},{"damage":32,"enemies":"Gremlin Nob","floor":6,"turns":4},{"damage":15,"enemies":"3 Sentries","floor":8,"turns":5},{"damage":10,"enemies":"Gremlin Nob","floor":12,"turns":4},{"damage":0,"enemies":"2 Fungi Beasts","floor":14,"turns":2},{"damage":79,"enemies":"Hexaghost","floor":16,"turns":11}],"seed_played":"-9029851733189018216","potions_obtained":[{"floor":4,"key":"Explosive Potion"},{"floor":5,"key":"Dexterity Potion"},{"floor":12,"key":"Explosive Potion"},{"floor":14,"key":"FearPotion"}],"is_trial":false,"path_per_floor":["M","?","M","M","M","E","$","E","T","R","?","E","?","M","R","B"],"character_chosen":"IRONCLAD","items_purchased":["Shrug It Off","Enlightenment","PowerPotion"],"campfire_rested":0,"item_purchase_floors":[7,7,7],"current_hp_per_floor":[76,58,61,59,59,33,33,36,36,36,65,67,67,73,73,0],"gold":104,"neow_bonus":"TEN_PERCENT_HP_BONUS","is_prod":false,"is_daily":false,"chose_seed":false,"campfire_upgraded":2,"win_rate":0,"timestamp":1550487686,"path_taken":["M","?","M","M","M","E","$","E","T","R","?","E","?","M","R","BOSS"],"build_version":"2019-01-23","purchased_purges":0,"victory":false,"max_hp_per_floor":[88,88,88,88,88,88,88,88,88,88,88,88,88,88,88,88],"card_choices":[{"not_picked":["Body Slam","Uppercut"],"picked":"Cleave","floor":1},{"not_picked":["Wild Strike","Headbutt","True Grit"],"picked":"SKIP","floor":3},{"not_picked":["Intimidate","Uppercut"],"picked":"Seeing Red","floor":4},{"not_picked":["Perfected Strike","Heavy Blade"],"picked":"Shockwave","floor":5},{"not_picked":["Inflame","Blood for Blood"],"picked":"Reaper","floor":6},{"not_picked":["Hemokinesis","True Grit"],"picked":"Iron Wave","floor":8},{"not_picked":["Havoc","Cleave"],"picked":"Whirlwind","floor":12},{"not_picked":["Headbutt","Rage"],"picked":"Battle Trance","floor":14}],"player_experience":318032,"relics_obtained":[{"floor":6,"key":"Anchor"},{"floor":8,"key":"Bag of Marbles"},{"floor":9,"key":"Omamori"},{"floor":12,"key":"Ancient Tea Set"}],"event_choices":[{"damage_healed":0,"gold_gain":0,"player_choice":"Entered Light","damage_taken":18,"max_hp_gain":0,"max_hp_loss":0,"event_name":"Shining Light","floor":2,"gold_loss":0,"cards_upgraded":["Defend_R","Strike_R"]},{"damage_healed":29,"gold_gain":0,"player_choice":"Banana","damage_taken":0,"max_hp_gain":0,"max_hp_loss":0,"event_name":"Big Fish","floor":11,"gold_loss":0},{"damage_healed":0,"gold_gain":0,"player_choice":"Gave Potion","damage_taken":0,"relics_obtained":["The Courier"],"max_hp_gain":0,"max_hp_loss":0,"event_name":"WeMeetAgain","floor":13,"gold_loss":0}],"is_beta":false,"boss_relics":[],"items_purged_floors":[],"is_endless":false,"potions_floor_spawned":[4,5,12,14],"killed_by":"Hexaghost","ascension_level":8}