{"gold_per_floor":[112,187,187,34,50,78,93,0,0,0,0,0,25,39,39,163,163,147,172,172,187,17,17,17,17,17,17,17,0,10,10,10,10],"floor_reached":33,"playtime":1744,"items_purged":["Strike_R"],"score":243,"play_id":"1a0b2d42-a0cf-45df-90e5-02ad70ab5d7b","local_time":"20190306025452","is_ascension_mode":false,"campfire_choices":[{"data":"Warcry","floor":10.0,"key":"SMITH"},{"data":"Demon Form","floor":15.0,"key":"SMITH"},{"floor":23.0,"key":"REST"},{"data":"Feed","floor":25.0,"key":"SMITH"},{"floor":27.0,"key":"RECALL"},{"data":"RitualDagger","floor":32.0,"key":"SMITH"}],"neow_cost":"NONE","seed_source_timestamp":0,"circlet_count":0,"master_deck":["Strike_R+1","Strike_R+1","Strike_R","Defend_R","Defend_R","Defend_R","Defend_R","Bash","Inflame+1","Infernal Blade","Sword Boomerang","Warcry+1","Shrug It Off","Madness","Disarm","Demon Form+1","Feed+1","Injury","Shame","Decay","Sword Boomerang","Heavy Blade+1","Sentinel+1","Master of Strategy","Flex","RitualDagger+1"],"special_seed":0,"relics":["Burning Blood","Whetstone","Self Forming Clay","Bloody Idol","Calling Bell","Blood Vial","Mercury Hourglass","WingedGreaves","Art of War","Orichalcum"],"potions_floor_usage":[],"damage_taken":[{"damage":5.0,"enemies":"2 Louse","floor":1.0,"turns":3.0},{"damage":0.0,"enemies":"Small Slimes","floor":5.0,"turns":2.0},{"damage":32.0,"enemies":"Gremlin Nob","floor":6.0,"turns":4.0},{"damage":1.0,"enemies":"Jaw Worm","floor":7.0,"turns":3.0},{"damage":0.0,"enemies":"Large Slime","floor":13.0,"turns":3.0},{"damage":0.0,"enemies":"Exordium Thugs","floor":14.0,"turns":3.0},{"damage":37.0,"enemies":"Hexaghost","floor":16.0,"turns":7.0},{"damage":32.0,"enemies":"2 Thieves","floor":18.0,"turns":4.0},{"damage":40.0,"enemies":"Spheric Guardian","floor":19.0,"turns":6.0},{"damage":38.0,"enemies":"3 Cultists","floor":21.0,"turns":6.0},{"damage":18.0,"enemies":"Centurion and Healer","floor":30.0,"turns":5.0},{"damage":29,"enemies":"Champ","floor":33,"turns":7}],"seed_played":"-8210501665489341711","potions_obtained":[{"floor":1.0,"key":"PowerPotion"},{"floor":6.0,"key":"Poison Potion"},{"floor":14.0,"key":"SteroidPotion"},{"floor":16.0,"key":"Regen Potion"}],"is_trial":false,"path_per_floor":["M","?","?","$","M","E","M","$","T","R","?","?","M","M","R","B",null,"M","M","?","M","$","R","?","R","T","R","?","?","M","?","R","B"],"character_chosen":"IRONCLAD","items_purchased":["Infernal Blade","Madness","Master of Strategy"],"campfire_rested":1,"item_purchase_floors":[4,8,22],"current_hp_per_floor":[80,69,69,69,75,49,54,54,54,54,54,54,60,66,66,35,74,48,19,19,12,12,36,36,36,36,36,36,36,31,25,25,0],"gold":10,"neow_bonus":"RANDOM_COMMON_RELIC","is_prod":false,"is_daily":false,"chose_seed":false,"campfire_upgraded":4,"win_rate":0,"timestamp":1551808492,"path_taken":["M","?","?","$","M","E","M","?","T","R","?","?","M","M","R","BOSS","M","M","?","M","$","R","?","R","T","R","?","?","?","?","R","BOSS"],"build_version":"2019-01-23","purchased_purges":1,"victory":false,"max_hp_per_floor":[80,80,80,80,80,80,80,80,80,80,74,74,74,74,74,74,74,74,77,77,80,80,80,80,80,80,80,80,80,80,80,80,80],"card_choices":[{"not_picked":["Cleave","Havoc"],"picked":"Inflame","floor":1.0},{"not_picked":["Dual Wield","Anger"],"picked":"Sword Boomerang","floor":5.0},{"not_picked":["Perfected Strike","Iron Wave"],"picked":"Warcry","floor":6.0},{"not_picked":["Entrench","Pommel Strike"],"picked":"Shrug It Off","floor":7.0},{"not_picked":["Combust","Clash"],"picked":"Disarm","floor":13.0},{"not_picked":["Warcry","Anger"],"picked":"Demon Form","floor":14.0},{"not_picked":["Juggernaut","Immolate"],"picked":"Feed","floor":16.0},{"not_picked":["Twin Strike","Dual Wield"],"picked":"Sword Boomerang","floor":18.0},{"not_picked":["Flame Barrier","Warcry+1"],"picked":"Heavy Blade+1","floor":19.0},{"not_picked":["Headbutt","Second Wind"],"picked":"Sentinel+1","floor":21.0},{"not_picked":["Body Slam","Armaments"],"picked":"Flex","floor":30.0}],"player_experience":111889,"relics_obtained":[{"floor":6.0,"key":"Self Forming Clay"},{"floor":17.0,"key":"Blood Vial"},{"floor":17.0,"key":"Mercury Hourglass"},{"floor":17.0,"key":"WingedGreaves"},{"floor":26.0,"key":"Art of War"}],"event_choices":[{"damage_healed":0.0,"max_hp_gain":0.0,"max_hp_loss":0.0,"gold_gain":75.0,"event_name":"World of Goop","player_choice":"Gather Gold","floor":2.0,"gold_loss":0.0,"damage_taken":11.0},{"damage_healed":0.0,"max_hp_gain":0.0,"max_hp_loss":0.0,"gold_gain":0.0,"event_name":"Living Wall","player_choice":"Grow","floor":3.0,"gold_loss":0.0,"damage_taken":0.0,"cards_upgraded":["Inflame"]},{"damage_healed":0.0,"max_hp_gain":0.0,"max_hp_loss":6.0,"gold_gain":0.0,"event_name":"Golden Idol","player_choice":"Lose Max HP","floor":11.0,"gold_loss":0.0,"damage_taken":0.0,"relics_obtained":["Golden Idol"]},{"cards_removed":["Strike_R"],"damage_healed":0.0,"max_hp_gain":0.0,"max_hp_loss":0.0,"gold_gain":0.0,"event_name":"Purifier","player_choice":"Purged","floor":12.0,"gold_loss":0.0,"damage_taken":0.0},{"damage_healed":0.0,"max_hp_gain":0.0,"max_hp_loss":0.0,"gold_gain":0.0,"event_name":"Forgotten Altar","player_choice":"Gave Idol","floor":20.0,"relics_lost":["Golden Idol"],"gold_loss":0.0,"damage_taken":0.0,"relics_obtained":["Bloody Idol"]},{"damage_healed":0.0,"max_hp_gain":0.0,"max_hp_loss":0.0,"gold_gain":0.0,"event_name":"Vampires","player_choice":"Ignored","floor":24.0,"gold_loss":0.0,"damage_taken":0.0},{"damage_healed":0.0,"max_hp_gain":0.0,"max_hp_loss":0.0,"gold_gain":0.0,"event_name":"The Mausoleum","player_choice":"Opened","floor":28.0,"gold_loss":0.0,"damage_taken":0.0,"relics_obtained":["Orichalcum"]},{"damage_healed":0.0,"max_hp_gain":0.0,"max_hp_loss":0.0,"gold_gain":0.0,"event_name":"Masked Bandits","player_choice":"Paid Fearfully","floor":29.0,"gold_loss":17.0,"damage_taken":0.0},{"damage_healed":0.0,"max_hp_gain":0.0,"max_hp_loss":0.0,"gold_gain":0.0,"event_name":"Nest","player_choice":"Joined the Cult","floor":31.0,"gold_loss":0.0,"damage_taken":6.0,"cards_obtained":["RitualDagger"]}],"is_beta":false,"boss_relics":[{"not_picked":["Velvet Choker","Busted Crown"],"picked":"Calling Bell"}],"items_purged_floors":[4],"is_endless":false,"potions_floor_spawned":[1,6,14,16,19],"killed_by":"Champ","ascension_level":0}