{"gold_per_floor":[114,114,264,284,41,41,16,46,100,100,100,139,139,155,155,253,253,273,131,149,162,187,223,223,254,254,42,56,56,77,118,118,216,216,230,244,94,219,580,623,623,643,643,656,695,715,759,774,774,774,774,774,774,35,78,78],"floor_reached":57,"playtime":9362,"items_purged":["Doubt","Strike_R","Defend_R","Clash","Defend_R"],"score":3020,"play_id":"0c3e7b00-896a-4b84-a6a8-17335899f945","local_time":"20190302055428","is_ascension_mode":true,"campfire_choices":[{"data":"Bash","floor":6.0,"key":"SMITH"},{"data":"Anger","floor":10.0,"key":"SMITH"},{"data":"Uppercut","floor":13.0,"key":"SMITH"},{"data":"Disarm","floor":15.0,"key":"SMITH"},{"data":"Limit Break","floor":24.0,"key":"SMITH"},{"data":"Evolve","floor":32.0,"key":"SMITH"},{"data":"Pommel Strike","floor":41.0,"key":"SMITH"},{"floor":49.0,"key":"RECALL"},{"floor":53.0,"key":"DIG"}],"neow_cost":"PERCENT_DAMAGE","seed_source_timestamp":0,"circlet_count":0,"master_deck":["AscendersBane","Strike_R+1","Defend_R","Defend_R","Bash+1","Iron Wave+1","Anger+1","Battle Trance","Uppercut+1","Disarm+1","Limit Break+1","Sword Boomerang","Evolve+1","Shrug It Off+1","Cleave","Battle Trance","Offering","Shrug It Off+1","True Grit+1","Pommel Strike+1","Flame Barrier+1","Ghostly+1","Ghostly+1","Ghostly+1","Intimidate+1","Rage+1","Limit Break+1","True Grit+1","Twin Strike+1","Inflame+1","Bloodletting+1","Pummel","Disarm+1","True Grit+1","Armaments+1","Heavy Blade","Anger","Seeing Red+1"],"special_seed":0,"relics":["Burning Blood","Vajra","Ice Cream","Blood Vial","Golden Idol","Whetstone","Mark of Pain","Kunai","Toxic Egg 2","Bag of Marbles","Frozen Egg 2","Runic Pyramid","Shovel","Old Coin","Omamori","Letter Opener","PreservedInsect","Mummified Hand","Dead Branch","Red Skull","Bronze Scales"],"potions_floor_usage":[56,56],"damage_taken":[{"damage":2.0,"enemies":"Jaw Worm","floor":1.0,"turns":5.0},{"damage":0.0,"enemies":"2 Louse","floor":4.0,"turns":3.0},{"damage":0.0,"enemies":"Gremlin Nob","floor":8.0,"turns":3.0},{"damage":0.0,"enemies":"Lagavulin","floor":12.0,"turns":5.0},{"damage":0.0,"enemies":"Small Slimes","floor":14.0,"turns":2.0},{"damage":36.0,"enemies":"Slime Boss","floor":16.0,"turns":9.0},{"damage":15.0,"enemies":"3 Byrds","floor":18.0,"turns":5.0},{"damage":3.0,"enemies":"Chosen","floor":20.0,"turns":4.0},{"damage":12.0,"enemies":"Snake Plant","floor":21.0,"turns":4.0},{"damage":21.0,"enemies":"Sentry and Sphere","floor":22.0,"turns":4.0},{"damage":19.0,"enemies":"Gremlin Leader","floor":23.0,"turns":5.0},{"damage":15.0,"enemies":"Book of Stabbing","floor":25.0,"turns":5.0},{"damage":6.0,"enemies":"Centurion and Healer","floor":28.0,"turns":4.0},{"damage":0.0,"enemies":"Snake Plant","floor":30.0,"turns":3.0},{"damage":9.0,"enemies":"Gremlin Leader","floor":31.0,"turns":7.0},{"damage":22.0,"enemies":"Collector","floor":33.0,"turns":11.0},{"damage":6.0,"enemies":"3 Darklings","floor":35.0,"turns":6.0},{"damage":5.0,"enemies":"Orb Walker","floor":36.0,"turns":4.0},{"damage":0.0,"enemies":"Mind Bloom Boss Battle","floor":38.0,"turns":7.0},{"damage":8.0,"enemies":"2 Orb Walkers","floor":39.0,"turns":6.0},{"damage":6.0,"enemies":"Giant Head","floor":40.0,"turns":7.0},{"damage":8.0,"enemies":"Writhing Mass","floor":42.0,"turns":6.0},{"damage":6.0,"enemies":"4 Shapes","floor":44.0,"turns":7.0},{"damage":1.0,"enemies":"Reptomancer","floor":45.0,"turns":7.0},{"damage":0.0,"enemies":"Transient","floor":46.0,"turns":6.0},{"damage":6.0,"enemies":"Giant Head","floor":47.0,"turns":7.0},{"damage":2.0,"enemies":"Maw","floor":48.0,"turns":9.0},{"damage":16.0,"enemies":"Awakened One","floor":50.0,"turns":10.0},{"damage":24.0,"enemies":"Donu and Deca","floor":51.0,"turns":9.0},{"damage":11.0,"enemies":"Shield and Spear","floor":55.0,"turns":4.0},{"damage":29,"enemies":"The Heart","floor":56,"turns":8}],"seed_played":"3598955524013915721","potions_obtained":[{"floor":14.0,"key":"Strength Potion"},{"floor":18.0,"key":"FearPotion"},{"floor":25.0,"key":"Ancient Potion"},{"floor":31.0,"key":"SkillPotion"},{"floor":33.0,"key":"Regen Potion"},{"floor":40.0,"key":"PowerPotion"},{"floor":45.0,"key":"PowerPotion"}],"is_trial":false,"path_per_floor":["M","?","?","M","$","R","$","E","T","R","?","E","R","M","R","B",null,"M","$","M","M","M","E","R","E","T","$","M","?","M","E","R","B",null,"M","M","$","?","?","E","R","M","T","M","E","M","E","M","R","B","B",null,"R","$","E","B",null],"character_chosen":"IRONCLAD","items_purchased":["Vajra","Anger","Evolve","True Grit+1","Pommel Strike","Dead Branch","Red Skull","Heavy Blade","Anger"],"campfire_rested":0,"item_purchase_floors":[5,7,19,27,27,54,54,54,54],"current_hp_per_floor":[54,47,47,53,53,53,53,59,59,59,33,41,41,49,49,21,62,55,55,60,56,43,32,32,25,25,25,27,27,35,34,34,20,33,35,37,37,37,35,37,37,35,35,37,37,37,37,37,37,27,11,31,31,31,28,7],"gold":78,"neow_bonus":"REMOVE_TWO","is_prod":false,"is_daily":false,"chose_seed":false,"campfire_upgraded":7,"win_rate":0,"timestamp":1551524068,"path_taken":["M","?","?","M","$","R","$","E","T","R","?","E","R","M","R","BOSS","M","$","M","M","M","E","R","E","T","$","M","?","M","E","R","BOSS","M","M","$","?","?","E","R","M","T","M","E","M","E","M","R","BOSS","BOSS","R","$","E","BOSS"],"build_version":"2019-01-23","purchased_purges":5,"victory":true,"max_hp_per_floor":[75,75,75,75,75,75,75,75,75,75,75,75,75,75,75,75,75,75,75,75,75,75,75,75,75,75,75,75,37,37,37,37,37,37,37,37,37,37,37,37,37,37,37,37,37,37,37,37,37,37,37,37,37,37,37,37],"card_choices":[{"not_picked":["Perfected Strike","Sentinel"],"picked":"Clash","floor":1.0},{"not_picked":["Thunderclap","Flex"],"picked":"Iron Wave","floor":4.0},{"not_picked":["Thunderclap","Inflame"],"picked":"Battle Trance","floor":8.0},{"not_picked":["Evolve","Cleave"],"picked":"Uppercut","floor":12.0},{"not_picked":["Clash","Perfected Strike"],"picked":"Disarm","floor":14.0},{"not_picked":["Dark Embrace","Exhume"],"picked":"Limit Break","floor":16.0},{"not_picked":["Flex","Clothesline"],"picked":"Sword Boomerang","floor":18.0},{"not_picked":["Warcry","Anger+1"],"picked":"Shrug It Off+1","floor":20.0},{"not_picked":["Body Slam+1","Shrug It Off"],"picked":"Cleave","floor":21.0},{"not_picked":["Pommel Strike","Reckless Charge"],"picked":"Battle Trance","floor":22.0},{"not_picked":["Pummel","Sword Boomerang"],"picked":"Offering","floor":23.0},{"not_picked":["Warcry","Sentinel+1"],"picked":"Shrug It Off","floor":25.0},{"not_picked":["True Grit+1","Pommel Strike"],"picked":"Flame Barrier+1","floor":28.0},{"not_picked":["Perfected Strike+1","Havoc+1"],"picked":"Intimidate+1","floor":30.0},{"not_picked":["Heavy Blade","Disarm+1"],"picked":"Rage+1","floor":31.0},{"not_picked":["Fiend Fire","Immolate"],"picked":"Limit Break+1","floor":33.0},{"not_picked":["Sword Boomerang","Thunderclap","Havoc+1"],"picked":"SKIP","floor":35.0},{"not_picked":["Demon Form+1","Armaments+1"],"picked":"True Grit+1","floor":36.0},{"not_picked":["Shrug It Off+1","Clash"],"picked":"Twin Strike+1","floor":38.0},{"not_picked":["Body Slam","Wild Strike"],"picked":"Inflame+1","floor":39.0},{"not_picked":["Blood for Blood+1","Burning Pact+1"],"picked":"Bloodletting+1","floor":40.0},{"not_picked":["Heavy Blade","Sever Soul","Evolve+1"],"picked":"SKIP","floor":42.0},{"not_picked":["Iron Wave","Pommel Strike+1"],"picked":"Pummel","floor":44.0},{"not_picked":["Entrench+1","Brutality+1"],"picked":"Disarm+1","floor":45.0},{"not_picked":["Headbutt","Perfected Strike+1"],"picked":"True Grit+1","floor":46.0},{"not_picked":["Intimidate+1","Entrench+1","Reckless Charge"],"picked":"SKIP","floor":47.0},{"not_picked":["Whirlwind+1","Flex+1"],"picked":"Armaments+1","floor":48.0},{"not_picked":["Warcry+1","True Grit+1"],"picked":"Seeing Red+1","floor":55.0}],"player_experience":624053,"relics_obtained":[{"floor":8.0,"key":"Ice Cream"},{"floor":9.0,"key":"Blood Vial"},{"floor":12.0,"key":"Whetstone"},{"floor":23.0,"key":"Kunai"},{"floor":25.0,"key":"Toxic Egg 2"},{"floor":26.0,"key":"Bag of Marbles"},{"floor":31.0,"key":"Frozen Egg 2"},{"floor":38.0,"key":"Shovel"},{"floor":39.0,"key":"Old Coin"},{"floor":40.0,"key":"Omamori"},{"floor":45.0,"key":"Letter Opener"},{"floor":47.0,"key":"PreservedInsect"},{"floor":53.0,"key":"Mummified Hand"},{"floor":55.0,"key":"Bronze Scales"}],"event_choices":[{"cards_removed":["Strike_R"],"damage_healed":0.0,"max_hp_gain":0.0,"max_hp_loss":0.0,"gold_gain":0.0,"event_name":"Golden Wing","player_choice":"Card Removal","floor":2.0,"gold_loss":0.0,"damage_taken":7.0},{"damage_healed":0.0,"max_hp_gain":0.0,"max_hp_loss":0.0,"gold_gain":150.0,"event_name":"Liars Game","player_choice":"AGREE","floor":3.0,"gold_loss":0.0,"damage_taken":0.0,"cards_obtained":["Doubt"]},{"damage_healed":0.0,"max_hp_gain":0.0,"max_hp_loss":0.0,"gold_gain":0.0,"event_name":"Golden Idol","player_choice":"Take Damage","floor":11.0,"gold_loss":0.0,"damage_taken":26.0,"relics_obtained":["Golden Idol"]},{"damage_healed":0.0,"max_hp_gain":0.0,"max_hp_loss":38.0,"gold_gain":0.0,"event_name":"Ghosts","player_choice":"Became a Ghost","floor":29.0,"gold_loss":0.0,"damage_taken":0.0,"cards_obtained":["Ghostly","Ghostly","Ghostly"]},{"damage_healed":0.0,"max_hp_gain":0.0,"max_hp_loss":0.0,"gold_gain":0.0,"event_name":"MindBloom","player_choice":"Fight","floor":38.0,"gold_loss":0.0,"damage_taken":0.0},{"damage_healed":0.0,"max_hp_gain":0.0,"max_hp_loss":0.0,"gold_gain":0.0,"event_name":"Mysterious Sphere","player_choice":"Fight","floor":39.0,"gold_loss":0.0,"damage_taken":0.0}],"is_beta":false,"boss_relics":[{"not_picked":["Lizard Tail","White Beast Statue"],"picked":"Mark of Pain"},{"not_picked":["Cursed Key","Black Blood"],"picked":"Runic Pyramid"}],"items_purged_floors":[5,19,27,37,54],"is_endless":false,"potions_floor_spawned":[14,18,21,25,31,33,39,40,45,46,48,55],"ascension_level":20}