{"gold_per_floor":[113,263,263,281,206,247,247,291,291,291,309,327,367,382,382,478,478,494,512,512,525,564,597,127,127,127,127,167,32,50,94,94,187,187,202,202,215,231,47,47,70,84,84,84,118,68,81,115,115,115],"floor_reached":50,"playtime":1885,"items_purged":["Strike_B","Strike_B"],"score":1335,"play_id":"7552b0e2-13e9-4280-b2a9-25d29495964e","local_time":"20190303043936","is_ascension_mode":true,"campfire_choices":[{"data":"Zap","floor":7.0,"key":"SMITH"},{"data":"Core Surge","floor":10.0,"key":"SMITH"},{"data":"Biased Cognition","floor":15.0,"key":"SMITH"},{"data":"Seek","floor":27.0,"key":"SMITH"},{"data":"Hologram","floor":32.0,"key":"SMITH"},{"data":"Dualcast","floor":40.0,"key":"SMITH"},{"floor":49,"key":"REST"}],"neow_cost":"NONE","seed_source_timestamp":157259608539765,"circlet_count":0,"master_deck":["AscendersBane","Strike_B","Strike_B","Defend_B","Defend_B+1","Defend_B","Defend_B","Zap+1","Dualcast+1","Static Discharge","Cold Snap","Core Surge+1","Biased Cognition+1","Doom and Gloom+1","Auto Shields","Sunder+1","Cold Snap+1","Seek+1","Ball Lightning+1","Steam+1","Cold Snap+1","Barrage+1","Loop","Core Surge+1","Mind Blast+1","Go for the Eyes+1","Hologram+1","Electrodynamics","Stack+1","Chaos+1","Redo+1","Tempest+1","Cold Snap+1","Sweeping Beam+1","Compile Driver+1","Skim"],"special_seed":0,"relics":["Cracked Core","NeowsBlessing","Golden Idol","Shuriken","Omamori","Molten Egg 2","Happy Flower","Inserter","Red Mask","PreservedInsect","Lee\u0027s Waffle","Orichalcum","Necronomicon","Potion Belt","Art of War","Question Card","Cursed Key","Strawberry","Ancient Tea Set"],"potions_floor_usage":[],"damage_taken":[{"damage":0.0,"enemies":"Cultist","floor":1.0,"turns":1.0},{"damage":0.0,"enemies":"2 Louse","floor":4.0,"turns":1.0},{"damage":0.0,"enemies":"Gremlin Nob","floor":6.0,"turns":1.0},{"damage":16.0,"enemies":"Lagavulin","floor":8.0,"turns":6.0},{"damage":10.0,"enemies":"Small Slimes","floor":11.0,"turns":3.0},{"damage":5.0,"enemies":"Looter","floor":12.0,"turns":3.0},{"damage":11.0,"enemies":"3 Sentries","floor":13.0,"turns":5.0},{"damage":9.0,"enemies":"3 Louse","floor":14.0,"turns":2.0},{"damage":5.0,"enemies":"Slime Boss","floor":16.0,"turns":6.0},{"damage":11.0,"enemies":"2 Thieves","floor":18.0,"turns":3.0},{"damage":22.0,"enemies":"Shell Parasite","floor":19.0,"turns":3.0},{"damage":0.0,"enemies":"Centurion and Healer","floor":21.0,"turns":6.0},{"damage":4.0,"enemies":"Masked Bandits","floor":22.0,"turns":4.0},{"damage":18.0,"enemies":"Book of Stabbing","floor":23.0,"turns":5.0},{"damage":15.0,"enemies":"Gremlin Leader","floor":28.0,"turns":4.0},{"damage":5.0,"enemies":"Snake Plant","floor":30.0,"turns":3.0},{"damage":0.0,"enemies":"Slavers","floor":31.0,"turns":2.0},{"damage":13.0,"enemies":"Champ","floor":33.0,"turns":7.0},{"damage":0.0,"enemies":"3 Shapes","floor":35.0,"turns":2.0},{"damage":2.0,"enemies":"Orb Walker","floor":37.0,"turns":2.0},{"damage":12.0,"enemies":"Spire Growth","floor":38.0,"turns":5.0},{"damage":26.0,"enemies":"Maw","floor":41.0,"turns":6.0},{"damage":0.0,"enemies":"3 Darklings","floor":42.0,"turns":2.0},{"damage":25.0,"enemies":"Giant Head","floor":45.0,"turns":6.0},{"damage":0.0,"enemies":"Jaw Worm Horde","floor":47.0,"turns":2.0},{"damage":24,"enemies":"Nemesis","floor":48,"turns":3},{"damage":20,"enemies":"Awakened One","floor":50,"turns":3}],"seed_played":"716158064507789768","potions_obtained":[{"floor":6.0,"key":"Poison Potion"},{"floor":11.0,"key":"FearPotion"},{"floor":12.0,"key":"LiquidBronze"},{"floor":13.0,"key":"Poison Potion"},{"floor":16.0,"key":"SpeedPotion"},{"floor":18.0,"key":"SkillPotion"},{"floor":22.0,"key":"SpeedPotion"},{"floor":28.0,"key":"Weak Potion"},{"floor":33.0,"key":"Poison Potion"},{"floor":37.0,"key":"Fire Potion"},{"floor":41.0,"key":"Poison Potion"},{"floor":45.0,"key":"Fire Potion"}],"is_trial":false,"path_per_floor":["M","?","?","M","?","E","R","E","T","R","M","M","E","M","R","B",null,"M","M","?","M","?","E","$","?","T","R","E","$","M","E","R","B",null,"M","?","M","M","$","R","M","M","T","T","E","?","M","E","R","B"],"character_chosen":"DEFECT","items_purchased":["Lee\u0027s Waffle","Orichalcum","Mind Blast+1","Go for the Eyes+1","Regen Potion"],"campfire_rested":1,"item_purchase_floors":[24,24,29,29,39],"current_hp_per_floor":[64,64,64,64,64,64,64,48,48,48,38,33,22,13,13,8,50,39,17,30,30,26,8,71,50,50,50,35,35,30,30,30,17,58,58,71,69,57,57,57,43,43,43,43,25,25,25,1,24,4],"gold":115,"neow_bonus":"THREE_ENEMY_KILL","is_prod":false,"is_daily":false,"chose_seed":false,"campfire_upgraded":6,"win_rate":0,"timestamp":1551605976,"path_taken":["M","?","?","M","?","E","R","E","T","R","M","M","E","M","R","BOSS","M","M","?","M","?","E","$","?","T","R","E","?","M","E","R","BOSS","M","?","M","?","$","R","M","M","T","?","E","?","?","E","R","BOSS"],"build_version":"2019-01-23","purchased_purges":2,"victory":false,"max_hp_per_floor":[71,71,64,64,64,64,64,64,64,64,64,64,64,64,64,64,64,64,64,64,64,64,64,71,71,71,71,71,71,71,71,71,71,71,71,71,71,71,71,71,71,71,71,71,78,78,78,78,78,78],"card_choices":[{"not_picked":["Stack","Recycle"],"picked":"Static Discharge","floor":1.0},{"not_picked":["Melter","Streamline"],"picked":"Cold Snap","floor":4.0},{"not_picked":["FTL","Undo"],"picked":"Core Surge","floor":6.0},{"not_picked":["Go for the Eyes","Streamline"],"picked":"Biased Cognition","floor":8.0},{"not_picked":["Hologram","Turbo"],"picked":"Doom and Gloom+1","floor":11.0},{"not_picked":["Compile Driver+1","Double Energy"],"picked":"Auto Shields","floor":12.0},{"not_picked":["Redo","Ball Lightning+1"],"picked":"Sunder+1","floor":13.0},{"not_picked":["Streamline+1","Capacitor"],"picked":"Cold Snap+1","floor":14.0},{"not_picked":["Rainbow","Core Surge+1"],"picked":"Seek","floor":16.0},{"not_picked":["Coolheaded","Stack"],"picked":"Ball Lightning+1","floor":18.0},{"not_picked":["Consume","Reinforced Body"],"picked":"Steam+1","floor":19.0},{"not_picked":["Force Field","Rip and Tear+1"],"picked":"Cold Snap+1","floor":21.0},{"not_picked":["Beam Cell+1","Fusion"],"picked":"Barrage+1","floor":22.0},{"not_picked":["Turbo","Rip and Tear+1"],"picked":"Loop","floor":23.0},{"not_picked":["Redo","Melter+1"],"picked":"Core Surge+1","floor":28.0},{"not_picked":["Scrape+1","Storm+1"],"picked":"Hologram","floor":30.0},{"not_picked":["Gash+1","Coolheaded","Reprogram"],"picked":"SKIP","floor":31.0},{"not_picked":["Core Surge+1","Creative AI","Hyperbeam+1"],"picked":"Electrodynamics","floor":33.0},{"not_picked":["Streamline+1","Turbo+1","Heatsinks"],"picked":"Stack","floor":35.0},{"not_picked":["Ball Lightning+1","Steam","Sweeping Beam+1"],"picked":"Chaos+1","floor":37.0},{"not_picked":["Go for the Eyes+1","Beam Cell+1","Sunder+1"],"picked":"Redo+1","floor":38.0},{"not_picked":["Reboot","Steam","Conserve Battery+1"],"picked":"Tempest+1","floor":41.0},{"not_picked":["Conserve Battery","Streamline+1","Blizzard+1"],"picked":"Cold Snap+1","floor":42.0},{"not_picked":["Defragment","Barrage+1","Turbo+1"],"picked":"Sweeping Beam+1","floor":45.0},{"not_picked":["Turbo","Echo Form","Stack"],"picked":"Compile Driver+1","floor":47.0},{"not_picked":["Compile Driver+1","Ball Lightning+1","Tempest"],"picked":"Skim","floor":48}],"player_experience":653291,"relics_obtained":[{"floor":6.0,"key":"Shuriken"},{"floor":8.0,"key":"Omamori"},{"floor":9.0,"key":"Molten Egg 2"},{"floor":13.0,"key":"Happy Flower"},{"floor":22.0,"key":"Red Mask"},{"floor":23.0,"key":"PreservedInsect"},{"floor":25.0,"key":"Necronomicon"},{"floor":26.0,"key":"Potion Belt"},{"floor":28.0,"key":"Art of War"},{"floor":31.0,"key":"Question Card"},{"floor":45.0,"key":"Strawberry"},{"floor":48,"key":"Ancient Tea Set"}],"event_choices":[{"damage_healed":0.0,"max_hp_gain":0.0,"max_hp_loss":0.0,"gold_gain":150.0,"event_name":"Liars Game","player_choice":"AGREE","floor":2.0,"gold_loss":0.0,"damage_taken":0.0,"cards_obtained":["Doubt"]},{"damage_healed":0.0,"max_hp_gain":0.0,"max_hp_loss":7.0,"gold_gain":0.0,"event_name":"Golden Idol","player_choice":"Lose Max HP","floor":3.0,"gold_loss":0.0,"damage_taken":0.0,"relics_obtained":["Golden Idol"]},{"cards_removed":["Doubt"],"damage_healed":0.0,"max_hp_gain":0.0,"max_hp_loss":0.0,"gold_gain":0.0,"event_name":"The Cleric","player_choice":"Card Removal","floor":5.0,"gold_loss":75.0,"damage_taken":0.0},{"damage_healed":13.0,"max_hp_gain":0.0,"max_hp_loss":0.0,"gold_gain":0.0,"event_name":"The Library","player_choice":"Heal","floor":20.0,"gold_loss":0.0,"damage_taken":0.0},{"damage_healed":0.0,"max_hp_gain":0.0,"max_hp_loss":0.0,"gold_gain":0.0,"event_name":"Masked Bandits","player_choice":"Fought Bandits","floor":22.0,"gold_loss":0.0,"damage_taken":0.0},{"damage_healed":0.0,"max_hp_gain":0.0,"max_hp_loss":0.0,"gold_gain":0.0,"event_name":"Cursed Tome","player_choice":"Obtained Book","floor":25.0,"gold_loss":0.0,"damage_taken":21.0},{"damage_healed":13.0,"max_hp_gain":0.0,"max_hp_loss":0.0,"gold_gain":0.0,"event_name":"Wheel of Change","player_choice":"Full Heal","floor":36.0,"gold_loss":0.0,"damage_taken":0.0},{"damage_healed":0.0,"max_hp_gain":0.0,"max_hp_loss":0.0,"gold_gain":0.0,"event_name":"Designer","player_choice":"Upgraded Two","floor":46.0,"gold_loss":50.0,"damage_taken":0.0,"cards_upgraded":["Stack","Defend_B"]}],"is_beta":false,"boss_relics":[{"not_picked":["White Beast Statue","Pandora\u0027s Box"],"picked":"Inserter"},{"not_picked":["Fusion Hammer","Empty Cage"],"picked":"Cursed Key"}],"items_purged_floors":[24,39],"is_endless":false,"potions_floor_spawned":[6,11,12,13,16,18,22,28,33,37,41,45],"killed_by":"Awakened One","ascension_level":20}