{"gold_per_floor":[109,109,121,46,46,46,62,62,144,177,177,190,205,205,205,302,302,314,314,314,264,275,275,289,167,167,20,39,73,73,89,89,193,193,209,309,129,129,129,129,129,129,129,62,62,62,72,0,0,0],"floor_reached":51,"playtime":1398,"items_purged":["Strike_G","Strike_G"],"score":969,"play_id":"abfc25da-3098-42ee-9efc-2af60334042f","local_time":"20190204183530","is_ascension_mode":true,"campfire_choices":[{"data":"Neutralize","floor":6.0,"key":"SMITH"},{"data":"Cloak And Dagger","floor":8.0,"key":"SMITH"},{"data":"Strike_G","floor":11.0,"key":"SMITH"},{"data":"Dagger Spray","floor":15.0,"key":"SMITH"},{"data":"Cloak And Dagger","floor":23.0,"key":"SMITH"},{"data":"Infinite Blades","floor":30,"key":"SMITH"},{"floor":32,"key":"REST"},{"data":"Infinite Blades","floor":40,"key":"SMITH"},{"data":"Panache","floor":42,"key":"SMITH"},{"data":"Infinite Blades","floor":45,"key":"SMITH"},{"data":"Adrenaline","floor":49,"key":"SMITH"}],"neow_cost":"NONE","seed_source_timestamp":79961358883543,"circlet_count":0,"master_deck":["Defend_G","Defend_G","Defend_G","Defend_G","Defend_G","Strike_G","Strike_G+1","Survivor","Neutralize+1","Dagger Spray+1","Endless Agony","Tools of the Trade","Cloak And Dagger+1","Blade Dance+1","Adrenaline","Slice","Cloak And Dagger+1","Infinite Blades+1","Adrenaline+1","Dash","Infinite Blades+1","Panache+1","Infinite Blades+1","Backflip"],"special_seed":0,"relics":["Ring of the Snake","NeowsBlessing","Pocketwatch","Shuriken","Dream Catcher","WristBlade","Darkstone Periapt","Ginger","Snake Skull","Philosopher\u0027s Stone","WingedGreaves","Dodecahedron","Red Mask"],"potions_floor_usage":[29,33,50,50,50],"damage_taken":[{"damage":0.0,"enemies":"Cultist","floor":1.0,"turns":1.0},{"damage":0.0,"enemies":"2 Louse","floor":3.0,"turns":1.0},{"damage":0.0,"enemies":"Small Slimes","floor":7.0,"turns":1.0},{"damage":20.0,"enemies":"3 Sentries","floor":10.0,"turns":6.0},{"damage":13.0,"enemies":"3 Louse","floor":12.0,"turns":2.0},{"damage":0.0,"enemies":"2 Fungi Beasts","floor":13.0,"turns":2.0},{"damage":15.0,"enemies":"Slime Boss","floor":16.0,"turns":6.0},{"damage":0.0,"enemies":"Chosen","floor":18.0,"turns":3.0},{"damage":15.0,"enemies":"Shell Parasite","floor":22.0,"turns":3.0},{"damage":11,"enemies":"Sentry and Sphere","floor":24,"turns":3},{"damage":0,"enemies":"Centurion and Healer","floor":28,"turns":2},{"damage":0,"enemies":"Slavers","floor":29,"turns":1},{"damage":5,"enemies":"3 Cultists","floor":31,"turns":3},{"damage":13,"enemies":"Automaton","floor":33,"turns":6},{"damage":1,"enemies":"3 Darklings","floor":35,"turns":3},{"damage":0,"enemies":"Mind Bloom Boss Battle","floor":36,"turns":5},{"damage":0,"enemies":"Orb Walker","floor":47,"turns":3},{"damage":48,"enemies":"Donu and Deca","floor":50,"turns":5}],"seed_played":"3498280446238600438","potions_obtained":[{"floor":7.0,"key":"Weak Potion"},{"floor":13.0,"key":"AttackPotion"},{"floor":24,"key":"SkillPotion"},{"floor":31,"key":"Explosive Potion"},{"floor":33,"key":"Strength Potion"}],"is_trial":false,"path_per_floor":["M","?","M","$","?","R","M","R","T","E","R","M","M","?","R","B",null,"M","?","?","?","M","R","M","$","T","$","M","E","R","M","R","B",null,"M","?","$","?","?","R","$","R","T","$","R","?","M","?","R","B",null],"character_chosen":"THE_SILENT","items_purchased":["Infinite Blades","Strength Potion","Adrenaline","Infinite Blades","Infinite Blades"],"campfire_rested":1,"item_purchase_floors":[25,25,27,37,44],"current_hp_per_floor":[63,63,63,63,56,56,56,56,56,36,36,23,23,23,23,8,55,55,55,55,55,40,40,29,29,29,29,29,29,29,24,45,32,61,60,60,60,60,60,60,60,60,60,60,60,60,60,60,60,12],"gold":0,"neow_bonus":"THREE_ENEMY_KILL","is_prod":false,"is_daily":false,"chose_seed":false,"campfire_upgraded":10,"win_rate":0,"timestamp":1549265730,"path_taken":["M","?","?","$","?","R","M","R","T","E","R","M","M","?","R","BOSS","M","?","?","?","M","R","M","$","T","$","M","E","R","M","R","BOSS","M","?","$","?","?","R","$","R","T","?","R","?","?","?","R","BOSS"],"build_version":"2019-01-23","purchased_purges":2,"victory":true,"max_hp_per_floor":[70,70,70,70,70,70,70,70,70,70,70,70,70,70,70,70,70,70,70,70,70,70,70,70,70,70,70,70,70,70,70,70,70,70,70,70,70,70,70,70,70,70,70,70,70,70,70,70,70,70],"card_choices":[{"not_picked":["Poisoned Stab","Predator"],"picked":"Dagger Spray","floor":1.0},{"not_picked":["Acrobatics","Outmaneuver"],"picked":"Tools of the Trade","floor":3.0},{"not_picked":["Sucker Punch","Deflect"],"picked":"Cloak And Dagger","floor":7.0},{"not_picked":["Predator","Poisoned Stab","Bane"],"picked":"SKIP","floor":10.0},{"not_picked":["Masterful Stab","All Out Attack"],"picked":"Die Die Die","floor":12.0},{"not_picked":["Slice","Dagger Spray"],"picked":"Blade Dance","floor":13.0},{"not_picked":["After Image","Doppelganger"],"picked":"Adrenaline","floor":16.0},{"not_picked":["PiercingWail","All Out Attack+1"],"picked":"Slice","floor":18.0},{"not_picked":["Quick Slash","Dodge and Roll"],"picked":"Cloak And Dagger","floor":22.0},{"not_picked":["Masterful Stab","Phantasmal Killer","Slice"],"picked":"SKIP","floor":24},{"not_picked":["Catalyst","Caltrops","All Out Attack"],"picked":"SKIP","floor":28},{"not_picked":["Deflect","Dagger Spray+1"],"picked":"Dash","floor":29},{"not_picked":["Finisher","Reflex+1","PiercingWail"],"picked":"SKIP","floor":31},{"not_picked":["Calculated Gamble","Underhanded Strike+1","Deflect"],"picked":"SKIP","floor":35},{"not_picked":["Swift Strike","Good Instincts"],"picked":"Panache","floor":38},{"not_picked":["Backflip","Poisoned Stab","Setup"],"picked":"SKIP","floor":47},{"not_picked":["Poisoned Stab","Setup"],"picked":"Backflip","floor":47}],"player_experience":695445,"relics_obtained":[{"floor":9.0,"key":"Shuriken"},{"floor":10.0,"key":"Dream Catcher"},{"floor":26,"key":"Ginger"},{"floor":29,"key":"Snake Skull"},{"floor":36,"key":"WingedGreaves"},{"floor":43,"key":"Dodecahedron"}],"event_choices":[{"damage_healed":0.0,"max_hp_gain":0.0,"max_hp_loss":0.0,"gold_gain":0.0,"cards_transformed":["Strike_G"],"event_name":"Transmorgrifier","player_choice":"Transformed","floor":2.0,"gold_loss":0.0,"damage_taken":0.0,"cards_obtained":["Endless Agony"]},{"damage_healed":0.0,"max_hp_gain":0.0,"max_hp_loss":0.0,"gold_gain":0.0,"event_name":"Scrap Ooze","player_choice":"Success","floor":5.0,"gold_loss":0.0,"damage_taken":7.0,"relics_obtained":["Pocketwatch"]},{"damage_healed":0.0,"max_hp_gain":0.0,"max_hp_loss":0.0,"gold_gain":0.0,"event_name":"Living Wall","player_choice":"Grow","floor":14.0,"gold_loss":0.0,"damage_taken":0.0,"cards_upgraded":["Blade Dance"]},{"damage_healed":0.0,"max_hp_gain":0.0,"max_hp_loss":0.0,"gold_gain":0.0,"event_name":"Ghosts","player_choice":"Ignored","floor":19.0,"gold_loss":0.0,"damage_taken":0.0},{"damage_healed":0.0,"max_hp_gain":0.0,"max_hp_loss":0.0,"gold_gain":0.0,"event_name":"The Mausoleum","player_choice":"Opened","floor":20.0,"gold_loss":0.0,"damage_taken":0.0,"relics_obtained":["Darkstone Periapt"]},{"damage_healed":0.0,"max_hp_gain":0.0,"max_hp_loss":0.0,"gold_gain":0.0,"event_name":"The Joust","player_choice":"Bet on Owner","floor":21.0,"gold_loss":50.0,"damage_taken":0.0},{"damage_healed":0,"gold_gain":0,"player_choice":"Fight","damage_taken":0,"max_hp_gain":0,"max_hp_loss":0,"event_name":"MindBloom","floor":36,"gold_loss":0},{"damage_healed":0,"gold_gain":0,"player_choice":"Memory 1","damage_taken":0,"max_hp_gain":0,"max_hp_loss":0,"event_name":"SensoryStone","floor":38,"gold_loss":0},{"cards_removed":["Die Die Die"],"damage_healed":0,"gold_gain":0,"player_choice":"Removed Attack","damage_taken":0,"max_hp_gain":0,"max_hp_loss":0,"event_name":"Falling","floor":39,"gold_loss":0},{"damage_healed":0,"gold_gain":0,"player_choice":"Ignored","damage_taken":0,"max_hp_gain":0,"max_hp_loss":0,"event_name":"Mysterious Sphere","floor":46,"gold_loss":0},{"damage_healed":0,"gold_gain":0,"player_choice":"Paid","damage_taken":0,"relics_obtained":["Red Mask"],"max_hp_gain":0,"max_hp_loss":0,"event_name":"Tomb of Lord Red Mask","floor":48,"gold_loss":72}],"is_beta":false,"boss_relics":[{"not_picked":["Runic Dome","Snecko Eye"],"picked":"WristBlade"},{"not_picked":["Velvet Choker","Tiny House"],"picked":"Philosopher\u0027s Stone"}],"items_purged_floors":[4,37],"is_endless":false,"potions_floor_spawned":[7,13,24,31,33,35],"ascension_level":9}