{"gold_per_floor":[218,233,13,13,13,74,89,89,113,132,148,148,16,36,36,36],"floor_reached":16,"playtime":694,"items_purged":[],"score":204,"play_id":"c4a24709-40b9-4f7e-8c65-c4e16729a8e7","local_time":"20181101081324","is_ascension_mode":true,"campfire_choices":[{"floor":8,"key":"REST"},{"floor":12,"key":"REST"},{"floor":15,"key":"REST"}],"neow_cost":"NONE","seed_source_timestamp":1604293505206242,"circlet_count":0,"master_deck":["Defend_G","Defend_G","Defend_G","Defend_G","Defend_G","Strike_G","Strike_G","Strike_G","Strike_G","Strike_G","Survivor","Neutralize","AscendersBane","Footwork","Decay","Poisoned Stab","Footwork","Leg Sweep","Infinite Blades"],"relics":["Ring of the Snake","TwistedFunnel","Tiny Chest","Bag of Preparation"],"potions_floor_usage":[6,10,16],"damage_taken":[{"damage":7,"enemies":"Small Slimes","floor":1,"turns":4},{"damage":0,"enemies":"Jaw Worm","floor":2,"turns":4},{"damage":39,"enemies":"3 Sentries","floor":6,"turns":15},{"damage":6,"enemies":"Cultist","floor":7,"turns":4},{"damage":17,"enemies":"Exordium Wildlife","floor":10,"turns":10},{"damage":3,"enemies":"Gremlin Gang","floor":11,"turns":5},{"damage":12,"enemies":"Large Slime","floor":14,"turns":11},{"damage":47,"enemies":"Slime Boss","floor":16,"turns":12}],"seed_played":"-5306150599980422316","potions_obtained":[{"floor":2,"key":"FearPotion"},{"floor":6,"key":"Weak Potion"},{"floor":14,"key":"LiquidBronze"}],"is_trial":false,"path_per_floor":["M","M","$","?","?","E","M","R","T","M","M","R","$","M","R"],"character_chosen":"THE_SILENT","items_purchased":["TwistedFunnel","Footwork","Leg Sweep"],"campfire_rested":3,"item_purchase_floors":[3,13,13],"current_hp_per_floor":[52,52,52,57,57,18,12,33,33,16,13,34,34,22,43,0],"gold":36,"neow_bonus":"HUNDRED_GOLD","is_prod":false,"is_daily":false,"chose_seed":false,"campfire_upgraded":0,"win_rate":0,"timestamp":1541085204,"path_taken":["M","M","$","?","?","E","?","R","T","M","M","R","?","M","R","BOSS"],"build_version":"2018-10-25v2","purchased_purges":0,"victory":false,"max_hp_per_floor":[66,66,66,71,71,71,71,71,71,71,71,71,71,71,71,71],"card_choices":[{"not_picked":["PiercingWail","Masterful Stab","Choke"],"picked":"SKIP","floor":1},{"not_picked":["Catalyst","Calculated Gamble"],"picked":"Footwork","floor":2},{"not_picked":["Flechettes","Deadly Poison","Expertise"],"picked":"SKIP","floor":6},{"not_picked":["Deadly Poison","All Out Attack","Blade Dance"],"picked":"SKIP","floor":7},{"not_picked":["Choke","Slice","Outmaneuver"],"picked":"SKIP","floor":10},{"not_picked":["Reflex","Sucker Punch"],"picked":"Poisoned Stab","floor":11},{"not_picked":["Dagger Spray","Skewer"],"picked":"Infinite Blades","floor":14}],"player_experience":578016,"relics_obtained":[{"floor":6,"key":"Tiny Chest"},{"floor":9,"key":"Bag of Preparation"}],"event_choices":[{"damage_healed":0,"gold_gain":0,"player_choice":"Donut","damage_taken":0,"max_hp_gain":5,"max_hp_loss":0,"event_name":"Big Fish","floor":4,"gold_loss":0},{"damage_healed":0,"gold_gain":0,"player_choice":"Cursed","damage_taken":0,"max_hp_gain":0,"max_hp_loss":0,"event_name":"Wheel of Change","floor":5,"gold_loss":0,"cards_obtained":["Decay"]}],"is_beta":false,"boss_relics":[],"items_purged_floors":[],"is_endless":false,"potions_floor_spawned":[2,6,14],"killed_by":"Slime Boss","ascension_level":20}