{"gold_per_floor":[114,127,52,127,147,179,179,211,260,107,107,24,38,52,52,130,130,107,107,107,26,0,0,0,17,17,34,51,68,81,81,81,155,155,172,272,272,288,302,331,341,341,341,341,356,200,200,216,216,216,216],"floor_reached":51,"playtime":2356,"items_purged":["Strike_B","Decay"],"score":1303,"play_id":"6d9ccd37-f4c0-49d1-83d6-40d156857231","local_time":"20190121141247","is_ascension_mode":true,"campfire_choices":[{"data":"Zap","floor":7,"key":"SMITH"},{"data":"Storm","floor":15,"key":"SMITH"},{"data":"Defragment","floor":23,"key":"SMITH"},{"floor":32,"key":"REST"},{"floor":42,"key":"REST"},{"data":"Storm","floor":44,"key":"SMITH"},{"floor":47,"key":"REST"},{"floor":49,"key":"REST"}],"neow_cost":"NONE","seed_source_timestamp":1074201079336713,"circlet_count":0,"master_deck":["AscendersBane","Defend_B","Defend_B","Defend_B","Zap+1","Dualcast","Glacier","Self Repair","Storm+1","Hologram","Loop","Storm","Creative AI","Steam","Echo Form","Ball Lightning+1","Machine Learning+1","Reboot+1","Force Field+1","Defragment+1","Capacitor","Conserve Battery","Storm+1","Glacier","Loop","Conserve Battery+1","Hologram+1","Glacier+1"],"relics":["Cracked Core","NeowsBlessing","Bottled Lightning","Bag of Preparation","PreservedInsect","Astrolabe","Pen Nib","Gremlin Horn","Cursed Key","Ice Cream","Pantograph"],"potions_floor_usage":[16,27,30,33,41,51,51],"damage_taken":[{"damage":0,"enemies":"Small Slimes","floor":1,"turns":1},{"damage":0,"enemies":"Jaw Worm","floor":2,"turns":1},{"damage":0,"enemies":"Cultist","floor":5,"turns":1},{"damage":32,"enemies":"Lagavulin","floor":6,"turns":9},{"damage":12,"enemies":"3 Sentries","floor":8,"turns":11},{"damage":8,"enemies":"Exordium Thugs","floor":13,"turns":6},{"damage":0,"enemies":"Blue Slaver","floor":14,"turns":4},{"damage":38,"enemies":"Slime Boss","floor":16,"turns":5},{"damage":12,"enemies":"2 Thieves","floor":18,"turns":5},{"damage":22,"enemies":"Spheric Guardian","floor":25,"turns":4},{"damage":11,"enemies":"Cultist and Chosen","floor":27,"turns":4},{"damage":9,"enemies":"Snake Plant","floor":28,"turns":4},{"damage":18,"enemies":"Snecko","floor":29,"turns":3},{"damage":0,"enemies":"Cultist and Chosen","floor":30,"turns":3},{"damage":32,"enemies":"Automaton","floor":33,"turns":8},{"damage":34,"enemies":"3 Darklings","floor":35,"turns":4},{"damage":0,"enemies":"Mind Bloom Boss Battle","floor":36,"turns":4},{"damage":12,"enemies":"Orb Walker","floor":38,"turns":4},{"damage":7,"enemies":"Sphere and 2 Shapes","floor":39,"turns":4},{"damage":28,"enemies":"Giant Head","floor":40,"turns":6},{"damage":16,"enemies":"Transient","floor":41,"turns":6},{"damage":39,"enemies":"Writhing Mass","floor":45,"turns":4},{"damage":34,"enemies":"Sphere and 2 Shapes","floor":48,"turns":4},{"damage":55,"enemies":"Time Eater","floor":50,"turns":9},{"damage":57,"enemies":"Awakened One","floor":51,"turns":3}],"seed_played":"-3939412138149530040","potions_obtained":[{"floor":2,"key":"Energy Potion"},{"floor":13,"key":"EssenceOfSteel"},{"floor":14,"key":"PowerPotion"},{"floor":25,"key":"Fire Potion"},{"floor":27,"key":"Ancient Potion"},{"floor":40,"key":"Explosive Potion"},{"floor":45,"key":"Strength Potion"}],"is_trial":false,"path_per_floor":["?","?","$","?","M","?","?","$","?","?","T","?","?","M","$"],"character_chosen":"DEFECT","items_purchased":["Loop","Storm","Capacitor","PowerPotion"],"campfire_rested":4,"item_purchase_floors":[10,12,21,46],"current_hp_per_floor":[64,64,64,53,53,28,28,23,23,23,71,71,70,71,71,40,63,58,58,58,58,58,58,58,50,50,46,44,26,26,26,47,29,61,41,48,48,43,50,36,34,55,55,55,23,23,44,17,38,15,0],"gold":216,"neow_bonus":"THREE_ENEMY_KILL","is_prod":false,"is_daily":false,"chose_seed":false,"campfire_upgraded":4,"win_rate":0,"timestamp":1548097967,"path_taken":["M","M","?","?","M","E","R","E","T","?","?","$","?","M","R","BOSS","M","?","?","?","?","R","?","M","T","M","M","M","M","?","R","BOSS","M","?","?","M","M","E","?","R","T","R","M","?","R","M","R","BOSS","BOSS"],"build_version":"2019-01-20","purchased_purges":2,"victory":false,"max_hp_per_floor":[71,71,71,71,71,71,71,71,71,71,71,71,71,71,71,71,71,71,71,71,71,71,71,71,71,71,71,71,71,71,71,71,71,71,71,71,71,71,71,71,71,71,71,71,71,71,71,71,71,71,71],"card_choices":[{"not_picked":["Rebound","Fusion"],"picked":"Melter","floor":1},{"not_picked":["Stack","Hologram"],"picked":"Glacier","floor":2},{"not_picked":["Scrape","Aggregate"],"picked":"Self Repair","floor":5},{"not_picked":["Steam","Chaos"],"picked":"Storm","floor":6},{"not_picked":["Stack","Reinforced Body"],"picked":"Hologram","floor":8},{"not_picked":["Undo","Sweeping Beam"],"picked":"Creative AI","floor":13},{"not_picked":["Auto Shields","Stack"],"picked":"Steam","floor":14},{"not_picked":["Machine Learning","Reboot"],"picked":"Echo Form","floor":16},{"not_picked":["BootSequence","Hologram+1"],"picked":"Force Field+1","floor":18},{"not_picked":["Barrage","Rebound"],"picked":"Conserve Battery","floor":25},{"not_picked":["Gash","Sweeping Beam+1","Hyperbeam"],"picked":"SKIP","floor":27},{"not_picked":["Redo","Streamline"],"picked":"Storm","floor":28},{"not_picked":["Conserve Battery","FTL","Compile Driver"],"picked":"SKIP","floor":29},{"not_picked":["Aggregate","Ball Lightning"],"picked":"Glacier","floor":30},{"not_picked":["Go for the Eyes","Compile Driver"],"picked":"Loop","floor":35},{"not_picked":["Static Discharge","Stack"],"picked":"Conserve Battery+1","floor":38},{"not_picked":["Leap","Go for the Eyes","Reprogram+1"],"picked":"SKIP","floor":39},{"not_picked":["Steam","Fusion","Steam Power"],"picked":"SKIP","floor":40},{"not_picked":["Sweeping Beam+1","Hologram","Streamline"],"picked":"SKIP","floor":41},{"not_picked":["Rebound","Streamline"],"picked":"Hologram+1","floor":45},{"not_picked":["Double Energy","Coolheaded"],"picked":"Glacier+1","floor":48}],"player_experience":482756,"relics_obtained":[{"floor":6,"key":"Bottled Lightning"},{"floor":8,"key":"Bag of Preparation"},{"floor":9,"key":"PreservedInsect"},{"floor":26,"key":"Pen Nib"},{"floor":31,"key":"Gremlin Horn"},{"floor":36,"key":"Ice Cream"},{"floor":40,"key":"Pantograph"}],"event_choices":[{"cards_removed":["Strike_B"],"damage_healed":0,"gold_gain":0,"player_choice":"Card Removal","damage_taken":0,"max_hp_gain":0,"max_hp_loss":0,"event_name":"The Cleric","floor":3,"gold_loss":75},{"damage_healed":0,"gold_gain":75,"player_choice":"Gather Gold","damage_taken":11,"max_hp_gain":0,"max_hp_loss":0,"event_name":"World of Goop","floor":4,"gold_loss":0},{"cards_removed":["Melter"],"damage_healed":48,"gold_gain":0,"player_choice":"Offered Uncommon","damage_taken":0,"max_hp_gain":0,"max_hp_loss":0,"event_name":"Bonfire Elementals","floor":11,"gold_loss":0},{"damage_healed":0,"gold_gain":0,"player_choice":"Ignored","damage_taken":0,"max_hp_gain":0,"max_hp_loss":0,"event_name":"Cursed Tome","floor":19,"gold_loss":0},{"damage_healed":0,"gold_gain":0,"player_choice":"Read","damage_taken":0,"max_hp_gain":0,"max_hp_loss":0,"event_name":"The Library","floor":20,"gold_loss":0,"cards_obtained":["Defragment"]},{"damage_healed":0,"gold_gain":0,"player_choice":"Paid Fearfully","damage_taken":0,"max_hp_gain":0,"max_hp_loss":0,"event_name":"Masked Bandits","floor":22,"gold_loss":26},{"damage_healed":0,"gold_gain":0,"player_choice":"Fight","damage_taken":0,"max_hp_gain":0,"max_hp_loss":0,"event_name":"MindBloom","floor":36,"gold_loss":0},{"damage_healed":0,"gold_gain":0,"player_choice":"Cursed","damage_taken":0,"max_hp_gain":0,"max_hp_loss":0,"event_name":"Wheel of Change","floor":37,"gold_loss":0,"cards_obtained":["Decay"]}],"is_beta":true,"boss_relics":[{"not_picked":["Black Star","Runic Dome"],"picked":"Astrolabe"},{"not_picked":["Runic Pyramid","Lizard Tail"],"picked":"Cursed Key"}],"items_purged_floors":[10,46],"is_endless":false,"potions_floor_spawned":[2,13,14,25,27,29,40,45],"killed_by":"Awakened One","ascension_level":20}