{"gold_per_floor":[114,114,114,114,129,155,174,199,252,32,32,42,55,55,55,150,150,170,85,135,135,59,59,59],"floor_reached":24,"playtime":739,"items_purged":[],"score":431,"play_id":"959b365b-d50a-4c33-9dbe-93cc99f470fb","local_time":"20190117023210","is_ascension_mode":true,"campfire_choices":[{"floor":15,"key":"REST"},{"data":"Defragment","floor":23,"key":"SMITH"}],"neow_cost":"NONE","seed_source_timestamp":554916864106100,"circlet_count":0,"master_deck":["AscendersBane","Strike_B","Strike_B","Strike_B","Strike_B","Defend_B","Defend_B","Defend_B","Defend_B","Zap+1","Dualcast+1","Compile Driver","Sweeping Beam","Genetic Algorithm+1","Chill","Defragment+1","Ball Lightning","Biased Cognition","Ball Lightning","Echo Form","Self Repair","Static Discharge"],"relics":["Cracked Core","NeowsBlessing","Question Card","Omamori","War Paint","Centennial Puzzle","Matryoshka","Golden Idol","Runic Pyramid","Strawberry"],"potions_floor_usage":[1,16],"damage_taken":[{"damage":0,"enemies":"Small Slimes","floor":1,"turns":1},{"damage":0,"enemies":"2 Louse","floor":5,"turns":1},{"damage":0,"enemies":"Lagavulin","floor":6,"turns":1},{"damage":2,"enemies":"Jaw Worm","floor":7,"turns":3},{"damage":35,"enemies":"Gremlin Nob","floor":8,"turns":4},{"damage":17,"enemies":"Exordium Wildlife","floor":12,"turns":4},{"damage":1,"enemies":"Looter","floor":13,"turns":3},{"damage":8,"enemies":"Hexaghost","floor":16,"turns":7},{"damage":22,"enemies":"Shell Parasite","floor":18,"turns":4},{"damage":54,"enemies":"Gremlin Leader","floor":24,"turns":4}],"seed_played":"-7790633214316346453","potions_obtained":[{"floor":1,"key":"Fruit Juice"},{"floor":8,"key":"FocusPotion"},{"floor":12,"key":"Strength Potion"}],"is_trial":false,"path_per_floor":["M","?","?","?","M","E","M","E","T","$","?","M","M","?","R","B",null,"M","?","?","?","$","R","E"],"character_chosen":"DEFECT","items_purchased":["Centennial Puzzle","Ball Lightning","Static Discharge"],"campfire_rested":1,"item_purchase_floors":[10,10,22],"current_hp_per_floor":[69,74,74,74,74,74,72,37,37,37,26,9,8,8,29,21,60,38,45,45,45,45,45,0],"gold":59,"neow_bonus":"THREE_ENEMY_KILL","is_prod":false,"is_daily":false,"chose_seed":false,"campfire_upgraded":1,"win_rate":0,"timestamp":1547721130,"path_taken":["M","?","?","?","M","E","?","E","T","$","?","M","M","?","R","BOSS","M","?","?","?","$","R","E"],"build_version":"2019-01-10","purchased_purges":0,"victory":false,"max_hp_per_floor":[76,81,81,81,81,81,81,81,81,81,81,81,81,73,73,73,73,73,80,80,80,80,80,80],"card_choices":[{"not_picked":["Recycle","Stack"],"picked":"Compile Driver","floor":1},{"not_picked":["Leap","Coolheaded"],"picked":"Sweeping Beam","floor":5},{"not_picked":["Compile Driver","Hologram"],"picked":"Genetic Algorithm","floor":6},{"not_picked":["Rip and Tear","Sweeping Beam","Go for the Eyes"],"picked":"Chill","floor":7},{"not_picked":["Leap","Force Field","Gash"],"picked":"Defragment","floor":8},{"not_picked":["Redo","Steam","Aggregate"],"picked":"Biased Cognition","floor":12},{"not_picked":["Gash","Barrage","Coolheaded"],"picked":"Ball Lightning","floor":13},{"not_picked":["Hyperbeam","Multi-Cast","Reboot"],"picked":"Echo Form","floor":16},{"not_picked":["Redo","Steam","Beam Cell"],"picked":"Self Repair","floor":18}],"player_experience":519166,"relics_obtained":[{"floor":6,"key":"Question Card"},{"floor":8,"key":"Omamori"},{"floor":9,"key":"War Paint"}],"event_choices":[{"damage_healed":0,"gold_gain":0,"player_choice":"Donut","damage_taken":0,"max_hp_gain":5,"max_hp_loss":0,"event_name":"Big Fish","floor":2,"gold_loss":0},{"damage_healed":0,"gold_gain":0,"player_choice":"Ignored","damage_taken":0,"max_hp_gain":0,"max_hp_loss":0,"event_name":"Liars Game","floor":3,"gold_loss":0},{"damage_healed":0,"gold_gain":0,"player_choice":"Grow","damage_taken":0,"max_hp_gain":0,"max_hp_loss":0,"event_name":"Living Wall","floor":4,"gold_loss":0,"cards_upgraded":["Zap"]},{"damage_healed":0,"gold_gain":0,"player_choice":"Success","damage_taken":11,"relics_obtained":["Matryoshka"],"max_hp_gain":0,"max_hp_loss":0,"event_name":"Scrap Ooze","floor":11,"gold_loss":0},{"damage_healed":0,"gold_gain":0,"player_choice":"Lose Max HP","damage_taken":0,"relics_obtained":["Golden Idol"],"max_hp_gain":0,"max_hp_loss":8,"event_name":"Golden Idol","floor":14,"gold_loss":0},{"damage_healed":0,"gold_gain":0,"player_choice":"Obtained Relic","damage_taken":0,"relics_obtained":["Strawberry"],"max_hp_gain":0,"max_hp_loss":0,"event_name":"Addict","floor":19,"gold_loss":85},{"damage_healed":0,"gold_gain":50,"player_choice":"Stole From Cult","damage_taken":0,"max_hp_gain":0,"max_hp_loss":0,"event_name":"Nest","floor":20,"gold_loss":0},{"damage_healed":0,"gold_gain":0,"player_choice":"Ignored","damage_taken":0,"max_hp_gain":0,"max_hp_loss":0,"event_name":"Ghosts","floor":21,"gold_loss":0}],"is_beta":false,"boss_relics":[{"not_picked":["Nuclear Battery","FrozenCore"],"picked":"Runic Pyramid"}],"items_purged_floors":[],"is_endless":false,"potions_floor_spawned":[1,8,12],"killed_by":"Gremlin Leader","ascension_level":18}