{"path_per_floor":["M","?","?","M","M","R","E","?","T","E","M","R","M","M","R","B",null,"M","M","$"],"character_chosen":"DEFECT","items_purchased":["Mercury Hourglass","Seek"],"gold_per_floor":[111,161,161,175,188,188,222,222,248,281,292,292,309,325,325,402,402,422,434,41,41],"floor_reached":21,"campfire_rested":1,"playtime":991,"item_purchase_floors":[20,20],"current_hp_per_floor":[63,63,42,49,49,70,71,71,71,70,70,70,71,71,71,63,69,26,11,11,0],"items_purged":[],"gold":41,"score":334,"play_id":"2f01cbef-5d63-4024-bbfc-bf9c94428708","local_time":"20180621210453","is_prod":false,"is_daily":false,"chose_seed":false,"is_ascension_mode":true,"campfire_upgraded":2,"win_rate":0,"timestamp":1529607893,"campfire_choices":[{"floor":6,"key":"REST"},{"data":"Coolheaded","floor":12,"key":"SMITH"},{"data":"Capacitor","floor":15,"key":"SMITH"}],"path_taken":["M","?","?","M","M","R","E","?","T","E","?","R","M","M","R","BOSS","M","M","$","M"],"build_version":"2018-06-14v2","seed_source_timestamp":343730274785052,"purchased_purges":0,"victory":false,"master_deck":["Strike_B","Strike_B","Strike_B","Strike_B","Defend_B+1","Defend_B","Defend_B","Defend_B","Zap+1","Dualcast+1","AscendersBane","Self Repair","Cold Snap","Coolheaded+1","Ball Lightning","Compile Driver","Leap","Coolheaded","Capacitor+1","Creative AI","Barrage","Chill","Seek"],"max_hp_per_floor":[71,71,71,71,71,71,71,71,71,71,71,71,71,71,71,71,71,71,71,71,71],"relics":["Cracked Core","Art of War","DataDisk","Turnip","Black Star","Mercury Hourglass"],"card_choices":[{"not_picked":["Fusion","Heatsinks"],"picked":"Self Repair","floor":1},{"not_picked":["Coolheaded","Genetic Algorithm"],"picked":"Cold Snap","floor":4},{"not_picked":["Barrage","Storm"],"picked":"Coolheaded","floor":5},{"not_picked":["Gash","Tempest"],"picked":"Ball Lightning","floor":7},{"not_picked":["Sweeping Beam","Stack"],"picked":"Compile Driver","floor":10},{"not_picked":["Recycle","Beam Cell"],"picked":"Leap","floor":11},{"not_picked":["Storm","Compile Driver"],"picked":"Coolheaded","floor":13},{"not_picked":["Barrage","Redo"],"picked":"Capacitor","floor":14},{"not_picked":["Core Surge","Echo Form"],"picked":"Creative AI","floor":16},{"not_picked":["Fusion","Beam Cell"],"picked":"Barrage","floor":18},{"not_picked":["Leap","Sweeping Beam"],"picked":"Chill","floor":19}],"player_experience":644313,"potions_floor_usage":[7,13,16],"damage_taken":[{"damage":1,"enemies":"Small Slimes","floor":1,"turns":4},{"damage":0,"enemies":"Cultist","floor":4,"turns":3},{"damage":7,"enemies":"Jaw Worm","floor":5,"turns":4},{"damage":6,"enemies":"Gremlin Nob","floor":7,"turns":3},{"damage":8,"enemies":"3 Sentries","floor":10,"turns":7},{"damage":0,"enemies":"Exordium Wildlife","floor":11,"turns":2},{"damage":0,"enemies":"Large Slime","floor":13,"turns":4},{"damage":0,"enemies":"Exordium Thugs","floor":14,"turns":4},{"damage":15,"enemies":"Slime Boss","floor":16,"turns":12},{"damage":43,"enemies":"3 Byrds","floor":18,"turns":5},{"damage":22,"enemies":"Chosen","floor":19,"turns":5},{"damage":12,"enemies":"Centurion and Healer","floor":21,"turns":1}],"relics_obtained":[{"floor":7,"key":"Art of War"},{"floor":9,"key":"DataDisk"},{"floor":10,"key":"Turnip"}],"event_choices":[{"event_name":"Golden Shrine","player_choice":"Pray","floor":2,"damage_taken":0},{"event_name":"Shining Light","player_choice":"Entered Light","floor":3,"damage_taken":0},{"event_name":"The Lab","player_choice":"Got Potions","floor":8,"damage_taken":0}],"boss_relics":[{"not_picked":["Empty Cage","Orrery"],"picked":"Black Star"}],"items_purged_floors":[],"is_endless":false,"potions_floor_spawned":[1,4,13,16,18],"seed_played":"430075836297137680","killed_by":"Centurion and Healer","ascension_level":15,"potions_obtained":[{"floor":1,"key":"Energy Potion"},{"floor":4,"key":"SteroidPotion"},{"floor":8,"key":"Fire Potion"},{"floor":8,"key":"SteroidPotion"},{"floor":13,"key":"FocusPotion"},{"floor":16,"key":"Dexterity Potion"}],"is_trial":false}