{"gold_per_floor":[110,125,125,175,350,376,376,410,410,410,52,52,70,95,95,216,216,239,364,398,411,411],"floor_reached":22,"playtime":1192,"items_purged":["Doubt"],"score":211,"play_id":"3b968754-4c5f-409b-bf08-e63331abdd68","local_time":"20190128205639","is_ascension_mode":true,"campfire_choices":[{"floor":7,"key":"RECALL"},{"floor":10,"key":"REST"},{"floor":15,"key":"REST"}],"neow_cost":"NONE","seed_source_timestamp":1718689032032420,"circlet_count":0,"master_deck":["Strike_R","Strike_R","Strike_R","Strike_R","Strike_R","Defend_R","Defend_R","Defend_R","Defend_R","Bash","Inflame","Body Slam","Shrug It Off","True Grit","Injury","Headbutt","Feel No Pain","Juggernaut","Intimidate","Sentinel","Havoc","Iron Wave"],"relics":["Burning Blood","Bag of Preparation","Smiling Mask","StoneCalendar","Incense Burner","Unceasing Top","Ice Cream","Golden Idol","Velvet Choker","WingedGreaves","Kunai","Red Mask"],"potions_floor_usage":[6,8,8,19,20,20,21,22],"damage_taken":[{"damage":6,"enemies":"Cultist","floor":1,"turns":3},{"damage":4,"enemies":"Jaw Worm","floor":2,"turns":4},{"damage":20,"enemies":"Gremlin Nob","floor":6,"turns":4},{"damage":44,"enemies":"Lagavulin","floor":8,"turns":7},{"damage":0,"enemies":"2 Louse","floor":13,"turns":4},{"damage":6,"enemies":"Looter","floor":14,"turns":4},{"damage":42,"enemies":"The Guardian","floor":16,"turns":12},{"damage":4,"enemies":"Chosen","floor":18,"turns":5},{"damage":19,"enemies":"Colosseum Slavers","floor":19,"turns":5},{"damage":21,"enemies":"Colosseum Nobs","floor":19,"turns":5},{"damage":47,"enemies":"Masked Bandits","floor":20,"turns":6},{"damage":0,"enemies":"3 Byrds","floor":21,"turns":5},{"damage":34,"enemies":"Snecko","floor":22,"turns":4}],"seed_played":"-6259189184223663320","potions_obtained":[{"floor":2,"key":"Explosive Potion"},{"floor":6,"key":"EntropicBrew"},{"floor":16,"key":"Fire Potion"},{"floor":19,"key":"SpeedPotion"},{"floor":20,"key":"Block Potion"},{"floor":21,"key":"SteroidPotion"}],"is_trial":false,"path_per_floor":["M","M","?","T","?","E","R","E","T","R","$","?","M","M","R","B",null,"M","?","?","M","M"],"character_chosen":"IRONCLAD","items_purchased":["Ice Cream"],"campfire_rested":2,"item_purchase_floors":[11],"current_hp_per_floor":[80,80,73,73,73,59,59,21,21,45,45,45,51,51,75,39,80,80,52,11,17,0],"gold":411,"neow_bonus":"RANDOM_COMMON_RELIC","is_prod":false,"is_daily":false,"chose_seed":false,"campfire_upgraded":0,"win_rate":0,"timestamp":1548726999,"path_taken":["M","?","?","?","?","E","R","E","T","R","$","?","?","M","R","BOSS","M","?","?","M","M"],"build_version":"2019-01-23","purchased_purges":1,"victory":false,"max_hp_per_floor":[80,80,80,80,80,80,80,80,80,80,80,80,80,80,80,80,80,80,80,80,80,80],"card_choices":[{"not_picked":["True Grit","Anger"],"picked":"Inflame","floor":1},{"not_picked":["Warcry","Twin Strike"],"picked":"Body Slam","floor":2},{"not_picked":["Sword Boomerang","Ghostly Armor"],"picked":"Shrug It Off","floor":6},{"not_picked":["Hemokinesis","Thunderclap"],"picked":"True Grit","floor":8},{"not_picked":["Dark Embrace","Rampage"],"picked":"Headbutt","floor":13},{"not_picked":["Carnage","Metallicize"],"picked":"Feel No Pain","floor":14},{"not_picked":["Reaper","Barricade"],"picked":"Juggernaut","floor":16},{"not_picked":["Clash","Disarm"],"picked":"Intimidate","floor":18},{"not_picked":["Whirlwind","Rupture"],"picked":"Sentinel","floor":19},{"not_picked":["Anger","Pommel Strike"],"picked":"Havoc","floor":20},{"not_picked":["Sword Boomerang","True Grit"],"picked":"Iron Wave","floor":21}],"player_experience":113425,"relics_obtained":[{"floor":6,"key":"StoneCalendar"},{"floor":8,"key":"Incense Burner"},{"floor":9,"key":"Unceasing Top"},{"floor":19,"key":"WingedGreaves"},{"floor":19,"key":"Kunai"},{"floor":20,"key":"Red Mask"}],"event_choices":[{"damage_healed":0,"gold_gain":0,"player_choice":"Success","damage_taken":7,"relics_obtained":["Smiling Mask"],"max_hp_gain":0,"max_hp_loss":0,"event_name":"Scrap Ooze","floor":3,"gold_loss":0},{"damage_healed":0,"gold_gain":175,"player_choice":"AGREE","damage_taken":0,"max_hp_gain":0,"max_hp_loss":0,"event_name":"Liars Game","floor":5,"gold_loss":0,"cards_obtained":["Doubt"]},{"damage_healed":0,"gold_gain":0,"player_choice":"Take Wound","damage_taken":0,"relics_obtained":["Golden Idol"],"max_hp_gain":0,"max_hp_loss":0,"event_name":"Golden Idol","floor":12,"gold_loss":0,"cards_obtained":["Injury"]},{"damage_healed":0,"gold_gain":0,"player_choice":"Fight","damage_taken":0,"max_hp_gain":0,"max_hp_loss":0,"event_name":"Colosseum","floor":19,"gold_loss":0},{"damage_healed":0,"gold_gain":0,"player_choice":"Fought Nobs","damage_taken":0,"max_hp_gain":0,"max_hp_loss":0,"event_name":"Colosseum","floor":19,"gold_loss":0},{"damage_healed":0,"gold_gain":0,"player_choice":"Fought Bandits","damage_taken":0,"max_hp_gain":0,"max_hp_loss":0,"event_name":"Masked Bandits","floor":20,"gold_loss":0}],"is_beta":false,"boss_relics":[{"not_picked":["Eternal Feather","Orrery"],"picked":"Velvet Choker"}],"items_purged_floors":[11],"is_endless":false,"potions_floor_spawned":[2,6,16,18,19,20,21],"killed_by":"Snecko","ascension_level":2}