{"gold_per_floor":[113,113,123,87,104,133,133,159,159,191,191,141,158,170,170,266,266,282,381,381,65,48,48,83,101,101,132,132,55,83,99,99,204,204,214,228,153,171,99,99,132,132,206,218,231,258,277,38,38,38],"floor_reached":51,"playtime":3280,"items_purged":["Genetic Algorithm"],"score":1056,"play_id":"e03ff2a8-5c8d-4739-84c7-25dc66d40043","local_time":"20190211002127","is_ascension_mode":true,"campfire_choices":[{"data":"Defragment","floor":7,"key":"SMITH"},{"data":"Buffer","floor":11,"key":"SMITH"},{"data":"Zap","floor":15,"key":"SMITH"},{"data":"Creative AI","floor":23,"key":"SMITH"},{"data":"Storm","floor":28,"key":"SMITH"},{"data":"Storm","floor":32,"key":"SMITH"},{"data":"Defragment","floor":40,"key":"SMITH"},{"data":"Fission","floor":42,"key":"SMITH"},{"data":"Lockon","floor":49,"key":"SMITH"}],"neow_cost":"NONE","seed_source_timestamp":2305055932295736,"circlet_count":0,"master_deck":["Zap+1","Dualcast","Buffer+1","Genetic Algorithm","Streamline","FTL+1","Defragment+1","Coolheaded","Amplify","Cold Snap","Leap","Creative AI+1","Hologram","Defragment+1","Defragment+1","Defragment+1","Coolheaded","Auto Shields+1","Storm+1","Storm+1","Rebound+1","Blizzard+1","Sweeping Beam","Coolheaded","Skim","Force Field","Go for the Eyes+1","Cold Snap+1","Fission+1","Tempest+1","Conserve Battery+1","Coolheaded+1","Discovery+1","Reinforced Body+1","Lockon+1"],"relics":["Cracked Core","Symbiotic Virus","Sundial","Singing Bowl","Kunai","Busted Crown","DollysMirror","Bronze Scales","Cables","Mummified Hand","Question Card","Pandora\u0027s Box","Dodecahedron","Blood Vial","Toxic Egg 2","Whetstone"],"potions_floor_usage":[22,50,50],"damage_taken":[{"damage":2,"enemies":"Jaw Worm","floor":1,"turns":4},{"damage":5,"enemies":"Cultist","floor":3,"turns":3},{"damage":0,"enemies":"2 Louse","floor":5,"turns":2},{"damage":22,"enemies":"3 Sentries","floor":6,"turns":6},{"damage":0,"enemies":"Lagavulin","floor":8,"turns":5},{"damage":14,"enemies":"Gremlin Nob","floor":10,"turns":4},{"damage":1,"enemies":"Lots of Slimes","floor":13,"turns":4},{"damage":0,"enemies":"Exordium Thugs","floor":14,"turns":4},{"damage":0,"enemies":"Hexaghost","floor":16,"turns":12},{"damage":0,"enemies":"Chosen","floor":18,"turns":4},{"damage":8,"enemies":"2 Thieves","floor":22,"turns":4},{"damage":3,"enemies":"Book of Stabbing","floor":24,"turns":6},{"damage":0,"enemies":"Cultist and Chosen","floor":25,"turns":6},{"damage":5,"enemies":"Slavers","floor":27,"turns":5},{"damage":0,"enemies":"Book of Stabbing","floor":30,"turns":3},{"damage":0,"enemies":"Snecko","floor":31,"turns":2},{"damage":0,"enemies":"Automaton","floor":33,"turns":5},{"damage":4,"enemies":"Orb Walker","floor":35,"turns":2},{"damage":8,"enemies":"3 Shapes","floor":36,"turns":2},{"damage":11,"enemies":"3 Darklings","floor":38,"turns":3},{"damage":0,"enemies":"Giant Head","floor":41,"turns":6},{"damage":0,"enemies":"Sphere and 2 Shapes","floor":44,"turns":3},{"damage":0,"enemies":"Jaw Worm Horde","floor":45,"turns":2},{"damage":18,"enemies":"Nemesis","floor":46,"turns":3},{"damage":0,"enemies":"Transient","floor":47,"turns":5},{"damage":5,"enemies":"Awakened One","floor":50,"turns":6}],"seed_played":"4410749380033229933","potions_obtained":[{"floor":3,"key":"Weak Potion"},{"floor":13,"key":"Weak Potion"},{"floor":14,"key":"Ancient Potion"},{"floor":16,"key":"SkillPotion"},{"floor":24,"key":"FocusPotion"},{"floor":25,"key":"FocusPotion"}],"is_trial":false,"path_per_floor":["M","?","M","$","M","E","R","E","T","E","R","?","M","M","R","B",null,"M","?","?","$","M","R","E","M","T","E","R","$","E","M","R","B",null,"M","M","$","M","?","R","E","R","T","M","M","E","M","$","R","B",null],"character_chosen":"DEFECT","items_purchased":["FTL","Defragment","DollysMirror","Coolheaded","Storm","Discovery+1","Reinforced Body+1","Lockon"],"campfire_rested":0,"item_purchase_floors":[4,21,21,21,29,48,48,48],"current_hp_per_floor":[73,73,68,68,68,46,46,46,46,32,32,32,31,33,33,33,77,77,77,77,77,71,71,70,70,70,65,65,65,65,67,67,69,85,81,75,75,64,64,64,64,64,64,66,68,52,56,56,56,53],"gold":38,"neow_bonus":"ONE_RANDOM_RARE_CARD","is_prod":false,"is_daily":false,"chose_seed":false,"campfire_upgraded":9,"win_rate":0,"timestamp":1549833687,"path_taken":["M","?","M","$","?","E","R","E","T","E","R","?","M","M","R","BOSS","M","?","?","$","M","R","E","?","T","E","R","$","E","M","R","BOSS","M","?","$","M","?","R","E","R","T","?","M","E","M","?","R","BOSS"],"build_version":"2019-01-23","purchased_purges":1,"victory":true,"max_hp_per_floor":[75,75,75,75,75,75,75,75,75,75,75,75,75,77,77,77,77,77,77,77,77,79,79,81,81,81,81,81,81,81,83,83,85,85,85,87,87,87,87,87,87,87,87,87,87,87,89,89,89,89],"card_choices":[{"not_picked":["Streamline","Recycle"],"picked":"Genetic Algorithm","floor":1},{"not_picked":["Compile Driver","Hologram"],"picked":"Streamline","floor":3},{"not_picked":["Reprogram","Conserve Battery"],"picked":"Defragment","floor":5},{"not_picked":["Ball Lightning","Conserve Battery"],"picked":"Coolheaded","floor":6},{"not_picked":["Gash","Redo"],"picked":"Amplify","floor":8},{"not_picked":["Conserve Battery","Steam"],"picked":"Cold Snap","floor":10},{"not_picked":["Chaos","Storm"],"picked":"Leap","floor":13},{"not_picked":["Rebound","Force Field","Cold Snap"],"picked":"Singing Bowl","floor":14},{"not_picked":["Meteor Strike","Reboot"],"picked":"Creative AI","floor":16},{"not_picked":[],"picked":"Hologram","floor":18},{"not_picked":["Beam Cell"],"picked":"Singing Bowl","floor":22},{"not_picked":["Redo"],"picked":"Singing Bowl","floor":24},{"not_picked":[],"picked":"Auto Shields+1","floor":25},{"not_picked":[],"picked":"Storm","floor":27},{"not_picked":[],"picked":"Rebound+1","floor":30},{"not_picked":["Streamline","Consume"],"picked":"Singing Bowl","floor":31},{"not_picked":["All For One","Hyperbeam"],"picked":"Singing Bowl","floor":33},{"not_picked":["FTL"],"picked":"Go for the Eyes+1","floor":35},{"not_picked":["Sweeping Beam","Ball Lightning"],"picked":"Singing Bowl","floor":36},{"not_picked":["Gash"],"picked":"Cold Snap+1","floor":38},{"not_picked":["Turbo"],"picked":"Fission","floor":41},{"not_picked":["Ball Lightning"],"picked":"Tempest+1","floor":44},{"not_picked":["Melter"],"picked":"Conserve Battery+1","floor":45},{"not_picked":["Barrage"],"picked":"Coolheaded+1","floor":46},{"not_picked":["Gash","Rebound+1"],"picked":"Singing Bowl","floor":47}],"player_experience":538227,"relics_obtained":[{"floor":6,"key":"Symbiotic Virus"},{"floor":8,"key":"Sundial"},{"floor":9,"key":"Singing Bowl"},{"floor":10,"key":"Kunai"},{"floor":24,"key":"Bronze Scales"},{"floor":26,"key":"Cables"},{"floor":27,"key":"Mummified Hand"},{"floor":30,"key":"Question Card"},{"floor":41,"key":"Blood Vial"},{"floor":43,"key":"Toxic Egg 2"},{"floor":46,"key":"Whetstone"}],"event_choices":[{"cards_removed":["Defend_B"],"damage_healed":0,"gold_gain":0,"player_choice":"Offered Basic","damage_taken":0,"max_hp_gain":0,"max_hp_loss":0,"event_name":"Bonfire Elementals","floor":2,"gold_loss":0},{"cards_removed":["Strike_B"],"damage_healed":0,"gold_gain":0,"player_choice":"Card Removal","damage_taken":0,"max_hp_gain":0,"max_hp_loss":0,"event_name":"The Cleric","floor":12,"gold_loss":50},{"damage_healed":0,"gold_gain":99,"player_choice":"Stole From Cult","damage_taken":0,"max_hp_gain":0,"max_hp_loss":0,"event_name":"Nest","floor":19,"gold_loss":0},{"damage_healed":0,"gold_gain":0,"player_choice":"Copied","damage_taken":0,"max_hp_gain":0,"max_hp_loss":0,"event_name":"Duplicator","floor":20,"gold_loss":0,"cards_obtained":["Defragment"]},{"damage_healed":0,"gold_gain":0,"player_choice":"Paid Gold","damage_taken":0,"relics_obtained":["Dodecahedron"],"max_hp_gain":0,"max_hp_loss":0,"event_name":"WeMeetAgain","floor":39,"gold_loss":72}],"is_beta":false,"boss_relics":[{"not_picked":["Ectoplasm","Orrery"],"picked":"Busted Crown"},{"not_picked":["FrozenCore","Lizard Tail"],"picked":"Pandora\u0027s Box"}],"items_purged_floors":[37],"is_endless":false,"potions_floor_spawned":[3,13,14,16,24,25,27,30,41,44,45],"ascension_level":1}