{"gold_per_floor":[367,47,122,138,88,102,102,102,170,184,184,200,200,214,214,317,317,305,114,124,134,145,145,156,156,183,183,197,197,197,20,20,116,116,136,236,236,249,95,95,111,111,159,159,159,170,170,170,170,170],"floor_reached":51,"playtime":2466,"items_purged":["Strike_G","Strike_G+1"],"score":687,"play_id":"adead70e-79ad-4190-96ff-cac36b5b4f8a","local_time":"20181212222824","is_ascension_mode":false,"campfire_choices":[{"data":"Accuracy","floor":7.0,"key":"SMITH"},{"data":"Neutralize","floor":11.0,"key":"SMITH"},{"data":"Deflect","floor":13.0,"key":"SMITH"},{"data":"Infinite Blades","floor":15.0,"key":"SMITH"},{"data":"Infinite Blades","floor":23.0,"key":"SMITH"},{"data":"Blur","floor":25.0,"key":"SMITH"},{"data":"Blade Dance","floor":29.0,"key":"SMITH"},{"data":"Accuracy","floor":32.0,"key":"SMITH"},{"data":"Cloak And Dagger","floor":40.0,"key":"SMITH"},{"data":"Adrenaline","floor":44.0,"key":"SMITH"},{"data":"Deflect","floor":47.0,"key":"SMITH"},{"data":"PiercingWail","floor":49.0,"key":"SMITH"}],"neow_cost":"CURSE","seed_source_timestamp":0,"circlet_count":0,"master_deck":["Defend_G+1","Defend_G+1","Defend_G+1","Defend_G+1","Defend_G+1","Survivor","Neutralize+1","Accuracy+1","Accuracy+1","Deflect+1","Infinite Blades+1","Adrenaline+1","PiercingWail+1","Infinite Blades+1","Blur+1","Deflect+1","Blade Dance+1","Accuracy+1","A Thousand Cuts+1","Masterful Stab+1","Cloak And Dagger+1","Accuracy+1","Blade Dance+1","Deflect+1"],"special_seed":0,"relics":["Ring of the Snake","Ninja Scroll","Pear","Eternal Feather","Bronze Scales","Astrolabe","Bird Faced Urn","Vajra","Centennial Puzzle"],"potions_floor_usage":[50],"damage_taken":[{"damage":0.0,"enemies":"2 Louse","floor":1.0,"turns":4.0},{"damage":0.0,"enemies":"Cultist","floor":4.0,"turns":2.0},{"damage":0.0,"enemies":"Small Slimes","floor":6.0,"turns":2.0},{"damage":0.0,"enemies":"Gremlin Gang","floor":10.0,"turns":6.0},{"damage":5.0,"enemies":"Lots of Slimes","floor":12.0,"turns":5.0},{"damage":0.0,"enemies":"3 Louse","floor":14.0,"turns":2.0},{"damage":33.0,"enemies":"Hexaghost","floor":16.0,"turns":9.0},{"damage":0.0,"enemies":"2 Thieves","floor":18.0,"turns":4.0},{"damage":9.0,"enemies":"Spheric Guardian","floor":20.0,"turns":4.0},{"damage":7.0,"enemies":"Snake Plant","floor":21.0,"turns":4.0},{"damage":20.0,"enemies":"Snecko","floor":22.0,"turns":6.0},{"damage":9.0,"enemies":"Cultist and Chosen","floor":24.0,"turns":7.0},{"damage":12.0,"enemies":"Chosen and Byrds","floor":28.0,"turns":5.0},{"damage":62.0,"enemies":"Collector","floor":33.0,"turns":7.0},{"damage":13.0,"enemies":"3 Darklings","floor":35.0,"turns":4.0},{"damage":0.0,"enemies":"Mind Bloom Boss Battle","floor":36.0,"turns":10.0},{"damage":0.0,"enemies":"Orb Walker","floor":38.0,"turns":5.0},{"damage":0.0,"enemies":"4 Shapes","floor":41.0,"turns":3.0},{"damage":3.0,"enemies":"3 Darklings","floor":46.0,"turns":3.0},{"damage":64,"enemies":"Time Eater","floor":50,"turns":7}],"seed_played":"-8058056435511442186","potions_obtained":[{"floor":4.0,"key":"Block Potion"},{"floor":12.0,"key":"Fruit Juice"},{"floor":14.0,"key":"Strength Potion"},{"floor":18.0,"key":"Dexterity Potion"},{"floor":20.0,"key":"Block Potion"},{"floor":28.0,"key":"GamblersBrew"},{"floor":36.0,"key":"Explosive Potion"},{"floor":46.0,"key":"GhostInAJar"}],"is_trial":false,"path_per_floor":["M","$","?","M","?","M","R","?","T","M","R","M","R","M","R","B",null,"M","$","M","M","M","R","M","R","T","?","M","R","?","$","R","B",null,"M","?","?","M","$","R","M","?","T","R","?","M","R","$","R","B",null],"character_chosen":"THE_SILENT","items_purchased":["Ninja Scroll","Accuracy","Infinite Blades","Blur","Accuracy","Vajra"],"campfire_rested":0,"item_purchase_floors":[2,2,19,19,31,39],"current_hp_per_floor":[70,70,63,63,63,63,63,63,73,73,73,68,68,73,73,40,85,85,85,76,69,49,61,52,64,64,64,52,64,64,64,76,14,85,72,72,72,80,80,85,85,81,81,81,81,80,81,81,81,23],"gold":170,"neow_bonus":"TWO_FIFTY_GOLD","is_prod":false,"is_daily":false,"chose_seed":false,"campfire_upgraded":12,"win_rate":0.0,"timestamp":1544671704,"path_taken":["M","$","?","?","?","M","R","?","T","M","R","M","R","?","R","BOSS","M","$","M","M","?","R","M","R","T","?","M","R","?","$","R","BOSS","M","?","?","M","$","R","M","?","T","R","?","M","R","$","R","BOSS"],"build_version":"2018-12-06","purchased_purges":2,"victory":true,"max_hp_per_floor":[70,70,70,70,70,70,70,70,80,80,80,80,80,85,85,85,85,85,85,85,85,85,85,85,85,85,85,85,85,85,85,85,85,85,85,85,85,85,85,85,85,81,81,81,81,81,81,81,81,81],"card_choices":[{"not_picked":["Dagger Spray","Flying Knee"],"picked":"Accuracy","floor":1.0},{"not_picked":["Bane","Poisoned Stab","Dagger Spray"],"picked":"SKIP","floor":4.0},{"not_picked":["Tactician","Escape Plan","Poisoned Stab"],"picked":"SKIP","floor":6.0},{"not_picked":["Riddle With Holes","Heel Hook","Bane"],"picked":"SKIP","floor":10.0},{"not_picked":["Dagger Spray","Skewer"],"picked":"Deflect","floor":12.0},{"not_picked":["Quick Slash","Blade Dance"],"picked":"Infinite Blades","floor":14.0},{"not_picked":["After Image","Die Die Die"],"picked":"Adrenaline","floor":16.0},{"not_picked":["Expertise","Acrobatics"],"picked":"PiercingWail","floor":18.0},{"not_picked":["Acrobatics+1","Bouncing Flask+1","Quick Slash"],"picked":"SKIP","floor":20.0},{"not_picked":["Reflex","Riddle With Holes"],"picked":"Deflect","floor":21.0},{"not_picked":["Bouncing Flask","Flying Knee+1","Outmaneuver+1"],"picked":"SKIP","floor":22.0},{"not_picked":["All Out Attack+1","Expertise","Slice"],"picked":"SKIP","floor":24.0},{"not_picked":["Slice","Adrenaline"],"picked":"Blade Dance","floor":28.0},{"not_picked":["Bane","Deflect"],"picked":"Cloak And Dagger","floor":35.0},{"not_picked":["Calculated Gamble+1","Poisoned Stab"],"picked":"Accuracy+1","floor":38.0},{"not_picked":["Dagger Spray+1","Slice+1","PiercingWail+1"],"picked":"SKIP","floor":41.0},{"not_picked":["Predator+1","Outmaneuver+1"],"picked":"Deflect+1","floor":46.0}],"player_experience":270076,"relics_obtained":[{"floor":9.0,"key":"Pear"},{"floor":26.0,"key":"Bronze Scales"},{"floor":36.0,"key":"Bird Faced Urn"},{"floor":43.0,"key":"Centennial Puzzle"}],"event_choices":[{"damage_healed":0.0,"max_hp_gain":0.0,"max_hp_loss":0.0,"gold_gain":75.0,"event_name":"FaceTrader","player_choice":"Touch","floor":3.0,"gold_loss":0.0,"damage_taken":7.0},{"cards_removed":["Shame"],"damage_healed":0.0,"max_hp_gain":0.0,"max_hp_loss":0.0,"gold_gain":0.0,"event_name":"The Cleric","player_choice":"Card Removal","floor":5.0,"gold_loss":50.0,"damage_taken":0.0},{"damage_healed":0.0,"max_hp_gain":0.0,"max_hp_loss":0.0,"gold_gain":0.0,"event_name":"Upgrade Shrine","player_choice":"Upgraded","floor":8.0,"gold_loss":0.0,"damage_taken":0.0,"cards_upgraded":["Accuracy"]},{"damage_healed":0.0,"max_hp_gain":0.0,"max_hp_loss":0.0,"gold_gain":0.0,"event_name":"Back to Basics","player_choice":"Simplicity","floor":27.0,"gold_loss":0.0,"damage_taken":0.0,"cards_upgraded":["Defend_G","Defend_G","Defend_G","Defend_G","Defend_G","Strike_G","Strike_G","Strike_G","Strike_G"]},{"damage_healed":0.0,"max_hp_gain":0.0,"max_hp_loss":0.0,"gold_gain":0.0,"event_name":"Vampires","player_choice":"Ignored","floor":30.0,"gold_loss":0.0,"damage_taken":0.0},{"damage_healed":0.0,"max_hp_gain":0.0,"max_hp_loss":0.0,"gold_gain":0.0,"event_name":"MindBloom","player_choice":"Fight","floor":36.0,"gold_loss":0.0,"damage_taken":0.0},{"cards_removed":["Glass Knife"],"damage_healed":0.0,"max_hp_gain":0.0,"max_hp_loss":0.0,"gold_gain":0.0,"event_name":"Falling","player_choice":"Removed Attack","floor":37.0,"gold_loss":0.0,"damage_taken":0.0},{"damage_healed":0.0,"max_hp_gain":0.0,"max_hp_loss":4.0,"gold_gain":0.0,"event_name":"Winding Halls","player_choice":"Max HP","floor":42.0,"gold_loss":0.0,"damage_taken":0.0},{"damage_healed":0.0,"max_hp_gain":0.0,"max_hp_loss":0.0,"gold_gain":0.0,"event_name":"Duplicator","player_choice":"Copied","floor":45.0,"gold_loss":0.0,"damage_taken":0.0,"cards_obtained":["Blade Dance"]}],"is_beta":false,"boss_relics":[{"not_picked":["Fusion Hammer","Velvet Choker"],"picked":"Eternal Feather"},{"not_picked":["White Beast Statue","Philosopher\u0027s Stone"],"picked":"Astrolabe"}],"items_purged_floors":[19,31],"is_endless":false,"potions_floor_spawned":[4,12,14,18,20,28,36,46],"ascension_level":0}