{"gold_per_floor":[109,109,121,140,150,183,210,266,266,266,282,282],"floor_reached":12,"playtime":554,"items_purged":[],"score":160,"play_id":"d9e620a9-a823-43e9-bcd8-0ad6fbbee54b","local_time":"20190304200650","is_ascension_mode":true,"campfire_choices":[{"data":"Chill","floor":10.0,"key":"SMITH"}],"neow_cost":"NONE","seed_source_timestamp":63814737291826,"circlet_count":0,"master_deck":["AscendersBane","Strike_B","Strike_B","Strike_B","Strike_B","Defend_B","Defend_B","Defend_B","Defend_B","Zap+1","Dualcast","Stack","Ball Lightning","Chill+1","Seek","Cold Snap","Conserve Battery","Blizzard","Self Repair"],"special_seed":0,"relics":["Cracked Core","Smiling Mask","Odd Mushroom","Dodecahedron","Art of War"],"potions_floor_usage":[12],"damage_taken":[{"damage":1.0,"enemies":"2 Louse","floor":1.0,"turns":3.0},{"damage":0.0,"enemies":"Cultist","floor":3.0,"turns":3.0},{"damage":1.0,"enemies":"Small Slimes","floor":4.0,"turns":3.0},{"damage":5.0,"enemies":"Exordium Thugs","floor":5.0,"turns":4.0},{"damage":36.0,"enemies":"Lagavulin","floor":6.0,"turns":8.0},{"damage":6.0,"enemies":"The Mushroom Lair","floor":7.0,"turns":4.0},{"damage":0.0,"enemies":"Gremlin Nob","floor":8.0,"turns":3.0},{"damage":0.0,"enemies":"2 Fungi Beasts","floor":11.0,"turns":3.0},{"damage":1,"enemies":"Gremlin Nob","floor":12,"turns":3}],"seed_played":"354002239204471201","potions_obtained":[{"floor":7.0,"key":"PowerPotion"},{"floor":8.0,"key":"LiquidBronze"},{"floor":11.0,"key":"Swift Potion"}],"is_trial":false,"path_per_floor":["M","?","M","M","M","E","?","?","T","R","M","E"],"character_chosen":"DEFECT","items_purchased":[],"campfire_rested":0,"item_purchase_floors":[],"current_hp_per_floor":[70,70,70,69,64,28,22,22,22,22,22,21],"gold":282,"neow_bonus":"TEN_PERCENT_HP_BONUS","is_prod":false,"is_daily":false,"chose_seed":false,"campfire_upgraded":1,"win_rate":0,"timestamp":1551748010,"path_taken":["M","?","M","?","M","E","?","?","T","R","M","E"],"build_version":"2019-01-23","purchased_purges":0,"victory":false,"max_hp_per_floor":[78,78,78,78,78,78,78,78,78,78,78,78],"card_choices":[{"not_picked":["Compile Driver","Hologram"],"picked":"Stack","floor":1.0},{"not_picked":["Stack","Conserve Battery"],"picked":"Ball Lightning","floor":3.0},{"not_picked":["Turbo","Darkness"],"picked":"Chill","floor":4.0},{"not_picked":["Beam Cell","Conserve Battery"],"picked":"Seek","floor":5.0},{"not_picked":["Blizzard","BootSequence"],"picked":"Cold Snap","floor":6.0},{"not_picked":["Rebound","Aggregate"],"picked":"Conserve Battery","floor":7.0},{"not_picked":["Sweeping Beam","Hologram"],"picked":"Blizzard","floor":8.0},{"not_picked":["Turbo","Auto Shields"],"picked":"Self Repair","floor":11.0}],"player_experience":680306,"relics_obtained":[{"floor":6.0,"key":"Smiling Mask"},{"floor":7.0,"key":"Odd Mushroom"},{"floor":9.0,"key":"Art of War"}],"event_choices":[{"damage_healed":0.0,"max_hp_gain":0.0,"max_hp_loss":0.0,"gold_gain":0.0,"event_name":"Accursed Blacksmith","player_choice":"Forge","floor":2.0,"gold_loss":0.0,"damage_taken":0.0,"cards_upgraded":["Zap"]},{"damage_healed":0.0,"max_hp_gain":0.0,"max_hp_loss":0.0,"gold_gain":0.0,"event_name":"Mushrooms","player_choice":"Fought Mushrooms","floor":7.0,"gold_loss":0.0,"damage_taken":0.0},{"damage_healed":0.0,"max_hp_gain":0.0,"max_hp_loss":0.0,"gold_gain":0.0,"event_name":"Dead Adventurer","player_choice":"Searched \u00272\u0027 times","floor":8.0,"gold_loss":0.0,"damage_taken":0.0,"relics_obtained":["Dodecahedron"]}],"is_beta":false,"boss_relics":[],"items_purged_floors":[],"is_endless":false,"potions_floor_spawned":[7,8,11],"killed_by":"Gremlin Nob","ascension_level":20}