{"path_per_floor":["M","M","M","M","M","E","M","R","T","?","T","R","E","M","R","B",null,"M","?","M","M","T","E","M","R","T","R","M","E"],"character_chosen":"THE_SILENT","items_purchased":[],"gold_per_floor":[116,127,145,157,177,204,174,174,199,199,499,499,531,550,550,626,626,551,551,551,551,551,551,551,551,551,551,551,551,551],"floor_reached":30,"campfire_rested":2,"playtime":1601,"current_hp_per_floor":[59,59,55,48,31,17,17,36,36,36,36,36,18,15,49,12,53,50,50,43,53,53,31,31,31,31,31,17,3,0],"items_purged":[],"gold":551,"score":494,"play_id":"139e51ec-7a4a-440f-a783-d6d8201104da","local_time":"20180428223629","is_prod":false,"is_daily":false,"chose_seed":false,"is_ascension_mode":true,"campfire_upgraded":3,"timestamp":1524947789,"path_taken":["M","M","?","M","M","E","M","R","T","?","?","R","E","M","R","BOSS","M","?","M","M","?","E","M","R","T","R","M","E","M"],"build_version":"2018-04-28","seed_source_timestamp":8641861954961,"purchased_purges":0,"victory":false,"master_deck":["Defend_G","Defend_G","Defend_G","Defend_G","Defend_G","Strike_G","Strike_G","Strike_G","Strike_G","Survivor","Neutralize","AscendersBane","Predator","Dagger Spray","Sucker Punch","Slice","Crippling Poison","Cloak And Dagger","After Image+1","Dagger Throw","Burst+1","Leg Sweep","After Image","Poisoned Stab","Noxious Fumes+1","Sucker Punch","Cloak And Dagger","Malaise+1","Footwork+1"],"max_hp_per_floor":[66,66,66,66,66,66,66,66,66,66,66,66,66,66,66,66,66,66,66,66,66,66,66,66,66,66,66,66,66,66],"relics":["Ring of the Snake","The Specimen","Lantern","Regal Pillow","Old Coin","Happy Flower","Ectoplasm","Bottled Tornado","Frozen Egg 2","Molten Egg 2","Matryoshka"],"card_choices":[{"not_picked":["Underhanded Strike","Deflect"],"picked":"Dagger Spray","floor":1},{"not_picked":["Deflect","Deadly Poison"],"picked":"Sucker Punch","floor":2},{"not_picked":["Riddle With Holes","Terror"],"picked":"Slice","floor":3},{"not_picked":["Prepared","Concentrate"],"picked":"Crippling Poison","floor":4},{"not_picked":["Concentrate","Bane"],"picked":"Cloak And Dagger","floor":5},{"not_picked":["Caltrops","Poisoned Stab"],"picked":"After Image","floor":6},{"not_picked":["Quick Slash","Slice"],"picked":"Dagger Throw","floor":7},{"not_picked":["Bane","Concentrate"],"picked":"Burst","floor":13},{"not_picked":["Outmaneuver","Reflex"],"picked":"Leg Sweep","floor":14},{"not_picked":["Bullet Time","Burst"],"picked":"After Image","floor":16},{"not_picked":["Acrobatics","Outmaneuver"],"picked":"Poisoned Stab","floor":18},{"not_picked":["Slice","Choke"],"picked":"Sucker Punch","floor":20},{"not_picked":["Glass Knife","Poisoned Stab"],"picked":"Cloak And Dagger","floor":21},{"not_picked":["Slice","Prepared"],"picked":"Malaise","floor":24},{"not_picked":["Deadly Poison","Dagger Spray"],"picked":"Footwork","floor":29}],"player_experience":468553,"potions_floor_usage":[6,13,21,23,29],"damage_taken":[{"damage":0,"enemies":"Cultist","floor":1,"turns":3},{"damage":0,"enemies":"2 Louse","floor":2,"turns":2},{"damage":4,"enemies":"Small Slimes","floor":3,"turns":3},{"damage":7,"enemies":"Blue Slaver","floor":4,"turns":4},{"damage":17,"enemies":"Exordium Thugs","floor":5,"turns":5},{"damage":14,"enemies":"3 Sentries","floor":6,"turns":7},{"damage":0,"enemies":"Looter","floor":7,"turns":4},{"damage":18,"enemies":"Gremlin Nob","floor":13,"turns":5},{"damage":3,"enemies":"Exordium Wildlife","floor":14,"turns":5},{"damage":37,"enemies":"Slime Boss","floor":16,"turns":14},{"damage":3,"enemies":"2 Thieves","floor":18,"turns":4},{"damage":7,"enemies":"Spheric Guardian","floor":20,"turns":6},{"damage":2,"enemies":"Snecko","floor":21,"turns":6},{"damage":22,"enemies":"Gremlin Leader","floor":23,"turns":8},{"damage":0,"enemies":"Snake Plant","floor":24,"turns":6},{"damage":14,"enemies":"Slaver and Parasite","floor":28,"turns":7},{"damage":14,"enemies":"Book of Stabbing","floor":29,"turns":7},{"damage":17,"enemies":"Chosen and Byrds","floor":30,"turns":4}],"event_choices":[{"event_name":"Dead Adventurer","player_choice":"Searched \u00271\u0027 times","floor":10,"damage_taken":0},{"event_name":"The Library","player_choice":"Read","floor":19,"damage_taken":0}],"boss_relics":[{"not_picked":["Velvet Choker","Tiny House"],"picked":"Ectoplasm"}],"potions_floor_spawned":[2,3,5,14,18,23,24],"seed_played":"756450685469423924","killed_by":"Chosen and Byrds","ascension_level":15,"is_trial":false}