{"gold_per_floor":[115,177,177,88,43,73,4,4,4,36,14,41,51,71,71,175,175,189,189,201,126,8,36,36,61,86,86,22,22,22,39,39,39],"floor_reached":33,"playtime":1185,"items_purged":[],"score":465,"play_id":"15d48a72-c6cf-4904-aba3-0eac8336cbe8","local_time":"20190119015323","is_ascension_mode":true,"campfire_choices":[{"data":"Combust","floor":8,"key":"SMITH"},{"data":"Armaments","floor":15,"key":"SMITH"},{"data":"Rupture","floor":24,"key":"SMITH"},{"floor":29,"key":"REST"},{"floor":32,"key":"REST"}],"neow_cost":"NONE","seed_source_timestamp":724943670312900,"circlet_count":0,"master_deck":["Strike_R","Strike_R","Strike_R","Strike_R","Defend_R+1","Defend_R","Defend_R","Defend_R","Bash+1","Clash","Combust+1","Headbutt","Armaments+1","Clash","Hemokinesis","Inflame","Havoc+1","Whirlwind","Infernal Blade","Evolve","Brutality","Twin Strike","Rupture+1","Fire Breathing","Heavy Blade","Seeing Red+1","J.A.X.","Seeing Red","Spot Weakness"],"relics":["Burning Blood","NeowsBlessing","FossilizedHelix","The Courier","Nunchaku","Calipers","Runic Pyramid","Potion Belt","Regal Pillow","Question Card","War Paint"],"potions_floor_usage":[16,23,23,23,33,33],"damage_taken":[{"damage":0,"enemies":"Small Slimes","floor":1,"turns":1},{"damage":0,"enemies":"Gremlin Nob","floor":6,"turns":1},{"damage":0,"enemies":"3 Sentries","floor":10,"turns":1},{"damage":7,"enemies":"Gremlin Nob","floor":12,"turns":3},{"damage":9,"enemies":"Jaw Worm","floor":13,"turns":2},{"damage":0,"enemies":"2 Louse","floor":14,"turns":2},{"damage":42,"enemies":"The Guardian","floor":16,"turns":9},{"damage":3,"enemies":"Shell Parasite","floor":18,"turns":3},{"damage":31,"enemies":"2 Thieves","floor":20,"turns":5},{"damage":28,"enemies":"Book of Stabbing","floor":23,"turns":4},{"damage":11,"enemies":"Gremlin Leader","floor":25,"turns":7},{"damage":41,"enemies":"Snake Plant","floor":31,"turns":4},{"damage":89,"enemies":"Automaton","floor":33,"turns":6}],"seed_played":"-8592608582811560352","potions_obtained":[{"floor":1,"key":"EssenceOfSteel"},{"floor":12,"key":"Energy Potion"},{"floor":16,"key":"EssenceOfSteel"},{"floor":18,"key":"FearPotion"},{"floor":25,"key":"Explosive Potion"},{"floor":31,"key":"SpeedPotion"}],"is_trial":false,"path_per_floor":["M","?","?","$","$","E","$","R","T","E","$","E","M","M","R","B",null,"M","?","M","?","$","E","R","E","T","?","$","R","?","M","R","B"],"character_chosen":"IRONCLAD","items_purchased":["Combust","Headbutt","Armaments","Hemokinesis","Havoc","Potion Belt","Seeing Red"],"campfire_rested":2,"item_purchase_floors":[4,4,5,7,11,22,28],"current_hp_per_floor":[80,80,80,80,80,80,80,80,80,80,80,79,76,80,80,44,71,74,74,49,49,49,27,27,22,22,22,22,61,61,26,65,0],"gold":39,"neow_bonus":"THREE_ENEMY_KILL","is_prod":false,"is_daily":false,"chose_seed":false,"campfire_upgraded":3,"win_rate":0,"timestamp":1547891603,"path_taken":["M","?","?","?","$","E","$","R","T","E","$","E","M","M","R","BOSS","M","?","M","?","?","E","R","E","T","?","$","R","?","M","R","BOSS"],"build_version":"2019-01-17v2","purchased_purges":0,"victory":false,"max_hp_per_floor":[80,80,80,80,80,80,80,80,80,80,80,80,80,80,80,80,80,80,80,80,80,80,80,80,80,80,80,80,80,80,80,80,80],"card_choices":[{"not_picked":["Searing Blow","Body Slam"],"picked":"Clash","floor":1},{"not_picked":["Warcry","Havoc"],"picked":"Clash","floor":6},{"not_picked":["Reckless Charge","Warcry"],"picked":"Inflame","floor":10},{"not_picked":["Fire Breathing","Double Tap"],"picked":"Whirlwind","floor":12},{"not_picked":["Clash","Disarm"],"picked":"Infernal Blade","floor":13},{"not_picked":["Intimidate","Uppercut"],"picked":"Evolve","floor":14},{"not_picked":["Exhume","Feed"],"picked":"Brutality","floor":16},{"not_picked":["Warcry","Carnage"],"picked":"Twin Strike","floor":18},{"not_picked":["Second Wind","Armaments"],"picked":"Fire Breathing","floor":20},{"not_picked":["Uppercut","Headbutt"],"picked":"Heavy Blade","floor":23},{"not_picked":["Sentinel","Bludgeon"],"picked":"Seeing Red+1","floor":25},{"not_picked":["Havoc","Entrench","Seeing Red"],"picked":"Spot Weakness","floor":31}],"player_experience":538611,"relics_obtained":[{"floor":6,"key":"FossilizedHelix"},{"floor":9,"key":"The Courier"},{"floor":10,"key":"Nunchaku"},{"floor":12,"key":"Calipers"},{"floor":23,"key":"Regal Pillow"},{"floor":25,"key":"Question Card"},{"floor":26,"key":"War Paint"}],"event_choices":[{"damage_healed":0,"gold_gain":62,"player_choice":"Gained Gold","damage_taken":0,"max_hp_gain":0,"max_hp_loss":0,"event_name":"Golden Wing","floor":2,"gold_loss":0},{"damage_healed":0,"gold_gain":0,"player_choice":"Grow","damage_taken":0,"max_hp_gain":0,"max_hp_loss":0,"event_name":"Living Wall","floor":3,"gold_loss":0,"cards_upgraded":["Bash"]},{"damage_healed":0,"gold_gain":0,"player_choice":"Read","damage_taken":0,"max_hp_gain":0,"max_hp_loss":0,"event_name":"The Library","floor":19,"gold_loss":0,"cards_obtained":["Rupture"]},{"cards_removed":["Strike_R"],"damage_healed":0,"gold_gain":0,"player_choice":"Gave Gold","damage_taken":0,"max_hp_gain":0,"max_hp_loss":0,"event_name":"Beggar","floor":21,"gold_loss":75},{"damage_healed":0,"gold_gain":0,"player_choice":"Obtain J.A.X.","damage_taken":0,"max_hp_gain":0,"max_hp_loss":0,"event_name":"Drug Dealer","floor":27,"gold_loss":0,"cards_obtained":["J.A.X."]},{"damage_healed":0,"gold_gain":0,"player_choice":"Ignored","damage_taken":0,"max_hp_gain":0,"max_hp_loss":0,"event_name":"Ghosts","floor":30,"gold_loss":0}],"is_beta":false,"boss_relics":[{"not_picked":["Sozu","White Beast Statue"],"picked":"Runic Pyramid"}],"items_purged_floors":[],"is_endless":false,"potions_floor_spawned":[1,12,16,18,25,31],"killed_by":"Automaton","ascension_level":5}