{"path_per_floor":["M","?","?","?","M","R","M","R","T","T","M","R","M","E","R","B",null,"M","?","?","$","$","R","E","?","T","E","M","E","M","?","R"],"character_chosen":"THE_SILENT","items_purchased":["Noxious Fumes","Backflip"],"gold_per_floor":[110,110,110,110,120,120,133,133,156,156,169,169,188,217,217,290,290,290,290,205,43,43,43,43,43,43,43,43,43,43,43,43,43],"floor_reached":33,"campfire_rested":2,"playtime":1486,"current_hp_per_floor":[52,26,26,26,26,26,26,26,26,26,18,37,34,24,43,19,54,51,51,51,51,51,51,32,32,32,30,35,36,31,31,31,0],"items_purged":["Strike_G"],"gold":43,"score":527,"play_id":"ddef4990-f8b4-430e-aa84-264caf7fb2bf","local_time":"20180405110847","is_prod":false,"is_daily":false,"is_ascension_mode":true,"campfire_upgraded":4,"timestamp":1522894127,"path_taken":["M","?","?","?","M","R","M","R","T","?","M","R","M","E","R","BOSS","M","?","?","?","$","R","E","?","T","E","?","E","M","?","R","BOSS"],"build_version":"2018-03-29v2","purchased_purges":1,"victory":false,"master_deck":["Defend_G","Defend_G","Defend_G","Defend_G","Defend_G","Strike_G","Strike_G","Strike_G","Strike_G","Survivor","Neutralize+1","AscendersBane","Outmaneuver","Riddle With Holes+1","Dagger Spray+1","Dagger Throw","All Out Attack","Cloak And Dagger","Deflect","Tools of the Trade","Cloak And Dagger","Noxious Fumes+1","Backflip","Backflip+1","Expertise+1","Catalyst+1"],"max_hp_per_floor":[66,66,66,66,66,66,66,66,66,66,66,66,66,66,66,66,66,66,66,66,66,66,66,66,66,66,66,68,68,70,70,70,70],"relics":["Ring of the Snake","Happy Flower","Dream Catcher","Orichalcum","Bird Faced Urn","Mercury Hourglass","Ectoplasm","Snake Skull","Gambling Chip","Oddly Smooth Stone","Singing Bowl","Bottled Tornado"],"card_choices":[{"not_picked":["Setup","Finisher"],"picked":"Outmaneuver","floor":1},{"not_picked":["Escape Plan","Caltrops"],"picked":"Riddle With Holes","floor":5},{"not_picked":["PiercingWail","Poisoned Stab"],"picked":"Dagger Spray","floor":7},{"not_picked":["Infinite Blades","Prepared"],"picked":"Dagger Throw","floor":11},{"not_picked":["Night Terror","Deadly Poison"],"picked":"All Out Attack","floor":12},{"not_picked":["Deadly Poison","Quick Slash"],"picked":"Cloak And Dagger","floor":13},{"not_picked":["PiercingWail","Setup"],"picked":"Deflect","floor":14},{"not_picked":["Venomology","Corpse Explosion"],"picked":"Tools of the Trade","floor":16},{"not_picked":["Catalyst","Prepared"],"picked":"Cloak And Dagger","floor":18},{"not_picked":["Underhanded Strike","Acrobatics"],"picked":"Backflip","floor":24},{"not_picked":["Cloak And Dagger","Slice"],"picked":"Expertise","floor":27},{"not_picked":["Masterful Stab","Cloak And Dagger"],"picked":"Catalyst","floor":29}],"player_experience":406735,"potions_floor_usage":[14,14,16,24,27,33],"damage_taken":[{"damage":7,"enemies":"Small Slimes","floor":1,"turns":5},{"damage":0,"enemies":"2 Louse","floor":5,"turns":4},{"damage":0,"enemies":"Cultist","floor":7,"turns":3},{"damage":8,"enemies":"Blue Slaver","floor":11,"turns":4},{"damage":3,"enemies":"Looter","floor":13,"turns":2},{"damage":10,"enemies":"Lagavulin","floor":14,"turns":6},{"damage":24,"enemies":"The Guardian","floor":16,"turns":15},{"damage":5,"enemies":"Chosen","floor":18,"turns":5},{"damage":23,"enemies":"Book of Stabbing","floor":24,"turns":7},{"damage":6,"enemies":"Gremlin Leader","floor":27,"turns":6},{"damage":1,"enemies":"Spheric Guardian","floor":28,"turns":5},{"damage":3,"enemies":"Book of Stabbing","floor":29,"turns":7},{"damage":11,"enemies":"Centurion and Healer","floor":30,"turns":5},{"damage":53,"enemies":"Champ","floor":33,"turns":8}],"event_choices":[{"event_name":"Scrap Ooze","player_choice":"success","floor":2,"damage_taken":26},{"event_name":"Liars Game","player_choice":"disagreed","floor":3,"damage_taken":0},{"event_name":"Living Wall","player_choice":"Grow","floor":4,"damage_taken":0},{"event_name":"Golden Shrine","player_choice":"Pray","floor":19,"damage_taken":0},{"event_name":"Addict","player_choice":"Obtained Relic","floor":20,"damage_taken":0},{"event_name":"Vampires","player_choice":"Ignored","floor":25,"damage_taken":0},{"event_name":"The Mausoleum","player_choice":"No","floor":31,"damage_taken":0}],"boss_relics":[{"not_picked":["Eternal Feather","Lizard Tail"],"picked":"Ectoplasm"}],"potions_floor_spawned":[5,11,14,16,18,24,27,29],"seed_played":"-1321152642394679797","killed_by":"Champ","ascension_level":15,"is_trial":false}