{"gold_per_floor":[99,99,99,99,99,99,99,99,99,99,99,99,99,99,99,99,99,24,24,24,24,24,24,24],"floor_reached":24,"playtime":1269,"items_purged":[],"score":297,"play_id":"56b8c1da-6fc4-46b6-aad0-fafd7d31d234","local_time":"20181021042617","is_ascension_mode":true,"campfire_choices":[{"data":"Zap","floor":6,"key":"SMITH"},{"floor":11,"key":"REST"},{"floor":15,"key":"REST"},{"data":"Capacitor","floor":23,"key":"SMITH"}],"neow_cost":"NONE","seed_source_timestamp":52601687247372,"circlet_count":0,"master_deck":["Strike_B","Strike_B","Strike_B","Strike_B","Defend_B","Defend_B","Defend_B","Defend_B","Zap+1","Dualcast","AscendersBane","Cold Snap","Blizzard","Sweeping Beam","Coolheaded","Streamline","Coolheaded","Glacier","Cold Snap","Glacier","Creative AI","Leap","Consume","Go for the Eyes","Hologram","Reboot","Capacitor+1","Streamline","Necronomicurse"],"relics":["Ectoplasm","The Courier","Ancient Tea Set","Odd Mushroom","Question Card","Orrery","Necronomicon"],"potions_floor_usage":[8,10,13,24,24],"damage_taken":[{"damage":4,"enemies":"Jaw Worm","floor":1,"turns":4},{"damage":4,"enemies":"Small Slimes","floor":4,"turns":3},{"damage":3,"enemies":"2 Louse","floor":5,"turns":3},{"damage":27,"enemies":"3 Sentries","floor":7,"turns":9},{"damage":15,"enemies":"The Mushroom Lair","floor":8,"turns":4},{"damage":0,"enemies":"Lots of Slimes","floor":10,"turns":3},{"damage":0,"enemies":"Large Slime","floor":12,"turns":5},{"damage":8,"enemies":"Exordium Thugs","floor":13,"turns":6},{"damage":4,"enemies":"Blue Slaver","floor":14,"turns":4},{"damage":14,"enemies":"Slime Boss","floor":16,"turns":11},{"damage":4,"enemies":"2 Thieves","floor":18,"turns":4},{"damage":0,"enemies":"Chosen","floor":20,"turns":8},{"damage":34,"enemies":"Colosseum Slavers","floor":24,"turns":6},{"damage":29,"enemies":"Colosseum Nobs","floor":24,"turns":7}],"seed_played":"6569021050341067829","potions_obtained":[{"floor":1,"key":"EssenceOfSteel"},{"floor":8,"key":"SneckoOil"},{"floor":12,"key":"Dexterity Potion"},{"floor":14,"key":"Regen Potion"},{"floor":20,"key":"Strength Potion"}],"is_trial":false,"path_per_floor":["M","?","?","M","M","R","E","?","T","M","R","M","M","M","R","B",null,"M","$","M","?","?","R"],"character_chosen":"DEFECT","items_purchased":[],"campfire_rested":2,"item_purchase_floors":[],"current_hp_per_floor":[64,69,51,47,44,44,17,2,2,2,26,26,18,14,38,24,66,62,62,62,46,46,46,0],"gold":24,"neow_bonus":"BOSS_RELIC","is_prod":false,"is_daily":false,"chose_seed":false,"campfire_upgraded":2,"win_rate":0,"timestamp":1540121177,"path_taken":["M","?","?","M","M","R","E","?","T","M","R","M","?","M","R","BOSS","M","$","?","?","?","R","?"],"build_version":"2018-10-18","purchased_purges":0,"victory":false,"max_hp_per_floor":[75,80,80,80,80,80,80,80,80,80,80,80,80,80,80,80,80,80,80,80,80,80,80,80],"card_choices":[{"not_picked":["Steam","Beam Cell"],"picked":"Cold Snap","floor":1},{"not_picked":["Streamline","Cold Snap"],"picked":"Blizzard","floor":4},{"not_picked":["Stack","Conserve Battery"],"picked":"Sweeping Beam","floor":5},{"not_picked":["Multi-Cast","Sweeping Beam"],"picked":"Coolheaded","floor":7},{"not_picked":["Redo","Machine Learning"],"picked":"Streamline","floor":8},{"not_picked":["Barrage","Stack","Darkness"],"picked":"Coolheaded","floor":10},{"not_picked":["Turbo","Streamline","Barrage"],"picked":"Glacier","floor":12},{"not_picked":["Streamline","Redo","Barrage"],"picked":"Cold Snap","floor":13},{"not_picked":["Aggregate","Buffer","Conserve Battery"],"picked":"Glacier","floor":14},{"not_picked":["Reboot","Biased Cognition","Buffer"],"picked":"Creative AI","floor":16},{"not_picked":["Turbo","Rebound","Steam"],"picked":"Leap","floor":17},{"not_picked":["Stack","Auto Shields","Steam"],"picked":"Consume","floor":17},{"not_picked":["Force Field","Turbo","Auto Shields"],"picked":"Go for the Eyes","floor":17},{"not_picked":["Scrape","Reprogram","Reinforced Body"],"picked":"Hologram","floor":17},{"not_picked":["Hologram","Redo","Tempest"],"picked":"Reboot","floor":17},{"not_picked":["Beam Cell","Storm","Go for the Eyes+1"],"picked":"Capacitor","floor":18},{"not_picked":["Leap","Steam Power","Compile Driver"],"picked":"Streamline","floor":20}],"player_experience":312332,"relics_obtained":[{"floor":7,"key":"Ancient Tea Set"},{"floor":8,"key":"Odd Mushroom"},{"floor":9,"key":"Question Card"},{"floor":21,"key":"Necronomicon"}],"event_choices":[{"damage_healed":0,"gold_gain":0,"player_choice":"Donut","damage_taken":0,"max_hp_gain":5,"max_hp_loss":0,"event_name":"Big Fish","floor":2,"gold_loss":0},{"damage_healed":0,"gold_gain":0,"player_choice":"Success","damage_taken":18,"relics_obtained":["The Courier"],"max_hp_gain":0,"max_hp_loss":0,"event_name":"Scrap Ooze","floor":3,"gold_loss":0},{"damage_healed":0,"gold_gain":0,"player_choice":"Fought Mushrooms","damage_taken":0,"max_hp_gain":0,"max_hp_loss":0,"event_name":"Mushrooms","floor":8,"gold_loss":0},{"damage_healed":0,"gold_gain":0,"player_choice":"Obtained Book","damage_taken":16,"max_hp_gain":0,"max_hp_loss":0,"event_name":"Cursed Tome","floor":21,"gold_loss":0},{"damage_healed":0,"gold_gain":99,"player_choice":"Stole From Cult","damage_taken":0,"max_hp_gain":0,"max_hp_loss":0,"event_name":"Nest","floor":22,"gold_loss":0},{"damage_healed":0,"gold_gain":0,"player_choice":"Fight","damage_taken":0,"max_hp_gain":0,"max_hp_loss":0,"event_name":"Colosseum","floor":24,"gold_loss":0},{"damage_healed":0,"gold_gain":0,"player_choice":"Fought Nobs","damage_taken":0,"max_hp_gain":0,"max_hp_loss":0,"event_name":"Colosseum","floor":24,"gold_loss":0}],"is_beta":false,"boss_relics":[{"not_picked":["Fusion Hammer","Cursed Key"],"picked":"Orrery"}],"items_purged_floors":[],"is_endless":false,"potions_floor_spawned":[1,8,12,14,20],"killed_by":"Colosseum Nobs","ascension_level":10}