{"gold_per_floor":[113,113,132,142,42,42,62,62,85,103,133,133,166,178,178,277,277,295,295,195,205,225,253,263,282,282,301,301,301],"floor_reached":29,"playtime":2844,"items_purged":["Strike_G","Defend_G"],"score":309,"play_id":"ac7f1662-e808-41a8-ba1b-4678137be4a8","local_time":"20190126141412","is_ascension_mode":false,"campfire_choices":[{"data":"Cloak And Dagger","floor":6.0,"key":"SMITH"},{"data":"Neutralize","floor":8.0,"key":"SMITH"},{"data":"Cloak And Dagger","floor":12.0,"key":"SMITH"},{"data":"Sucker Punch","floor":15.0,"key":"SMITH"}],"neow_cost":"NONE","seed_source_timestamp":0,"circlet_count":0,"master_deck":["Defend_G","Defend_G","Defend_G","Defend_G","Strike_G","Survivor","Neutralize+1","Cloak And Dagger+1","Sucker Punch+1","Prepared","Slice","Cloak And Dagger+1","Blade Dance","Prepared","Flying Knee","Die Die Die","Caltrops+1","Expertise+1","Venomology+1","Prepared+1","Cloak And Dagger","Phantasmal Killer","Backflip","Prepared","Underhanded Strike"],"special_seed":0,"relics":["Ring of the Snake","Juzu Bracelet","Strawberry","Happy Flower","Astrolabe","Dream Catcher","Dead Branch"],"potions_floor_usage":[16,16,21,22,23,23,24,25,27,27],"damage_taken":[{"damage":0.0,"enemies":"2 Louse","floor":1.0,"turns":3.0},{"damage":0.0,"enemies":"Cultist","floor":3.0,"turns":4.0},{"damage":0.0,"enemies":"Jaw Worm","floor":4.0,"turns":5.0},{"damage":0.0,"enemies":"3 Louse","floor":7.0,"turns":3.0},{"damage":1.0,"enemies":"Exordium Thugs","floor":10.0,"turns":6.0},{"damage":41.0,"enemies":"3 Sentries","floor":11.0,"turns":11.0},{"damage":10.0,"enemies":"Gremlin Nob","floor":13.0,"turns":5.0},{"damage":2.0,"enemies":"Lots of Slimes","floor":14.0,"turns":4.0},{"damage":32,"enemies":"Hexaghost","floor":16,"turns":12},{"damage":0,"enemies":"3 Byrds","floor":18,"turns":4},{"damage":7,"enemies":"Chosen","floor":21,"turns":6},{"damage":4,"enemies":"Snake Plant","floor":22,"turns":6},{"damage":12,"enemies":"Slavers","floor":23,"turns":5},{"damage":11,"enemies":"Chosen and Byrds","floor":24,"turns":5},{"damage":13,"enemies":"3 Cultists","floor":25,"turns":6},{"damage":19,"enemies":"Shelled Parasite and Fungi","floor":27,"turns":6},{"damage":0,"enemies":"Snecko","floor":29,"turns":2}],"seed_played":"-346164005840033858","potions_obtained":[{"floor":10.0,"key":"GhostInAJar"},{"floor":13.0,"key":"FearPotion"},{"floor":14.0,"key":"Poison Potion"},{"floor":21,"key":"SkillPotion"},{"floor":23,"key":"Explosive Potion"},{"floor":24,"key":"Weak Potion"},{"floor":27,"key":"FearPotion"},{"floor":28,"key":"Dexterity Potion"}],"is_trial":false,"path_per_floor":["M","?","M","M","$","R","M","R","T","M","E","R","E","M","R","B",null,"M","?","$","M","M","E","M","M","T","M","?","M"],"character_chosen":"THE_SILENT","items_purchased":["Slice"],"campfire_rested":0,"item_purchase_floors":[5],"current_hp_per_floor":[70,80,80,80,80,80,80,80,80,79,45,45,35,33,33,1,87,87,87,87,80,76,64,53,54,54,35,35,35],"gold":301,"neow_bonus":"ONE_RANDOM_RARE_CARD","is_prod":false,"is_daily":false,"chose_seed":false,"campfire_upgraded":4,"win_rate":0,"timestamp":1548501252,"path_taken":["M","?","M","M","?","R","?","R","T","M","E","R","E","M","R","BOSS","M","?","?","M","M","E","M","M","T","M","?","M"],"build_version":"2019-01-23","purchased_purges":2,"victory":false,"max_hp_per_floor":[70,80,80,80,80,80,80,80,80,80,87,87,87,87,87,87,87,87,87,87,87,87,87,87,87,87,87,87,87],"card_choices":[{"not_picked":["Dagger Throw","Calculated Gamble"],"picked":"Cloak And Dagger","floor":1.0},{"not_picked":["Dagger Spray","Underhanded Strike"],"picked":"Sucker Punch","floor":3.0},{"not_picked":["All Out Attack","Masterful Stab"],"picked":"Prepared","floor":4.0},{"not_picked":["Dodge and Roll","Catalyst"],"picked":"Cloak And Dagger","floor":7.0},{"not_picked":["Terror","Caltrops"],"picked":"Blade Dance","floor":10.0},{"not_picked":["Bane","Quick Slash"],"picked":"Prepared","floor":11.0},{"not_picked":["Wraith Form v2","Crippling Poison"],"picked":"Flying Knee","floor":13.0},{"not_picked":["Dagger Spray","Catalyst","Backstab"],"picked":"SKIP","floor":14.0},{"not_picked":["Storm of Steel","Envenom"],"picked":"Die Die Die","floor":16},{"not_picked":["Acrobatics","Bane"],"picked":"Prepared+1","floor":18},{"not_picked":["Bane+1","Flying Knee"],"picked":"Cloak And Dagger","floor":21},{"not_picked":["Slice","Distraction+1","Acrobatics"],"picked":"SKIP","floor":22},{"not_picked":["Storm of Steel","Quick Slash"],"picked":"Phantasmal Killer","floor":23},{"not_picked":["Slice","Cloak And Dagger"],"picked":"Backflip","floor":24},{"not_picked":["Quick Slash","Underhanded Strike"],"picked":"Prepared","floor":25},{"not_picked":["Dagger Throw","Bane"],"picked":"Underhanded Strike","floor":27}],"player_experience":207228,"relics_obtained":[{"floor":9.0,"key":"Juzu Bracelet"},{"floor":11.0,"key":"Strawberry"},{"floor":13.0,"key":"Happy Flower"},{"floor":23,"key":"Dream Catcher"},{"floor":26,"key":"Dead Branch"}],"event_choices":[{"cards_removed":["Corpse Explosion"],"damage_healed":0.0,"max_hp_gain":10.0,"max_hp_loss":0.0,"gold_gain":0.0,"event_name":"Bonfire Elementals","player_choice":"Offered Rare","floor":2.0,"gold_loss":0.0,"damage_taken":0.0},{"damage_healed":0,"gold_gain":0,"player_choice":"Ignored","damage_taken":0,"max_hp_gain":0,"max_hp_loss":0,"event_name":"NoteForYourself","floor":19,"gold_loss":0},{"damage_healed":0,"gold_gain":0,"player_choice":"Got Potions","damage_taken":0,"max_hp_gain":0,"max_hp_loss":0,"event_name":"Lab","floor":28,"gold_loss":0}],"is_beta":false,"boss_relics":[{"not_picked":["Lizard Tail","Runic Dome"],"picked":"Astrolabe"}],"items_purged_floors":[5,20],"is_endless":false,"potions_floor_spawned":[10,13,14,21,23,24,27],"killed_by":"Snecko","ascension_level":0}