{"gold_per_floor":[117,127,127,151,151,151,4,4,30,30,30,30,64,20,20,118,118,136,159,183,71,86,86,66,66,66,66,66],"floor_reached":28,"playtime":802,"items_purged":["Strike_G","Strike_G"],"score":421,"play_id":"0a8c05d1-aeee-438f-aad1-bfcec400e19c","local_time":"20180929221145","is_ascension_mode":true,"campfire_choices":[{"data":"Neutralize","floor":6.0,"key":"SMITH"},{"data":"Noxious Fumes","floor":8.0,"key":"SMITH"},{"data":"Acrobatics","floor":10.0,"key":"SMITH"},{"data":"Reflex","floor":12.0,"key":"SMITH"},{"floor":15.0,"key":"REST"},{"data":"Phantasmal Killer","floor":23,"key":"SMITH"},{"data":"Dagger Spray","floor":25,"key":"SMITH"},{"data":"Strike_G","floor":27,"key":"PURGE"}],"neow_cost":"NONE","seed_source_timestamp":102830348395990,"circlet_count":0,"master_deck":["Defend_G","Defend_G","Defend_G","Defend_G","Defend_G","Strike_G","Strike_G","Survivor","Neutralize+1","AscendersBane","Dash","Dash","Acrobatics+1","Flying Knee","Noxious Fumes+1","Reflex+1","Terror","Slice","Phantasmal Killer+1","Concentrate+1","Blur+1","Dagger Spray+1","Deflect+1"],"special_seed":0,"relics":["Ring of the Snake","Smiling Mask","Golden Idol","Boot","Dream Catcher","Coffee Dripper","Peace Pipe"],"potions_floor_usage":[16,22,28],"damage_taken":[{"damage":6.0,"enemies":"Cultist","floor":1.0,"turns":6.0},{"damage":4.0,"enemies":"Jaw Worm","floor":2.0,"turns":5.0},{"damage":0.0,"enemies":"Small Slimes","floor":4.0,"turns":4.0},{"damage":0.0,"enemies":"3 Louse","floor":11.0,"turns":2.0},{"damage":24.0,"enemies":"Gremlin Nob","floor":13.0,"turns":4.0},{"damage":18,"enemies":"Slime Boss","floor":16,"turns":10},{"damage":22,"enemies":"Chosen","floor":18,"turns":5},{"damage":19,"enemies":"Shell Parasite","floor":19,"turns":7},{"damage":0,"enemies":"Snecko","floor":20,"turns":5},{"damage":8,"enemies":"Cultist and Chosen","floor":22,"turns":6},{"damage":12,"enemies":"Snake Plant","floor":28,"turns":3}],"seed_played":"-5715695728444673227","potions_obtained":[{"floor":1.0,"key":"Dexterity Potion"},{"floor":2.0,"key":"AttackPotion"},{"floor":18,"key":"SpeedPotion"},{"floor":20,"key":"Energy Potion"},{"floor":24,"key":"Block Potion"}],"is_trial":false,"path_per_floor":["M","M","?","M","?","R","$","R","T","R","M","R","E","?","R","B",null,"M","M","M","$","M","R","?","R","T","R"],"character_chosen":"THE_SILENT","items_purchased":["Flying Knee","Noxious Fumes","Dagger Spray"],"campfire_rested":1,"item_purchase_floors":[7,7,21],"current_hp_per_floor":[53,49,26,26,48,48,48,48,48,48,48,48,24,24,43,25,56,34,15,15,15,7,7,7,7,7,7,0],"gold":66,"neow_bonus":"RANDOM_COMMON_RELIC","is_prod":false,"is_daily":false,"chose_seed":false,"campfire_upgraded":6,"win_rate":0,"timestamp":1538226705,"path_taken":["M","?","?","M","?","R","$","R","T","R","M","R","E","?","R","BOSS","M","M","?","$","M","R","?","R","T","R","M"],"build_version":"2018-09-27","purchased_purges":2,"victory":false,"max_hp_per_floor":[66,66,66,66,66,66,66,66,66,66,66,66,66,66,66,66,66,66,66,66,66,66,66,66,66,66,66,66],"card_choices":[{"not_picked":["Underhanded Strike","Sucker Punch"],"picked":"Dash","floor":1.0},{"not_picked":["Cloak And Dagger","Bane"],"picked":"Dash","floor":2.0},{"not_picked":["Underhanded Strike","Setup"],"picked":"Acrobatics","floor":4.0},{"not_picked":["Dodge and Roll","Prepared"],"picked":"Reflex","floor":11.0},{"not_picked":["Bullet Time","Deadly Poison"],"picked":"Terror","floor":13.0},{"not_picked":["Flying Knee","Poisoned Stab"],"picked":"Slice","floor":15.0},{"not_picked":["Malaise","Storm of Steel"],"picked":"Phantasmal Killer","floor":16},{"not_picked":["Well Laid Plans","Flying Knee"],"picked":"Concentrate+1","floor":18},{"not_picked":["Acrobatics","Sucker Punch"],"picked":"Blur+1","floor":19},{"not_picked":["Infinite Blades","Outmaneuver","Sucker Punch"],"picked":"SKIP","floor":20},{"not_picked":["Blade Dance","Catalyst"],"picked":"Deflect+1","floor":22}],"player_experience":685903,"relics_obtained":[{"floor":9.0,"key":"Boot"},{"floor":13.0,"key":"Dream Catcher"},{"floor":26,"key":"Peace Pipe"}],"event_choices":[{"event_name":"Golden Idol","player_choice":"Take Damage","floor":3.0,"damage_taken":0.0},{"event_name":"Big Fish","player_choice":"Banana","floor":5.0,"damage_taken":0.0},{"event_name":"World of Goop","player_choice":"Left","floor":14.0,"damage_taken":0.0},{"event_name":"The Woman in Blue","player_choice":"Bought 1 Potion","floor":24,"damage_taken":0}],"is_beta":false,"boss_relics":[{"not_picked":["WristBlade","Busted Crown"],"picked":"Coffee Dripper"}],"items_purged_floors":[7,21],"is_endless":false,"potions_floor_spawned":[1,2,18,20],"killed_by":"Snake Plant","ascension_level":19}