{"gold_per_floor":[115,115,37,50,60,60,87,87,111,130,45,45,0,19,19,19],"floor_reached":16,"playtime":694,"items_purged":[],"score":200,"play_id":"d033c7b0-ea71-4f2f-bd13-ffb896e4d055","local_time":"20190303031010","is_ascension_mode":true,"campfire_choices":[{"floor":6,"key":"REST"},{"floor":12,"key":"REST"},{"floor":15,"key":"REST"}],"neow_cost":"NONE","seed_source_timestamp":50360062509182,"circlet_count":0,"master_deck":["AscendersBane","Strike_B","Strike_B","Strike_B","Strike_B","Defend_B","Defend_B","Defend_B","Defend_B","Zap","Dualcast","Sweeping Beam","Doom and Gloom","Ball Lightning","FTL","Self Repair","Genetic Algorithm","Static Discharge"],"relics":["Cracked Core","Strawberry","Juzu Bracelet","Question Card","Golden Idol","Lantern"],"potions_floor_usage":[7,16],"damage_taken":[{"damage":2,"enemies":"Jaw Worm","floor":1,"turns":3},{"damage":7,"enemies":"Small Slimes","floor":4,"turns":3},{"damage":4,"enemies":"2 Louse","floor":5,"turns":2},{"damage":32,"enemies":"3 Sentries","floor":7,"turns":5},{"damage":11,"enemies":"Blue Slaver","floor":10,"turns":3},{"damage":11,"enemies":"3 Louse","floor":14,"turns":2},{"damage":47,"enemies":"The Guardian","floor":16,"turns":8}],"seed_played":"-1274284472774969971","potions_obtained":[{"floor":5,"key":"EssenceOfSteel"},{"floor":10,"key":"Ancient Potion"},{"floor":14,"key":"Fire Potion"}],"is_trial":false,"path_per_floor":["M","?","$","M","M","R","E","?","T","M","$","R","?","M","R","B"],"character_chosen":"DEFECT","items_purchased":["Doom and Gloom","Genetic Algorithm"],"campfire_rested":3,"item_purchase_floors":[3,11],"current_hp_per_floor":[69,34,34,27,23,46,14,14,14,10,10,31,31,20,41,0],"gold":19,"neow_bonus":"RANDOM_COMMON_RELIC","is_prod":false,"is_daily":false,"chose_seed":false,"campfire_upgraded":0,"win_rate":0,"timestamp":1551579010,"path_taken":["M","?","$","M","M","R","E","?","T","M","$","R","?","M","R","BOSS"],"build_version":"2019-02-06","purchased_purges":0,"victory":false,"max_hp_per_floor":[78,78,78,78,78,78,78,71,71,71,71,71,71,71,71,71],"card_choices":[{"not_picked":["Barrage","Go for the Eyes"],"picked":"Sweeping Beam","floor":1},{"not_picked":["Consume","Undo"],"picked":"Ball Lightning","floor":4},{"not_picked":["Beam Cell","Darkness"],"picked":"FTL","floor":5},{"not_picked":["Compile Driver","Buffer"],"picked":"Self Repair","floor":7},{"not_picked":["Compile Driver","Hologram","Sweeping Beam","Redo"],"picked":"SKIP","floor":10},{"not_picked":["Lockon","Rebound","Steam"],"picked":"Static Discharge","floor":14}],"player_experience":1276108,"relics_obtained":[{"floor":7,"key":"Question Card"},{"floor":9,"key":"Lantern"}],"event_choices":[{"damage_healed":0,"gold_gain":0,"player_choice":"Success","damage_taken":35,"relics_obtained":["Juzu Bracelet"],"max_hp_gain":0,"max_hp_loss":0,"event_name":"Scrap Ooze","floor":2,"gold_loss":0},{"damage_healed":0,"gold_gain":0,"player_choice":"Lose Max HP","damage_taken":0,"relics_obtained":["Golden Idol"],"max_hp_gain":0,"max_hp_loss":7,"event_name":"Golden Idol","floor":8,"gold_loss":0},{"damage_healed":0,"gold_gain":0,"player_choice":"Left Gold","damage_taken":0,"max_hp_gain":0,"max_hp_loss":0,"event_name":"World of Goop","floor":13,"gold_loss":45}],"is_beta":true,"boss_relics":[],"items_purged_floors":[],"is_endless":false,"potions_floor_spawned":[5,10,14],"killed_by":"The Guardian","ascension_level":20}