{"gold_per_floor":[113,113,129,204,218,218,246,246,327,327,277,302,302,318,318,422,422,437,437,457,85,0,0],"floor_reached":23,"playtime":1832,"items_purged":[],"score":207,"play_id":"a187ba70-aa38-4d48-b675-2472537db85f","local_time":"20190303024133","is_ascension_mode":true,"campfire_choices":[{"data":"Shrug It Off","floor":6,"key":"SMITH"},{"floor":8,"key":"RECALL"},{"floor":10,"key":"REST"},{"floor":15,"key":"REST"}],"neow_cost":"NONE","seed_source_timestamp":7244103465754,"circlet_count":0,"master_deck":["Strike_R","Strike_R","Strike_R","Strike_R+1","Strike_R+1","Defend_R","Defend_R","Defend_R","Defend_R","Blind","Armaments+1","Shrug It Off+1","Flex","Feed","Inflame","Demon Form","Shrug It Off+1","True Grit+1"],"relics":["Burning Blood","Omamori","Toxic Egg 2","Bag of Marbles","Black Star","Gambling Chip","Lantern","Pen Nib"],"potions_floor_usage":[16,23,23],"damage_taken":[{"damage":1,"enemies":"2 Louse","floor":1,"turns":3},{"damage":0,"enemies":"Small Slimes","floor":3,"turns":3},{"damage":0,"enemies":"Jaw Worm","floor":5,"turns":6},{"damage":34,"enemies":"3 Sentries","floor":7,"turns":15},{"damage":46,"enemies":"Gremlin Nob","floor":12,"turns":6},{"damage":5,"enemies":"Looter","floor":14,"turns":3},{"damage":21,"enemies":"Hexaghost","floor":16,"turns":13},{"damage":58,"enemies":"3 Byrds","floor":18,"turns":13},{"damage":20,"enemies":"Chosen","floor":20,"turns":8},{"damage":23,"enemies":"Book of Stabbing","floor":23,"turns":5}],"seed_played":"3188458637216347859","potions_obtained":[{"floor":14,"key":"SkillPotion"},{"floor":18,"key":"PowerPotion"}],"is_trial":false,"path_per_floor":["M","?","M","?","M","R","E","R","T","R","?","E","?","M","R","B",null,"M","?","M","$","?","E"],"character_chosen":"IRONCLAD","items_purchased":["True Grit+1","Block Potion","Lantern","Pen Nib"],"campfire_rested":2,"item_purchase_floors":[21,21,21,21],"current_hp_per_floor":[80,80,80,69,75,75,47,47,47,71,71,31,15,20,45,30,84,32,32,18,18,18,0],"gold":0,"neow_bonus":"RANDOM_COLORLESS","is_prod":false,"is_daily":false,"chose_seed":false,"campfire_upgraded":1,"win_rate":0,"timestamp":1551602493,"path_taken":["M","?","M","?","M","R","E","R","T","R","?","E","?","?","R","BOSS","M","?","M","$","?","E"],"build_version":"2019-01-23","purchased_purges":0,"victory":false,"max_hp_per_floor":[80,80,80,80,80,80,80,80,80,80,80,80,80,84,84,84,84,84,84,84,84,84,84],"card_choices":[{"not_picked":["Headbutt","Clash"],"picked":"Armaments","floor":1},{"not_picked":["Searing Blow","Flex"],"picked":"Shrug It Off","floor":3},{"not_picked":["Bloodletting","Heavy Blade"],"picked":"Flex","floor":5},{"not_picked":["Rupture","Blood for Blood","Iron Wave"],"picked":"SKIP","floor":7},{"not_picked":["Iron Wave","Cleave"],"picked":"Feed","floor":12},{"not_picked":["Warcry+1","Wild Strike"],"picked":"Inflame","floor":14},{"not_picked":["Impervious+1","Offering+1"],"picked":"Demon Form","floor":16},{"not_picked":["Rage+1","Searing Blow+1"],"picked":"Shrug It Off+1","floor":18},{"not_picked":["Heavy Blade","Headbutt","Entrench+1"],"picked":"SKIP","floor":20}],"player_experience":64609,"relics_obtained":[{"floor":7,"key":"Omamori"},{"floor":9,"key":"Toxic Egg 2"},{"floor":12,"key":"Bag of Marbles"}],"event_choices":[{"damage_healed":0,"gold_gain":0,"player_choice":"Grow","damage_taken":0,"max_hp_gain":0,"max_hp_loss":0,"event_name":"Living Wall","floor":2,"gold_loss":0,"cards_upgraded":["Armaments"]},{"damage_healed":0,"gold_gain":75,"player_choice":"Gather Gold","damage_taken":11,"max_hp_gain":0,"max_hp_loss":0,"event_name":"World of Goop","floor":4,"gold_loss":0},{"cards_removed":["Bash"],"damage_healed":0,"gold_gain":0,"player_choice":"Card Removal","damage_taken":0,"max_hp_gain":0,"max_hp_loss":0,"event_name":"The Cleric","floor":11,"gold_loss":50},{"damage_healed":0,"gold_gain":0,"player_choice":"Entered Light","damage_taken":16,"max_hp_gain":0,"max_hp_loss":0,"event_name":"Shining Light","floor":13,"gold_loss":0,"cards_upgraded":["Strike_R","Strike_R"]},{"damage_healed":0,"gold_gain":0,"player_choice":"Opened","damage_taken":0,"relics_obtained":["Gambling Chip"],"max_hp_gain":0,"max_hp_loss":0,"event_name":"The Mausoleum","floor":19,"gold_loss":0,"cards_obtained":["Writhe"]},{"damage_healed":0,"gold_gain":0,"player_choice":"Paid Fearfully","damage_taken":0,"max_hp_gain":0,"max_hp_loss":0,"event_name":"Masked Bandits","floor":22,"gold_loss":85}],"is_beta":false,"boss_relics":[{"not_picked":["Runic Dome","Lizard Tail"],"picked":"Black Star"}],"items_purged_floors":[],"is_endless":false,"potions_floor_spawned":[14,18],"killed_by":"Book of Stabbing","ascension_level":1}