{"gold_per_floor":[109,125,136,13,88,122,122,136,159,159,177,191,23,34,34,105,105,115,115,115,133,133,133,167,181,207,207,257,257,277,287,287,287],"floor_reached":33,"playtime":1260,"items_purged":["Strike_B"],"score":469,"play_id":"52b12e0f-2c16-4cd9-b307-c13c53300101","local_time":"20181117034202","is_ascension_mode":true,"campfire_choices":[{"data":"Self Repair","floor":7,"key":"SMITH"},{"data":"Hologram","floor":10,"key":"SMITH"},{"floor":15,"key":"REST"},{"floor":23,"key":"REST"},{"data":"Seek","floor":27,"key":"SMITH"},{"data":"Machine Learning","floor":29,"key":"SMITH"},{"floor":32,"key":"REST"}],"neow_cost":"NONE","seed_source_timestamp":48958350250108,"circlet_count":0,"master_deck":["AscendersBane","Strike_B","Strike_B","Strike_B","Defend_B","Defend_B","Defend_B","Defend_B","Zap+1","Dualcast","Leap","Self Repair+1","Ball Lightning","Ball Lightning","Hologram+1","Heatsinks","Sweeping Beam","Ball Lightning","Master of Strategy","Ball Lightning","Storm","Seek+1","Undo+1","Static Discharge","Self Repair+1","Machine Learning+1","Beam Cell","Double Energy","Pain","Lockon","Hologram"],"relics":["Cracked Core","Regal Pillow","Dream Catcher","Cursed Key","MutagenicStrength","Blood Vial","Juzu Bracelet"],"potions_floor_usage":[12,16,16,24,33,33],"damage_taken":[{"damage":12,"enemies":"Small Slimes","floor":1,"turns":3},{"damage":0,"enemies":"Jaw Worm","floor":2,"turns":3},{"damage":3,"enemies":"2 Louse","floor":3,"turns":2},{"damage":33,"enemies":"Gremlin Nob","floor":6,"turns":4},{"damage":2,"enemies":"Exordium Thugs","floor":8,"turns":4},{"damage":7,"enemies":"2 Fungi Beasts","floor":11,"turns":3},{"damage":0,"enemies":"Lots of Slimes","floor":12,"turns":1},{"damage":12,"enemies":"3 Louse","floor":14,"turns":4},{"damage":48,"enemies":"The Guardian","floor":16,"turns":11},{"damage":30,"enemies":"Shell Parasite","floor":18,"turns":3},{"damage":0,"enemies":"Chosen","floor":21,"turns":4},{"damage":29,"enemies":"Gremlin Leader","floor":24,"turns":6},{"damage":33,"enemies":"Centurion and Healer","floor":25,"turns":6},{"damage":24,"enemies":"Sentry and Sphere","floor":30,"turns":4},{"damage":32,"enemies":"Cultist and Chosen","floor":31,"turns":4},{"damage":90,"enemies":"Champ","floor":33,"turns":8}],"seed_played":"-2678375884842970209","potions_obtained":[{"floor":6,"key":"Swift Potion"},{"floor":8,"key":"SteroidPotion"},{"floor":12,"key":"SteroidPotion"},{"floor":14,"key":"Dexterity Potion"},{"floor":21,"key":"LiquidBronze"},{"floor":30,"key":"Strength Potion"},{"floor":31,"key":"GamblersBrew"}],"is_trial":false,"path_per_floor":["M","M","M","$","?","E","R","M","T","R","M","M","$","M","R","B",null,"M","?","?","M","?","R","E","M","T","R","?","R","M","M","R","B"],"character_chosen":"DEFECT","items_purchased":["Ball Lightning","Master of Strategy"],"campfire_rested":3,"item_purchase_floors":[4,13],"current_hp_per_floor":[56,56,53,53,42,16,16,24,24,24,27,27,27,25,62,24,62,42,42,28,28,28,67,58,47,47,47,47,47,45,35,74,0],"gold":287,"neow_bonus":"UPGRADE_CARD","is_prod":false,"is_daily":false,"chose_seed":false,"campfire_upgraded":4,"win_rate":0,"timestamp":1542454922,"path_taken":["M","M","M","$","?","E","R","M","T","R","M","M","$","M","R","BOSS","M","?","?","M","?","R","E","?","T","R","?","R","M","M","R","BOSS"],"build_version":"2018-11-15","purchased_purges":1,"victory":false,"max_hp_per_floor":[75,75,75,75,75,75,75,75,75,75,75,75,75,75,75,75,75,75,75,80,80,80,80,80,80,80,80,80,80,80,80,80,80],"card_choices":[{"not_picked":["Go for the Eyes","Sweeping Beam"],"picked":"Leap","floor":1},{"not_picked":["Reinforced Body","Auto Shields"],"picked":"Self Repair","floor":2},{"not_picked":["FTL","Turbo"],"picked":"Ball Lightning","floor":3},{"not_picked":["Rebound","Redo"],"picked":"Hologram","floor":6},{"not_picked":["Turbo","Barrage"],"picked":"Heatsinks","floor":8},{"not_picked":["Genetic Algorithm","Scrape"],"picked":"Sweeping Beam","floor":11},{"not_picked":["Turbo","Hello World"],"picked":"Ball Lightning","floor":12},{"not_picked":["Blizzard","Scrape"],"picked":"Ball Lightning","floor":14},{"not_picked":["Biased Cognition","BootSequence"],"picked":"Storm","floor":15},{"not_picked":["All For One","Amplify"],"picked":"Seek","floor":16},{"not_picked":["Loop","Beam Cell"],"picked":"Undo+1","floor":18},{"not_picked":["Steam","Rebound"],"picked":"Static Discharge","floor":21},{"not_picked":["Hologram","Stack"],"picked":"Machine Learning","floor":23},{"not_picked":["Compile Driver","Scrape"],"picked":"Beam Cell","floor":24},{"not_picked":["Stack","Turbo"],"picked":"Double Energy","floor":25},{"not_picked":["Undo","Steam"],"picked":"Lockon","floor":30},{"not_picked":["Barrage","Go for the Eyes","Streamline+1"],"picked":"SKIP","floor":31},{"not_picked":["Consume","Streamline"],"picked":"Hologram","floor":32}],"player_experience":419037,"relics_obtained":[{"floor":6,"key":"Regal Pillow"},{"floor":9,"key":"Dream Catcher"},{"floor":24,"key":"Blood Vial"},{"floor":26,"key":"Juzu Bracelet"}],"event_choices":[{"damage_healed":0,"gold_gain":75,"player_choice":"Gather Gold","damage_taken":11,"max_hp_gain":0,"max_hp_loss":0,"event_name":"World of Goop","floor":5,"gold_loss":0},{"damage_healed":0,"gold_gain":0,"player_choice":"Inject Mutagens","damage_taken":0,"relics_obtained":["MutagenicStrength"],"max_hp_gain":0,"max_hp_loss":0,"event_name":"Drug Dealer","floor":19,"gold_loss":0},{"damage_healed":0,"gold_gain":0,"player_choice":"Shed Blood","damage_taken":19,"max_hp_gain":5,"max_hp_loss":0,"event_name":"Forgotten Altar","floor":20,"gold_loss":0},{"damage_healed":0,"gold_gain":0,"player_choice":"Copied","damage_taken":0,"max_hp_gain":0,"max_hp_loss":0,"event_name":"Duplicator","floor":22,"gold_loss":0,"cards_obtained":["Self Repair"]},{"damage_healed":0,"gold_gain":100,"player_choice":"Bet on Murderer","damage_taken":0,"max_hp_gain":0,"max_hp_loss":0,"event_name":"The Joust","floor":28,"gold_loss":50}],"is_beta":false,"boss_relics":[{"not_picked":["Fusion Hammer","Lizard Tail"],"picked":"Cursed Key"}],"items_purged_floors":[4],"is_endless":false,"potions_floor_spawned":[6,8,12,14,21,30,31],"killed_by":"Champ","ascension_level":13}