{"gold_per_floor":[119,132,307,323,248,248,278,291,291,348,348,348,363,381,381,381],"floor_reached":16,"playtime":1840,"items_purged":["Doubt"],"score":102,"play_id":"5c085f08-e3b7-478e-a91f-335335619df1","local_time":"20190307201431","is_ascension_mode":false,"campfire_choices":[{"data":"1","floor":6,"key":"LIFT"},{"data":"2","floor":11,"key":"LIFT"},{"data":"3","floor":15,"key":"LIFT"}],"neow_cost":"PERCENT_DAMAGE","seed_source_timestamp":267895184580,"circlet_count":0,"master_deck":["Strike_R","Strike_R","Strike_R","Strike_R","Defend_R","Defend_R","Defend_R","Defend_R","Bash","Pommel Strike","Seeing Red","Whirlwind","Evolve","Pummel"],"relics":["Burning Blood","Girya","FossilizedHelix","Shovel"],"potions_floor_usage":[10,16,16],"damage_taken":[{"damage":4,"enemies":"Jaw Worm","floor":1,"turns":5},{"damage":0,"enemies":"Small Slimes","floor":2,"turns":5},{"damage":1,"enemies":"Cultist","floor":4,"turns":3},{"damage":14,"enemies":"Gremlin Nob","floor":7,"turns":3},{"damage":0,"enemies":"Exordium Wildlife","floor":8,"turns":3},{"damage":13,"enemies":"Lagavulin Event","floor":10,"turns":5},{"damage":10,"enemies":"Lots of Slimes","floor":13,"turns":2},{"damage":9,"enemies":"Blue Slaver","floor":14,"turns":4},{"damage":55,"enemies":"The Guardian","floor":16,"turns":8}],"seed_played":"-7668350999550031313","potions_obtained":[{"floor":1,"key":"SkillPotion"},{"floor":7,"key":"SpeedPotion"},{"floor":13,"key":"FearPotion"}],"is_trial":false,"path_per_floor":["M","M","?","M","$","R","E","M","T","?","R","?","M","M","R","B"],"character_chosen":"IRONCLAD","items_purchased":[],"campfire_rested":0,"item_purchase_floors":[],"current_hp_per_floor":[58,64,64,69,69,69,61,67,67,60,60,60,56,53,53,0],"gold":381,"neow_bonus":"ONE_RARE_RELIC","is_prod":false,"is_daily":false,"chose_seed":false,"campfire_upgraded":0,"win_rate":0,"timestamp":1551957271,"path_taken":["M","M","?","M","$","R","E","M","T","?","R","?","M","M","R","BOSS"],"build_version":"2019-01-23","purchased_purges":1,"victory":false,"max_hp_per_floor":[80,80,80,80,80,80,80,80,80,80,80,80,80,80,80,80],"card_choices":[{"not_picked":["Uppercut","Feel No Pain"],"picked":"Pommel Strike","floor":1},{"not_picked":["Intimidate","Pommel Strike"],"picked":"Seeing Red","floor":2},{"not_picked":["Seeing Red","Sever Soul"],"picked":"Whirlwind","floor":4},{"not_picked":["Pommel Strike","Thunderclap"],"picked":"Evolve","floor":7},{"not_picked":["Rupture","Blood for Blood","Iron Wave"],"picked":"SKIP","floor":8},{"not_picked":["Metallicize","Cleave","Second Wind"],"picked":"SKIP","floor":13},{"not_picked":["True Grit","Anger"],"picked":"Pummel","floor":14}],"player_experience":188515,"relics_obtained":[{"floor":7,"key":"FossilizedHelix"}],"event_choices":[{"damage_healed":0,"gold_gain":175,"player_choice":"AGREE","damage_taken":0,"max_hp_gain":0,"max_hp_loss":0,"event_name":"Liars Game","floor":3,"gold_loss":0,"cards_obtained":["Doubt"]},{"damage_healed":0,"gold_gain":0,"player_choice":"Searched \u00272\u0027 times","damage_taken":0,"relics_obtained":["Shovel"],"max_hp_gain":0,"max_hp_loss":0,"event_name":"Dead Adventurer","floor":10,"gold_loss":0},{"cards_removed":["Strike_R"],"damage_healed":0,"gold_gain":0,"player_choice":"Purged","damage_taken":0,"max_hp_gain":0,"max_hp_loss":0,"event_name":"Purifier","floor":12,"gold_loss":0}],"is_beta":false,"boss_relics":[],"items_purged_floors":[5],"is_endless":false,"potions_floor_spawned":[1,7,13],"killed_by":"The Guardian","ascension_level":0}