{"gold_per_floor":[16,35,35,53,72,72,99,99,99,99,117,20,45,45,45,45],"floor_reached":16,"playtime":443,"items_purged":[],"score":171,"play_id":"991a5453-62bb-404b-9b15-b2e23546f7aa","local_time":"20180707191325","is_ascension_mode":true,"campfire_choices":[{"floor":6,"key":"REST"},{"floor":8,"key":"REST"},{"data":"Gash","floor":10,"key":"SMITH"},{"data":"Gash","floor":15,"key":"SMITH"}],"neow_cost":"NO_GOLD","seed_source_timestamp":1112333339549966,"circlet_count":0,"master_deck":["Strike_B","Strike_B","Strike_B","Strike_B","Defend_B","Defend_B","Defend_B","Defend_B","Zap","Dualcast","AscendersBane","All For One","Conserve Battery","Turbo","Gash+1","Seek","Glacier","Gash+1","Leap"],"relics":["Cracked Core","Unceasing Top","Turnip","Pantograph"],"potions_floor_usage":[7],"damage_taken":[{"damage":1,"enemies":"Jaw Worm","floor":1,"turns":4},{"damage":7,"enemies":"Small Slimes","floor":2,"turns":3},{"damage":8,"enemies":"2 Louse","floor":4,"turns":3},{"damage":40,"enemies":"Exordium Thugs","floor":5,"turns":6},{"damage":32,"enemies":"3 Sentries","floor":7,"turns":8},{"damage":0,"enemies":"Large Slime","floor":11,"turns":5},{"damage":20,"enemies":"Lagavulin","floor":13,"turns":6},{"damage":26,"enemies":"The Guardian","floor":16,"turns":2}],"seed_played":"1130601844645615222","potions_obtained":[{"floor":1,"key":"Swift Potion"},{"floor":13,"key":"SteroidPotion"}],"is_trial":false,"path_per_floor":["M","M","?","M","M","R","E","R","T","R","M","$","E","?","R"],"character_chosen":"DEFECT","items_purchased":["Gash","Leap"],"campfire_rested":2,"item_purchase_floors":[12,12],"current_hp_per_floor":[67,60,60,52,12,34,2,24,24,24,24,24,4,1,1,0],"gold":45,"neow_bonus":"THREE_RARE_CARDS","is_prod":false,"is_daily":false,"chose_seed":false,"campfire_upgraded":2,"win_rate":0,"timestamp":1530958405,"path_taken":["M","M","?","M","M","R","E","R","T","R","M","?","E","?","R","BOSS"],"build_version":"2018-07-05","purchased_purges":0,"victory":false,"max_hp_per_floor":[75,75,75,75,75,75,75,75,75,75,75,75,75,75,75,75],"card_choices":[{"not_picked":["Hyperbeam","Seek"],"picked":"All For One","floor":0},{"not_picked":["Double Energy","Sweeping Beam"],"picked":"Conserve Battery","floor":1},{"not_picked":["Reinforced Body","Hello World","Stack"],"picked":"SKIP","floor":2},{"not_picked":["Sweeping Beam","Loop"],"picked":"Turbo","floor":4},{"not_picked":["Double Energy","Compile Driver"],"picked":"Gash","floor":5},{"not_picked":["Steam","Coolheaded"],"picked":"Seek","floor":7},{"not_picked":["Capacitor","Loop"],"picked":"Glacier","floor":11},{"not_picked":["Tempest","Blizzard","Consume"],"picked":"SKIP","floor":13}],"player_experience":537184,"relics_obtained":[{"floor":7,"key":"Unceasing Top"},{"floor":9,"key":"Turnip"},{"floor":13,"key":"Pantograph"}],"event_choices":[{"event_name":"Liars Game","player_choice":"disagreed","floor":3,"damage_taken":0},{"event_name":"Scrap Ooze","player_choice":"unsuccessful","floor":14,"damage_taken":3}],"boss_relics":[],"items_purged_floors":[],"is_endless":false,"potions_floor_spawned":[1,13],"killed_by":"The Guardian","ascension_level":11}