{"gold_per_floor":[213,213,229,229,242,242,276,276,327,327,339,350,364,56,56,154,154,165,179,104,120,153,171,171,188,212,223,223,252,252,252,252,350,350,361,68,68,68,82,107,107,107,107,107,107,107,107,107,107,107],"floor_reached":51,"playtime":1192,"items_purged":["Strike_R","Strike_R"],"score":793,"play_id":"b97142fa-2bb5-4f20-a9fc-999b344c6cc5","local_time":"20190308052340","is_ascension_mode":false,"campfire_choices":[{"data":"Twin Strike","floor":6.0,"key":"SMITH"},{"data":"Bash","floor":8.0,"key":"SMITH"},{"data":"Sword Boomerang","floor":10.0,"key":"SMITH"},{"data":"Whirlwind","floor":15.0,"key":"SMITH"},{"data":"Limit Break","floor":24.0,"key":"SMITH"},{"data":"Uppercut","floor":28.0,"key":"SMITH"},{"data":"Burning Pact","floor":30.0,"key":"SMITH"},{"data":"Battle Trance","floor":32.0,"key":"SMITH"},{"data":"Secret Weapon","floor":41.0,"key":"SMITH"},{"floor":44.0,"key":"RECALL"},{"floor":46.0,"key":"REST"},{"floor":49.0,"key":"REST"}],"neow_cost":"NONE","seed_source_timestamp":28326982173926,"circlet_count":0,"master_deck":["Strike_R+1","Strike_R+1","Defend_R+1","Defend_R+1","Defend_R+1","Defend_R+1","Bash+1","Flame Barrier+1","Sword Boomerang+1","Twin Strike+1","Thunderclap+1","Whirlwind+1","Battle Trance+1","Headbutt+1","Limit Break+1","Seeing Red+1","Sword Boomerang+1","Feed+1","Burning Pact+1","Uppercut+1","True Grit+1","Heavy Blade+1","Headbutt+1","Pummel+1","Spot Weakness+1","Secret Weapon+1","Heavy Blade+1","Iron Wave+1"],"special_seed":0,"relics":["Burning Blood","Orichalcum","War Paint","Vajra","Thread and Needle","Sozu","Red Mask","Dream Catcher","Lantern","Orrery","Brimstone","CultistMask","Juzu Bracelet","Mark of the Bloom","Regal Pillow"],"potions_floor_usage":[],"damage_taken":[{"damage":5.0,"enemies":"Jaw Worm","floor":1.0,"turns":5.0},{"damage":6.0,"enemies":"Cultist","floor":3.0,"turns":6.0},{"damage":0.0,"enemies":"2 Louse","floor":5.0,"turns":2.0},{"damage":27.0,"enemies":"Lagavulin","floor":7.0,"turns":6.0},{"damage":2.0,"enemies":"Looter","floor":11.0,"turns":3.0},{"damage":0.0,"enemies":"2 Fungi Beasts","floor":12.0,"turns":3.0},{"damage":0.0,"enemies":"Exordium Wildlife","floor":13.0,"turns":2.0},{"damage":0.0,"enemies":"Slime Boss","floor":16.0,"turns":7.0},{"damage":0.0,"enemies":"Spheric Guardian","floor":18.0,"turns":3.0},{"damage":0.0,"enemies":"Chosen","floor":19.0,"turns":3.0},{"damage":14.0,"enemies":"Snake Plant","floor":21.0,"turns":3.0},{"damage":10.0,"enemies":"Masked Bandits","floor":22.0,"turns":3.0},{"damage":12.0,"enemies":"Snecko","floor":23.0,"turns":4.0},{"damage":0.0,"enemies":"Centurion and Healer","floor":25.0,"turns":3.0},{"damage":0.0,"enemies":"Sentry and Sphere","floor":27.0,"turns":3.0},{"damage":6.0,"enemies":"Book of Stabbing","floor":29.0,"turns":4.0},{"damage":17.0,"enemies":"Champ","floor":33.0,"turns":10.0},{"damage":17.0,"enemies":"3 Darklings","floor":35.0,"turns":4.0},{"damage":0.0,"enemies":"Orb Walker","floor":39.0,"turns":2.0},{"damage":0.0,"enemies":"Nemesis","floor":40.0,"turns":3.0},{"damage":70,"enemies":"Awakened One","floor":50,"turns":7}],"seed_played":"-8193555140436067716","potions_obtained":[{"floor":1.0,"key":"Explosive Potion"},{"floor":7.0,"key":"Fire Potion"},{"floor":12.0,"key":"Regen Potion"},{"floor":13.0,"key":"GamblersBrew"}],"is_trial":false,"path_per_floor":["M","?","M","?","M","R","E","R","T","R","M","M","M","$","R","B",null,"M","M","$","M","?","M","R","M","T","M","R","E","R","?","R","B",null,"M","$","?","?","M","E","R","?","T","R","?","R","?","$","R","B",null],"character_chosen":"IRONCLAD","items_purchased":["Thread and Needle","Brimstone"],"campfire_rested":2,"item_purchase_floors":[14,36],"current_hp_per_floor":[80,80,80,77,80,80,59,59,59,59,63,69,75,75,75,80,80,80,80,80,72,71,65,65,71,71,77,77,80,80,63,63,52,91,80,80,80,80,86,91,91,91,91,91,91,91,91,91,91,21],"gold":107,"neow_bonus":"HUNDRED_GOLD","is_prod":false,"is_daily":false,"chose_seed":false,"campfire_upgraded":9,"win_rate":0,"timestamp":1552044220,"path_taken":["M","?","?","?","M","R","E","R","T","R","M","M","M","$","R","BOSS","M","M","$","M","?","M","R","M","T","M","R","E","R","?","R","BOSS","M","$","?","?","?","E","R","?","T","R","?","R","?","?","R","BOSS"],"build_version":"2019-01-23","purchased_purges":2,"victory":true,"max_hp_per_floor":[80,80,80,80,80,80,80,80,80,80,80,80,80,80,80,80,80,80,80,80,80,83,83,83,83,83,83,83,86,86,91,91,91,91,91,91,91,91,91,91,91,91,91,91,91,91,91,91,91,91],"card_choices":[{"not_picked":["Sword Boomerang","Flex"],"picked":"Flame Barrier","floor":1.0},{"not_picked":["Wild Strike","Entrench"],"picked":"Sword Boomerang","floor":3.0},{"not_picked":["Body Slam","Perfected Strike"],"picked":"Twin Strike","floor":5.0},{"not_picked":["Pummel","Barricade"],"picked":"Thunderclap","floor":7.0},{"not_picked":["Clothesline","Pommel Strike"],"picked":"Whirlwind","floor":11.0},{"not_picked":["Armaments","Burning Pact"],"picked":"Battle Trance","floor":12.0},{"not_picked":["Cleave","Burning Pact"],"picked":"Headbutt","floor":13.0},{"not_picked":["Juggernaut","Brutality"],"picked":"Limit Break","floor":16.0},{"not_picked":["Metallicize+1","Headbutt"],"picked":"Seeing Red","floor":18.0},{"not_picked":["Headbutt","Havoc"],"picked":"Sword Boomerang","floor":19.0},{"not_picked":["Shrug It Off","Perfected Strike+1"],"picked":"Feed","floor":21.0},{"not_picked":["Wild Strike","Anger"],"picked":"Burning Pact","floor":23.0},{"not_picked":["Rampage","Ghostly Armor"],"picked":"Uppercut","floor":25.0},{"not_picked":["Power Through","Twin Strike","Havoc"],"picked":"SKIP","floor":27.0},{"not_picked":["Blood for Blood+1","Twin Strike","Warcry"],"picked":"SKIP","floor":29.0},{"not_picked":["Rampage","Warcry"],"picked":"True Grit+1","floor":34.0},{"not_picked":["Cleave","Metallicize+1"],"picked":"Heavy Blade+1","floor":34.0},{"not_picked":["Rupture+1","Shockwave"],"picked":"Headbutt","floor":34.0},{"not_picked":["Clothesline","Rupture+1"],"picked":"Pummel+1","floor":34.0},{"not_picked":["Dropkick","Reckless Charge"],"picked":"Spot Weakness","floor":35.0},{"not_picked":["Magnetism","Dark Shackles"],"picked":"Secret Weapon","floor":37.0},{"not_picked":["Thunderclap","Clash"],"picked":"Heavy Blade+1","floor":39.0},{"not_picked":["Flex+1","Dark Embrace","Sentinel"],"picked":"SKIP","floor":40.0},{"not_picked":["Uppercut","Body Slam"],"picked":"Iron Wave+1","floor":49.0}],"player_experience":996095,"relics_obtained":[{"floor":7.0,"key":"War Paint"},{"floor":9.0,"key":"Vajra"},{"floor":22.0,"key":"Red Mask"},{"floor":26.0,"key":"Dream Catcher"},{"floor":29.0,"key":"Lantern"},{"floor":40.0,"key":"Juzu Bracelet"},{"floor":43.0,"key":"Regal Pillow"}],"event_choices":[{"damage_healed":0.0,"max_hp_gain":0.0,"max_hp_loss":0.0,"gold_gain":0.0,"event_name":"Upgrade Shrine","player_choice":"Upgraded","floor":2.0,"gold_loss":0.0,"damage_taken":0.0,"cards_upgraded":["Flame Barrier"]},{"damage_healed":0.0,"max_hp_gain":0.0,"max_hp_loss":0.0,"gold_gain":0.0,"event_name":"Scrap Ooze","player_choice":"Success","floor":4.0,"gold_loss":0.0,"damage_taken":3.0,"relics_obtained":["Orichalcum"]},{"damage_healed":0.0,"max_hp_gain":0.0,"max_hp_loss":0.0,"gold_gain":0.0,"event_name":"Masked Bandits","player_choice":"Fought Bandits","floor":22.0,"gold_loss":0.0,"damage_taken":0.0},{"damage_healed":0.0,"max_hp_gain":5.0,"max_hp_loss":0.0,"gold_gain":0.0,"event_name":"Forgotten Altar","player_choice":"Shed Blood","floor":31.0,"gold_loss":0.0,"damage_taken":22.0},{"damage_healed":0.0,"max_hp_gain":0.0,"max_hp_loss":0.0,"gold_gain":0.0,"event_name":"SensoryStone","player_choice":"Memory 1","floor":37.0,"gold_loss":0.0,"damage_taken":0.0},{"damage_healed":0.0,"max_hp_gain":0.0,"max_hp_loss":0.0,"gold_gain":0.0,"event_name":"FaceTrader","player_choice":"Trade","floor":38.0,"gold_loss":0.0,"damage_taken":0.0,"relics_obtained":["CultistMask"]},{"damage_healed":0.0,"max_hp_gain":0.0,"max_hp_loss":0.0,"gold_gain":0.0,"event_name":"MindBloom","player_choice":"Upgrade","floor":42.0,"gold_loss":0.0,"damage_taken":0.0,"cards_upgraded":["Strike_R","Strike_R","Strike_R","Defend_R","Defend_R","Thunderclap","Headbutt","Seeing Red","Sword Boomerang","Feed","Headbutt","Spot Weakness"],"relics_obtained":["Mark of the Bloom"]},{"damage_healed":0.0,"max_hp_gain":0.0,"max_hp_loss":0.0,"gold_gain":0.0,"event_name":"Mysterious Sphere","player_choice":"Ignored","floor":45.0,"gold_loss":0.0,"damage_taken":0.0},{"cards_removed":["Strike_R"],"damage_healed":0.0,"max_hp_gain":0.0,"max_hp_loss":0.0,"gold_gain":0.0,"event_name":"Falling","player_choice":"Removed Attack","floor":47.0,"gold_loss":0.0,"damage_taken":0.0}],"is_beta":false,"boss_relics":[{"not_picked":["White Beast Statue","Runic Dome"],"picked":"Sozu"},{"not_picked":["Runic Pyramid","Snecko Eye"],"picked":"Orrery"}],"items_purged_floors":[20,36],"is_endless":false,"potions_floor_spawned":[1,7,12,13,18,27,29,33,40],"ascension_level":0}