{"gold_per_floor":[117,392,410,420,45,72,87,99,125,65],"floor_reached":10,"playtime":432,"items_purged":["Regret"],"score":133,"play_id":"be65bbda-09fc-4d7c-8c71-12b680b6256d","local_time":"20190225162455","is_ascension_mode":true,"campfire_choices":[],"neow_cost":"NONE","seed_source_timestamp":151007987307252,"circlet_count":0,"master_deck":["AscendersBane","Strike_R","Strike_R","Strike_R","Strike_R","Strike_R","Defend_R","Defend_R","Defend_R","Defend_R","Bash","Whirlwind","Feel No Pain","Hemokinesis","Twin Strike","Sword Boomerang","Iron Wave","Sentinel"],"special_seed":0,"relics":["Burning Blood","Frozen Egg 2","Potion Belt","Pen Nib"],"potions_floor_usage":[10],"damage_taken":[{"damage":2.0,"enemies":"Cultist","floor":1.0,"turns":4.0},{"damage":6.0,"enemies":"2 Louse","floor":3.0,"turns":3.0},{"damage":4.0,"enemies":"Small Slimes","floor":4.0,"turns":3.0},{"damage":53.0,"enemies":"Lagavulin","floor":6.0,"turns":8.0},{"damage":14.0,"enemies":"3 Louse","floor":7.0,"turns":2.0},{"damage":25.0,"enemies":"Lots of Slimes","floor":8.0,"turns":4.0},{"damage":18,"enemies":"Looter","floor":10,"turns":3}],"seed_played":"1589884451029091148","potions_obtained":[{"floor":1.0,"key":"Energy Potion"},{"floor":6.0,"key":"Dexterity Potion"},{"floor":8.0,"key":"Ancient Potion"}],"is_trial":false,"path_per_floor":["M","?","M","M","$","E","M","M","T","M"],"character_chosen":"IRONCLAD","items_purchased":["Twin Strike","Frozen Egg 2"],"campfire_rested":0,"item_purchase_floors":[5,5],"current_hp_per_floor":[79,79,79,81,81,34,26,7,7,0],"gold":65,"neow_bonus":"TEN_PERCENT_HP_BONUS","is_prod":false,"is_daily":false,"chose_seed":false,"campfire_upgraded":0,"win_rate":0,"timestamp":1551129895,"path_taken":["M","?","M","M","$","E","M","M","T","?"],"build_version":"2019-01-23","purchased_purges":1,"victory":false,"max_hp_per_floor":[82,82,82,82,82,82,82,82,82,82],"card_choices":[{"not_picked":["Body Slam","Armaments"],"picked":"Whirlwind","floor":1.0},{"not_picked":["Headbutt","Flex"],"picked":"Feel No Pain","floor":3.0},{"not_picked":["Iron Wave","Seeing Red"],"picked":"Hemokinesis","floor":4.0},{"not_picked":["Hemokinesis","Whirlwind"],"picked":"Sword Boomerang","floor":6.0},{"not_picked":["Body Slam","Carnage"],"picked":"Iron Wave","floor":7.0},{"not_picked":["Twin Strike","Perfected Strike"],"picked":"Sentinel","floor":8.0}],"player_experience":558470,"relics_obtained":[{"floor":6.0,"key":"Potion Belt"},{"floor":9.0,"key":"Pen Nib"}],"event_choices":[{"damage_healed":0.0,"max_hp_gain":0.0,"max_hp_loss":0.0,"gold_gain":275.0,"event_name":"Golden Shrine","player_choice":"Desecrate","floor":2.0,"gold_loss":0.0,"damage_taken":0.0,"cards_obtained":["Regret"]}],"is_beta":false,"boss_relics":[],"items_purged_floors":[5],"is_endless":false,"potions_floor_spawned":[1,6,8],"killed_by":"Looter","ascension_level":18}