{"path_per_floor":["M","$","?","?","M","E","R","M","T","E","?","?","$","M","R"],"character_chosen":"IRONCLAD","items_purchased":["Flex","Whirlwind","Blue Candle"],"gold_per_floor":[113,23,23,98,110,144,144,158,232,260,260,260,13,27,27,27],"floor_reached":16,"campfire_rested":1,"playtime":498,"current_hp_per_floor":[78,78,71,60,66,72,72,71,71,40,40,40,40,43,67,0],"items_purged":[],"gold":27,"score":213,"play_id":"39f97b2d-4ff3-44f3-a468-c1dfa9d7cd39","local_time":"20180327171041","is_prod":false,"is_daily":false,"is_ascension_mode":true,"campfire_upgraded":1,"timestamp":1522138241,"path_taken":["M","$","?","?","M","E","R","?","T","E","?","?","?","M","R","BOSS"],"build_version":"2018-03-22v2","purchased_purges":0,"victory":false,"master_deck":["Strike_R","Strike_R","Strike_R","Strike_R","Defend_R","Defend_R","Defend_R","Defend_R","Bash","AscendersBane","Battle Trance","Flex","Whirlwind+1","Flex+1","Corruption","Anger","Feed","Rage"],"max_hp_per_floor":[80,80,80,80,80,80,80,80,80,80,80,80,80,83,83,83],"relics":["Burning Blood","NeowsBlessing","Dodecahedron","Mercury Hourglass","Calipers","Blue Candle"],"card_choices":[{"not_picked":["Armaments","Wild Strike"],"picked":"Battle Trance","floor":1},{"not_picked":["Clash","Armaments"],"picked":"Flex","floor":5},{"not_picked":["Clash","Ghostly Armor"],"picked":"Corruption","floor":6},{"not_picked":["Blood for Blood","Headbutt"],"picked":"Anger","floor":8},{"not_picked":["Dropkick","Cleave"],"picked":"Feed","floor":10},{"not_picked":["Cleave","Spot Weakness"],"picked":"Rage","floor":14}],"player_experience":369018,"potions_floor_usage":[16],"damage_taken":[{"damage":0,"enemies":"2 Louse","floor":1,"turns":1},{"damage":0,"enemies":"Cultist","floor":5,"turns":1},{"damage":0,"enemies":"Gremlin Nob","floor":6,"turns":1},{"damage":7,"enemies":"Small Slimes","floor":8,"turns":3},{"damage":37,"enemies":"Lagavulin","floor":10,"turns":6},{"damage":6,"enemies":"Blue Slaver","floor":14,"turns":3},{"damage":71,"enemies":"Hexaghost","floor":16,"turns":9}],"event_choices":[{"event_name":"Golden Wing","player_choice":"Card Removal","floor":3,"damage_taken":0},{"event_name":"World of Goop","player_choice":"Gather Gold","floor":4,"damage_taken":0},{"event_name":"Living Wall","player_choice":"Grow","floor":11,"damage_taken":0},{"event_name":"Dead Adventurer","player_choice":"Searched \u00271\u0027 times","floor":12,"damage_taken":0}],"boss_relics":[],"potions_floor_spawned":[14],"seed_played":"1790440817466625565","killed_by":"Hexaghost","ascension_level":12,"is_trial":false}