{"gold_per_floor":[109,109,125,142,19,19,44,44,44,79,79,79,79,143,143,248,248,266,316,376,4,19,49,122,122,148,148,180,18,35,64,64,166,166,182,0,16,35,0,29,49,49,49,66,100,134,24,123,123,123,123,123,45,77,77],"floor_reached":56,"playtime":7338,"items_purged":[],"score":2024,"play_id":"75d84dd7-ebba-4c67-9ae0-089f70cf236f","local_time":"20181218123527","is_ascension_mode":true,"campfire_choices":[{"data":"Zap","floor":6,"key":"SMITH"},{"floor":8,"key":"REST"},{"floor":13,"key":"REST"},{"data":"Dualcast","floor":15,"key":"SMITH"},{"data":"Tempest","floor":25,"key":"SMITH"},{"data":"White Noise","floor":27,"key":"SMITH"},{"floor":32,"key":"REST"},{"floor":49,"key":"RECALL"},{"data":"Transmutation","floor":52,"key":"SMITH"}],"neow_cost":"TEN_PERCENT_HP_LOSS","seed_source_timestamp":254630985139189,"circlet_count":0,"master_deck":["AscendersBane","Zap+1","Dualcast+1","Conserve Battery","Conserve Battery","Self Repair","Ball Lightning","Tempest+1","Buffer+1","Reboot","Machine Learning+1","Turbo","Core Surge","Reboot","Genetic Algorithm","White Noise+1","Redo+1","Defragment+1","Finesse","Electrodynamics+1","Loop+1","BootSequence","Hologram+1","Glacier","Echo Form+1","Transmutation+1","Reboot","Chill","Turbo+1","All For One","Reinforced Body","Static Discharge+1","Hologram+1","White Noise","Chill"],"relics":["Cracked Core","Letter Opener","Question Card","Singing Bowl","Frozen Egg 2","SsserpentHead","Pandora\u0027s Box","Spirit Poop","Chemical X","Juzu Bracelet","Potion Belt","Centennial Puzzle","Oddly Smooth Stone","Regal Pillow","Sozu","Red Mask","StoneCalendar","Ancient Tea Set","Thread and Needle","Pantograph"],"potions_floor_usage":[10,16,16,23,23,55],"damage_taken":[{"damage":1,"enemies":"Cultist","floor":1,"turns":3},{"damage":7,"enemies":"Small Slimes","floor":3,"turns":3},{"damage":0,"enemies":"Jaw Worm","floor":4,"turns":4},{"damage":46,"enemies":"3 Sentries","floor":7,"turns":8},{"damage":32,"enemies":"Lagavulin","floor":10,"turns":6},{"damage":2,"enemies":"Red Slaver","floor":14,"turns":3},{"damage":20,"enemies":"The Guardian","floor":16,"turns":9},{"damage":7,"enemies":"2 Thieves","floor":18,"turns":3},{"damage":27,"enemies":"3 Byrds","floor":20,"turns":4},{"damage":0,"enemies":"Snecko","floor":22,"turns":3},{"damage":17,"enemies":"Slavers","floor":23,"turns":5},{"damage":0,"enemies":"Gremlin Leader","floor":28,"turns":4},{"damage":0,"enemies":"3 Cultists","floor":30,"turns":3},{"damage":21,"enemies":"Book of Stabbing","floor":31,"turns":4},{"damage":41,"enemies":"Collector","floor":33,"turns":6},{"damage":0,"enemies":"3 Shapes","floor":35,"turns":2},{"damage":1,"enemies":"3 Darklings","floor":37,"turns":3},{"damage":0,"enemies":"Spire Growth","floor":38,"turns":4},{"damage":0,"enemies":"Nemesis","floor":40,"turns":7},{"damage":5,"enemies":"Sphere and 2 Shapes","floor":41,"turns":5},{"damage":0,"enemies":"Transient","floor":44,"turns":5},{"damage":0,"enemies":"3 Darklings","floor":45,"turns":3},{"damage":0,"enemies":"Giant Head","floor":46,"turns":6},{"damage":9,"enemies":"2 Orb Walkers","floor":48,"turns":3},{"damage":34,"enemies":"Awakened One","floor":50,"turns":9},{"damage":51,"enemies":"Shield and Spear","floor":54,"turns":6},{"damage":42,"enemies":"The Heart","floor":55,"turns":10}],"seed_played":"5213804913431849334","potions_obtained":[{"floor":3,"key":"SteroidPotion"},{"floor":7,"key":"Energy Potion"},{"floor":14,"key":"LiquidBronze"},{"floor":16,"key":"AttackPotion"},{"floor":20,"key":"Dexterity Potion"},{"floor":22,"key":"SkillPotion"},{"floor":30,"key":"FearPotion"},{"floor":33,"key":"SteroidPotion"}],"is_trial":false,"path_per_floor":["M","$","M","M","$","R","E","R","T","E","?","?","R","M","R","B",null,"M","?","M","$","M","E","T","R","T","R","E","$","M","E","R","B",null,"M","$","M","M","?","E","M","$","T","M","M","E","$","?","R","B",null,"R","$","E","B",null],"character_chosen":"DEFECT","items_purchased":["Self Repair","Ball Lightning","Defragment+1","Chemical X","Finesse","Loop+1","BootSequence","Swift Potion","Transmutation","Reinforced Body","Static Discharge+1","White Noise"],"campfire_rested":3,"item_purchase_floors":[5,5,21,21,21,29,29,29,36,47,47,53],"current_hp_per_floor":[67,67,60,60,60,60,21,41,41,18,18,18,39,39,39,26,61,61,61,41,41,43,35,35,35,35,35,42,42,42,28,65,31,65,74,74,80,80,80,80,80,80,80,82,82,84,84,82,82,55,77,77,77,40,33],"gold":77,"neow_bonus":"REMOVE_TWO","is_prod":false,"is_daily":false,"chose_seed":false,"campfire_upgraded":5,"win_rate":0,"timestamp":1545132927,"path_taken":["M","?","M","M","$","R","E","R","T","E","?","?","R","?","R","BOSS","M","?","?","$","M","E","?","R","T","R","E","$","M","E","R","BOSS","M","$","M","M","?","E","M","$","T","M","M","E","$","?","R","BOSS","R","$","E","BOSS"],"build_version":"2018-12-17","purchased_purges":0,"victory":true,"max_hp_per_floor":[68,68,68,68,68,68,68,68,68,70,70,70,70,72,72,72,72,72,72,72,72,74,76,76,76,76,76,76,76,76,76,76,76,76,78,78,80,80,80,80,80,80,80,82,82,84,84,84,84,84,84,84,84,84,84],"card_choices":[{"not_picked":["Rebound","Streamline"],"picked":"Conserve Battery","floor":1},{"not_picked":["Scrape","Turbo"],"picked":"Conserve Battery","floor":3},{"not_picked":["Gash","Leap","Heatsinks"],"picked":"SKIP","floor":4},{"not_picked":["Conserve Battery","Stack"],"picked":"Tempest","floor":7},{"not_picked":["Amplify","Chaos","Conserve Battery","Sunder"],"picked":"Singing Bowl","floor":10},{"not_picked":["Undo","Sunder","Reinforced Body","Rebound"],"picked":"Singing Bowl","floor":14},{"not_picked":["Hyperbeam","Core Surge","Seek"],"picked":"Buffer+1","floor":16},{"not_picked":["Leap","Sunder","Barrage"],"picked":"White Noise","floor":18},{"not_picked":["Genetic Algorithm","Beam Cell","Rebound"],"picked":"Redo+1","floor":20},{"not_picked":["Steam","Turbo","Redo","Streamline+1"],"picked":"Singing Bowl","floor":22},{"not_picked":["Gash","Sweeping Beam+1","Doom and Gloom","Sunder"],"picked":"Singing Bowl","floor":23},{"not_picked":["Go for the Eyes","Melter","Coolheaded+1"],"picked":"Electrodynamics+1","floor":28},{"not_picked":["Reprogram","Turbo","Compile Driver+1"],"picked":"Hologram+1","floor":30},{"not_picked":["Sweeping Beam+1","Scrape","Compile Driver"],"picked":"Glacier","floor":31},{"not_picked":["Meteor Strike","Seek","Buffer+1"],"picked":"Echo Form+1","floor":33},{"not_picked":["Reprogram","Cold Snap","Stack","Lockon"],"picked":"Singing Bowl","floor":35},{"not_picked":["Scrape","Blizzard","Sweeping Beam+1","Cold Snap"],"picked":"Singing Bowl","floor":37},{"not_picked":["Ball Lightning+1","Turbo","Steam+1"],"picked":"Reboot","floor":38},{"not_picked":["Barrage","Steam Power","Cold Snap"],"picked":"Chill","floor":40},{"not_picked":["Go for the Eyes+1","Rebound","Steam+1"],"picked":"Turbo+1","floor":41},{"not_picked":["Barrage","Ball Lightning","Fusion","Hologram"],"picked":"Singing Bowl","floor":44},{"not_picked":["Consume","Ball Lightning","Reinforced Body"],"picked":"All For One","floor":45},{"not_picked":["Force Field","Streamline","Ball Lightning+1","Beam Cell"],"picked":"Singing Bowl","floor":46},{"not_picked":["Doom and Gloom","Gash","Thunder Strike"],"picked":"Hologram+1","floor":48},{"not_picked":["Coolheaded","Fusion+1","Compile Driver"],"picked":"Chill","floor":54}],"player_experience":604293,"relics_obtained":[{"floor":7,"key":"Letter Opener"},{"floor":9,"key":"Question Card"},{"floor":10,"key":"Singing Bowl"},{"floor":23,"key":"Juzu Bracelet"},{"floor":24,"key":"Potion Belt"},{"floor":26,"key":"Centennial Puzzle"},{"floor":28,"key":"Oddly Smooth Stone"},{"floor":31,"key":"Regal Pillow"},{"floor":40,"key":"StoneCalendar"},{"floor":46,"key":"Ancient Tea Set"},{"floor":48,"key":"Thread and Needle"},{"floor":54,"key":"Pantograph"}],"event_choices":[{"damage_healed":0,"gold_gain":0,"player_choice":"Box","damage_taken":0,"relics_obtained":["Frozen Egg 2"],"max_hp_gain":0,"max_hp_loss":0,"event_name":"Big Fish","floor":11,"gold_loss":0,"cards_obtained":["Regret"]},{"damage_healed":0,"gold_gain":0,"player_choice":"Trade","damage_taken":0,"relics_obtained":["SsserpentHead"],"max_hp_gain":0,"max_hp_loss":0,"event_name":"FaceTrader","floor":12,"gold_loss":0},{"cards_removed":["Regret"],"damage_healed":0,"gold_gain":0,"player_choice":"Offered Curse","damage_taken":0,"relics_obtained":["Spirit Poop"],"max_hp_gain":0,"max_hp_loss":0,"event_name":"Bonfire Elementals","floor":19,"gold_loss":0},{"damage_healed":0,"gold_gain":0,"player_choice":"Paid","damage_taken":0,"relics_obtained":["Red Mask"],"max_hp_gain":0,"max_hp_loss":0,"event_name":"Tomb of Lord Red Mask","floor":39,"gold_loss":85},{"damage_healed":0,"gold_gain":0,"player_choice":"Fight","damage_taken":0,"max_hp_gain":0,"max_hp_loss":0,"event_name":"Mysterious Sphere","floor":48,"gold_loss":0}],"is_beta":true,"boss_relics":[{"not_picked":["Lizard Tail","Orrery"],"picked":"Pandora\u0027s Box"},{"not_picked":["Astrolabe","Philosopher\u0027s Stone"],"picked":"Sozu"}],"items_purged_floors":[],"is_endless":false,"potions_floor_spawned":[3,7,14,16,20,22,30,33,37,41,45,48,54],"ascension_level":12}