{"gold_per_floor":[113,38,53,65,65,94,94,123,123,457,474,20,49,64,64,162,162,174,174],"floor_reached":19,"playtime":1126,"items_purged":["Strike_R","Strike_R"],"score":233,"play_id":"7cea80fe-d858-428c-93ca-81c01c4d6e10","local_time":"20190131103055","is_ascension_mode":true,"campfire_choices":[{"floor":15,"key":"REST"}],"neow_cost":"NONE","seed_source_timestamp":556220337506207,"circlet_count":0,"master_deck":["Strike_R","Strike_R","Defend_R","Defend_R","Defend_R","Defend_R","Bash","Thunderclap","Pommel Strike","Shrug It Off","Metallicize","Uppercut","Metallicize","Flex","Whirlwind","Metallicize","Flame Barrier","Pommel Strike","Double Tap","Thunderclap"],"relics":["Burning Blood","Charon\u0027s Ashes","Du-Vu Doll","Dream Catcher","Ice Cream","Old Coin","HandDrill","Self Forming Clay","Black Star"],"potions_floor_usage":[6,6],"damage_taken":[{"damage":6,"enemies":"Cultist","floor":1,"turns":3},{"damage":0,"enemies":"Small Slimes","floor":3,"turns":3},{"damage":9,"enemies":"2 Louse","floor":4,"turns":3},{"damage":22,"enemies":"3 Sentries","floor":6,"turns":9},{"damage":23,"enemies":"Gremlin Nob","floor":8,"turns":5},{"damage":26,"enemies":"3 Sentries","floor":10,"turns":7},{"damage":5,"enemies":"Red Slaver","floor":11,"turns":6},{"damage":0,"enemies":"Lagavulin","floor":13,"turns":7},{"damage":6,"enemies":"3 Louse","floor":14,"turns":4},{"damage":31,"enemies":"The Guardian","floor":16,"turns":15},{"damage":29,"enemies":"3 Byrds","floor":18,"turns":6},{"damage":0,"enemies":"Shell Parasite","floor":19,"turns":1}],"seed_played":"-3513081601763355259","potions_obtained":[{"floor":3,"key":"EssenceOfSteel"},{"floor":4,"key":"Swift Potion"},{"floor":10,"key":"Ancient Potion"},{"floor":11,"key":"SpeedPotion"},{"floor":14,"key":"Dexterity Potion"},{"floor":18,"key":"Strength Potion"}],"is_trial":false,"path_per_floor":["M","$","M","M","?","E","?","E","T","E","M","$","E","M","R","B",null,"M","M"],"character_chosen":"IRONCLAD","items_purchased":["Whirlwind","HandDrill","Metallicize"],"campfire_rested":1,"item_purchase_floors":[12,12,12],"current_hp_per_floor":[88,88,88,85,82,66,59,42,42,22,23,23,29,29,55,30,88,65,65],"gold":174,"neow_bonus":"TEN_PERCENT_HP_BONUS","is_prod":false,"is_daily":false,"chose_seed":false,"campfire_upgraded":0,"win_rate":0,"timestamp":1548919855,"path_taken":["M","?","?","M","?","E","?","E","T","E","M","$","E","M","R","BOSS","M","M"],"build_version":"2019-01-23","purchased_purges":2,"victory":false,"max_hp_per_floor":[88,88,88,88,88,88,88,88,88,88,88,88,88,88,88,88,88,88,88],"card_choices":[{"not_picked":["Infernal Blade","Feel No Pain"],"picked":"Thunderclap","floor":1},{"not_picked":["Power Through","Heavy Blade"],"picked":"Pommel Strike","floor":3},{"not_picked":["Twin Strike","Metallicize"],"picked":"Shrug It Off","floor":4},{"not_picked":["Pommel Strike","Body Slam"],"picked":"Metallicize","floor":6},{"not_picked":["Anger","Ghostly Armor"],"picked":"Uppercut","floor":8},{"not_picked":["Offering","Carnage"],"picked":"Metallicize","floor":10},{"not_picked":["Fire Breathing","Thunderclap"],"picked":"Flex","floor":11},{"not_picked":["Wild Strike","Clothesline"],"picked":"Flame Barrier","floor":13},{"not_picked":["Anger","Sword Boomerang","Feel No Pain"],"picked":"SKIP","floor":14},{"not_picked":["Twin Strike","True Grit"],"picked":"Pommel Strike","floor":15},{"not_picked":["Dark Embrace","Immolate"],"picked":"Double Tap","floor":16},{"not_picked":["Anger","Hemokinesis"],"picked":"Thunderclap","floor":18}],"player_experience":222946,"relics_obtained":[{"floor":6,"key":"Du-Vu Doll"},{"floor":8,"key":"Dream Catcher"},{"floor":9,"key":"Ice Cream"},{"floor":10,"key":"Old Coin"},{"floor":13,"key":"Self Forming Clay"}],"event_choices":[{"damage_healed":0,"gold_gain":0,"player_choice":"Success","damage_taken":3,"relics_obtained":["Charon\u0027s Ashes"],"max_hp_gain":0,"max_hp_loss":0,"event_name":"Scrap Ooze","floor":5,"gold_loss":0},{"cards_removed":["Strike_R"],"damage_healed":0,"gold_gain":0,"player_choice":"Card Removal","damage_taken":7,"max_hp_gain":0,"max_hp_loss":0,"event_name":"Golden Wing","floor":7,"gold_loss":0}],"is_beta":false,"boss_relics":[{"not_picked":["Velvet Choker","Astrolabe"],"picked":"Black Star"}],"items_purged_floors":[2,12],"is_endless":false,"potions_floor_spawned":[3,4,10,11,14,18],"killed_by":"Shell Parasite","ascension_level":1}