{"gold_per_floor":[362,382,382,392,357,357,116,163,186,203,203,220,220,246,246,361,361,375,300,312,312,312,312,340,340,340,360,388,388,179,198,198,295,295,311,48,95,95,115,115,115,2,52,72,72,92,92,111,111,111],"floor_reached":50,"playtime":5074,"items_purged":[],"score":538,"play_id":"285d6b58-fccd-411a-a832-94f47e9a5c79","local_time":"20190206234731","is_ascension_mode":false,"campfire_choices":[{"data":"Poisoned Stab","floor":6.0,"key":"SMITH"},{"floor":11.0,"key":"REST"},{"floor":13.0,"key":"REST"},{"data":"Noxious Fumes","floor":15.0,"key":"SMITH"},{"floor":23.0,"key":"REST"},{"floor":29.0,"key":"REST"},{"floor":32.0,"key":"REST"},{"floor":40,"key":"REST"},{"floor":45,"key":"REST"},{"floor":47,"key":"REST"},{"data":"Noxious Fumes","floor":49,"key":"SMITH"}],"neow_cost":"CURSE","seed_source_timestamp":0,"circlet_count":0,"master_deck":["Defend_G+1","Defend_G+1","Defend_G+1","Defend_G+1","Defend_G+1","Strike_G+1","Strike_G+1","Strike_G+1","Strike_G+1","Survivor","Neutralize","Backflip","Poisoned Stab+1","Deflect","Magnetism","Footwork","After Image","Bouncing Flask","Bane","Poisoned Stab","Escape Plan","Noxious Fumes+1","Backflip","Catalyst","Poisoned Stab","Envenom","Escape Plan","Crippling Poison","Leg Sweep","Finesse","Footwork","Dash","Noxious Fumes","After Image","Leg Sweep+1","Sadistic Nature+1","Well Laid Plans","Blur","Noxious Fumes+1","Parasite"],"special_seed":0,"relics":["Ring of the Snake","Blood Vial","Dream Catcher","Prayer Wheel","Philosopher\u0027s Stone","Sundial","Pantograph","Anchor","Matryoshka","Black Star","Ice Cream","Potion Belt","Ancient Tea Set"],"potions_floor_usage":[37,44,46,50],"damage_taken":[{"damage":1.0,"enemies":"Jaw Worm","floor":1.0,"turns":6.0},{"damage":0.0,"enemies":"2 Louse","floor":2.0,"turns":3.0},{"damage":0.0,"enemies":"Small Slimes","floor":4.0,"turns":4.0},{"damage":52.0,"enemies":"Gremlin Nob","floor":8.0,"turns":7.0},{"damage":0.0,"enemies":"Blue Slaver","floor":10.0,"turns":4.0},{"damage":12.0,"enemies":"Large Slime","floor":12.0,"turns":7.0},{"damage":7.0,"enemies":"3 Sentries","floor":14.0,"turns":8.0},{"damage":36.0,"enemies":"Slime Boss","floor":16.0,"turns":9.0},{"damage":16.0,"enemies":"2 Thieves","floor":18.0,"turns":5.0},{"damage":2.0,"enemies":"Shell Parasite","floor":20.0,"turns":6.0},{"damage":17.0,"enemies":"Book of Stabbing","floor":24.0,"turns":7.0},{"damage":8.0,"enemies":"Centurion and Healer","floor":27.0,"turns":7.0},{"damage":32.0,"enemies":"Gremlin Leader","floor":28.0,"turns":7.0},{"damage":11.0,"enemies":"3 Cultists","floor":31.0,"turns":5.0},{"damage":44.0,"enemies":"Collector","floor":33.0,"turns":8.0},{"damage":20.0,"enemies":"3 Darklings","floor":35.0,"turns":6.0},{"damage":54,"enemies":"2 Orb Walkers","floor":37,"turns":8},{"damage":0,"enemies":"Orb Walker","floor":39,"turns":5},{"damage":13,"enemies":"Sphere and 2 Shapes","floor":44,"turns":6},{"damage":4,"enemies":"Writhing Mass","floor":46,"turns":6},{"damage":11,"enemies":"Maw","floor":48,"turns":8},{"damage":81,"enemies":"Awakened One","floor":50,"turns":6}],"seed_played":"8988341273273770617","potions_obtained":[{"floor":4.0,"key":"SpeedPotion"},{"floor":10.0,"key":"Strength Potion"},{"floor":14.0,"key":"Explosive Potion"},{"floor":24.0,"key":"GamblersBrew"},{"floor":27.0,"key":"Strength Potion"},{"floor":31.0,"key":"Weak Potion"},{"floor":35,"key":"LiquidBronze"},{"floor":39,"key":"Swift Potion"},{"floor":44,"key":"PowerPotion"}],"is_trial":false,"path_per_floor":["M","M","?","M","?","R","$","E","T","M","R","M","R","E","R","B",null,"M","?","M","?","?","R","E","T","T","M","E","R","$","M","R","B",null,"M","$","?","?","M","R","?","$","T","M","R","M","R","M","R","B"],"character_chosen":"THE_SILENT","items_purchased":["Magnetism","Footwork","Leg Sweep","Finesse","Footwork","Sadistic Nature","Well Laid Plans","Regen Potion","Blur"],"campfire_rested":8,"item_purchase_floors":[7,7,30,30,30,36,36,42,42],"current_hp_per_floor":[69,69,55,55,70,70,70,18,18,20,41,31,52,47,47,13,70,54,54,54,41,41,63,48,48,48,42,12,34,34,25,47,30,75,55,55,3,3,5,27,27,27,27,31,53,51,73,64,64,0],"gold":111,"neow_bonus":"TWO_FIFTY_GOLD","is_prod":false,"is_daily":false,"chose_seed":false,"campfire_upgraded":3,"win_rate":0.0,"timestamp":1549504051,"path_taken":["M","M","?","M","?","R","$","E","T","M","R","M","R","E","R","BOSS","M","?","M","?","?","R","E","?","T","?","E","R","?","M","R","BOSS","M","$","?","?","?","R","?","$","T","M","R","M","R","M","R","BOSS"],"build_version":"2019-01-23","purchased_purges":0,"victory":false,"max_hp_per_floor":[70,70,70,70,70,70,70,70,70,70,70,70,70,70,70,70,70,70,70,70,75,75,75,75,75,75,75,75,75,75,75,75,75,75,75,75,75,75,75,75,75,75,75,75,75,75,75,75,75,75],"card_choices":[{"not_picked":["PiercingWail","Calculated Gamble"],"picked":"Backflip","floor":1.0},{"not_picked":["Skewer","Slice"],"picked":"Poisoned Stab","floor":2.0},{"not_picked":["Acrobatics","Endless Agony"],"picked":"Deflect","floor":4.0},{"not_picked":["Eviscerate","Backstab"],"picked":"After Image","floor":8.0},{"not_picked":["Deflect","Outmaneuver"],"picked":"Bouncing Flask","floor":10.0},{"not_picked":["Eviscerate","Flying Knee"],"picked":"Bane","floor":11.0},{"not_picked":["PiercingWail","Slice"],"picked":"Poisoned Stab","floor":12.0},{"not_picked":["PiercingWail","Distraction"],"picked":"Escape Plan","floor":13.0},{"not_picked":["Corpse Explosion","Blur"],"picked":"Noxious Fumes","floor":14.0},{"not_picked":["Reflex","Dagger Spray"],"picked":"Backflip","floor":18.0},{"not_picked":["Accuracy","Dagger Throw","Blur"],"picked":"SKIP","floor":18.0},{"not_picked":["Skewer","Sucker Punch"],"picked":"Catalyst","floor":20.0},{"not_picked":["Expertise","Backflip"],"picked":"Poisoned Stab","floor":20.0},{"not_picked":["Reflex","Dagger Spray","Sucker Punch"],"picked":"SKIP","floor":24.0},{"not_picked":["Outmaneuver","Backstab+1"],"picked":"Envenom","floor":27.0},{"not_picked":["Backflip","Distraction"],"picked":"Escape Plan","floor":27.0},{"not_picked":["Underhanded Strike","Cloak And Dagger+1","Prepared"],"picked":"SKIP","floor":28.0},{"not_picked":["Distraction","Outmaneuver+1"],"picked":"Crippling Poison","floor":29.0},{"not_picked":["Deadly Poison","Cloak And Dagger"],"picked":"Dash","floor":31.0},{"not_picked":["Deadly Poison","Prepared+1","Unload"],"picked":"SKIP","floor":31.0},{"not_picked":["Acrobatics","Deadly Poison"],"picked":"Noxious Fumes","floor":32.0},{"not_picked":["A Thousand Cuts","Unload"],"picked":"After Image","floor":33.0},{"not_picked":["Heel Hook+1","Dodge and Roll+1"],"picked":"Leg Sweep+1","floor":35},{"not_picked":["Backflip+1","Underhanded Strike","Heel Hook"],"picked":"SKIP","floor":35},{"not_picked":["Adrenaline","Backflip","Dodge and Roll+1"],"picked":"SKIP","floor":39},{"not_picked":["Dagger Spray","All Out Attack+1","Cloak And Dagger"],"picked":"SKIP","floor":39},{"not_picked":["Prepared+1","Flying Knee+1"],"picked":"Noxious Fumes","floor":44},{"not_picked":["Dagger Throw","Flechettes","Backflip"],"picked":"SKIP","floor":44},{"not_picked":["Flying Knee","Calculated Gamble","Backstab+1"],"picked":"SKIP","floor":46},{"not_picked":["Dodge and Roll","Tools of the Trade","Reflex+1"],"picked":"SKIP","floor":46},{"not_picked":["Outmaneuver","Deflect+1","Heel Hook"],"picked":"SKIP","floor":48},{"not_picked":["Dash","Calculated Gamble+1","Wraith Form v2"],"picked":"SKIP","floor":48}],"player_experience":70388,"relics_obtained":[{"floor":8.0,"key":"Blood Vial"},{"floor":9.0,"key":"Dream Catcher"},{"floor":14.0,"key":"Prayer Wheel"},{"floor":24.0,"key":"Sundial"},{"floor":25.0,"key":"Pantograph"},{"floor":26.0,"key":"Anchor"},{"floor":28.0,"key":"Matryoshka"},{"floor":37,"key":"Ice Cream"},{"floor":43,"key":"Potion Belt"},{"floor":43,"key":"Ancient Tea Set"}],"event_choices":[{"damage_healed":0.0,"max_hp_gain":0.0,"max_hp_loss":0.0,"gold_gain":0.0,"event_name":"Shining Light","player_choice":"Entered Light","floor":3.0,"gold_loss":0.0,"damage_taken":14.0,"cards_upgraded":["Defend_G","Defend_G"]},{"damage_healed":17.0,"max_hp_gain":0.0,"max_hp_loss":0.0,"gold_gain":0.0,"event_name":"The Cleric","player_choice":"Healed","floor":5.0,"gold_loss":35.0,"damage_taken":0.0},{"cards_removed":["Strike_G"],"damage_healed":0.0,"max_hp_gain":0.0,"max_hp_loss":0.0,"gold_gain":0.0,"event_name":"Beggar","player_choice":"Gave Gold","floor":19.0,"gold_loss":75.0,"damage_taken":0.0},{"damage_healed":0.0,"max_hp_gain":5.0,"max_hp_loss":0.0,"gold_gain":0.0,"event_name":"Forgotten Altar","player_choice":"Shed Blood","floor":21.0,"gold_loss":0.0,"damage_taken":18.0},{"damage_healed":0.0,"max_hp_gain":0.0,"max_hp_loss":0.0,"gold_gain":0.0,"event_name":"Back to Basics","player_choice":"Simplicity","floor":22.0,"gold_loss":0.0,"damage_taken":0.0,"cards_upgraded":["Defend_G","Defend_G","Defend_G","Strike_G","Strike_G","Strike_G","Strike_G"]},{"damage_healed":0,"gold_gain":0,"player_choice":"Fight","damage_taken":0,"max_hp_gain":0,"max_hp_loss":0,"event_name":"Mysterious Sphere","floor":37,"gold_loss":0},{"damage_healed":0,"gold_gain":0,"player_choice":"Forge","damage_taken":0,"max_hp_gain":0,"max_hp_loss":0,"event_name":"Accursed Blacksmith","floor":38,"gold_loss":0,"cards_upgraded":["Sadistic Nature"]},{"cards_removed":["Clumsy"],"damage_healed":0,"gold_gain":0,"player_choice":"Removed Curses","damage_taken":0,"max_hp_gain":0,"max_hp_loss":0,"event_name":"Fountain of Cleansing","floor":41,"gold_loss":0}],"is_beta":false,"boss_relics":[{"not_picked":["Runic Pyramid","HoveringKite"],"picked":"Philosopher\u0027s Stone"},{"not_picked":["White Beast Statue","Velvet Choker"],"picked":"Black Star"}],"items_purged_floors":[],"is_endless":false,"potions_floor_spawned":[4,10,14,24,27,31,35,39,44],"killed_by":"Awakened One","ascension_level":0}