{"gold_per_floor":[112,112,112,40,55,91,91,114,114,114,129,129,129,150,150,269,269,288,7,7,7,20,20,45,68,95,95,95],"floor_reached":28,"playtime":959,"items_purged":[],"score":304,"play_id":"099c418e-2944-4fb7-b789-3d4021f9391e","local_time":"20180916123938","is_ascension_mode":true,"campfire_choices":[{"data":"Defragment","floor":7,"key":"SMITH"},{"data":"Chaos","floor":10,"key":"SMITH"},{"floor":12,"key":"REST"},{"data":"Zap","floor":15,"key":"SMITH"},{"data":"Capacitor","floor":23,"key":"SMITH"},{"floor":27,"key":"REST"}],"neow_cost":"NONE","seed_source_timestamp":152420029404307,"circlet_count":0,"master_deck":["Strike_B+1","Strike_B+1","Defend_B","Defend_B","Defend_B","Defend_B+1","Zap+1","Dualcast+1","Coolheaded","Skim","Defragment+1","Chaos+1","Reprogram","Darkness","Electrodynamics","Redo+1","Defragment","Conserve Battery","Capacitor+1","Capacitor","Hologram","Self Repair+1"],"relics":["Cracked Core","NeowsBlessing","Golden Idol","Sundial","Bronze Scales","Mercury Hourglass","Nuclear Battery","War Paint","Dream Catcher"],"potions_floor_usage":[],"damage_taken":[{"damage":0,"enemies":"Jaw Worm","floor":1,"turns":1},{"damage":0,"enemies":"2 Louse","floor":5,"turns":1},{"damage":0,"enemies":"Gremlin Nob","floor":6,"turns":1},{"damage":3,"enemies":"Small Slimes","floor":8,"turns":3},{"damage":2,"enemies":"Looter","floor":11,"turns":3},{"damage":8,"enemies":"Exordium Thugs","floor":14,"turns":4},{"damage":15,"enemies":"Hexaghost","floor":16,"turns":8},{"damage":16,"enemies":"2 Thieves","floor":18,"turns":3},{"damage":1,"enemies":"Shell Parasite","floor":22,"turns":4},{"damage":13,"enemies":"Chosen and Byrds","floor":24,"turns":3},{"damage":15,"enemies":"Snake Plant","floor":25,"turns":3},{"damage":46,"enemies":"Book of Stabbing","floor":28,"turns":4}],"seed_played":"3382564179148057969","potions_obtained":[{"floor":14,"key":"SteroidPotion"},{"floor":25,"key":"SteroidPotion"}],"is_trial":false,"path_per_floor":["M","?","?","?","M","E","R","M","T","R","M","R","?","M","R","B",null,"M","$","?","?","M","R","M","M","T","R"],"character_chosen":"DEFECT","items_purchased":["Defragment","War Paint","Conserve Battery"],"campfire_rested":2,"item_purchase_floors":[19,19,19],"current_hp_per_floor":[75,60,42,42,42,42,42,39,39,39,37,59,52,44,44,29,64,48,48,48,48,47,47,34,19,19,41,0],"gold":95,"neow_bonus":"THREE_ENEMY_KILL","is_prod":false,"is_daily":false,"chose_seed":false,"campfire_upgraded":4,"win_rate":0,"timestamp":1537115978,"path_taken":["M","?","?","?","M","E","R","M","T","R","M","R","?","?","R","BOSS","M","$","?","?","M","R","M","?","T","R","E"],"build_version":"2018-09-06","purchased_purges":0,"victory":false,"max_hp_per_floor":[75,75,75,75,75,75,75,75,75,75,75,75,75,75,75,75,75,75,75,75,75,75,75,75,75,75,75,75],"card_choices":[{"not_picked":["Rebound","Streamline"],"picked":"Coolheaded","floor":1},{"not_picked":["Streamline","Stack"],"picked":"Skim","floor":5},{"not_picked":["Turbo","Streamline"],"picked":"Defragment","floor":6},{"not_picked":["Cold Snap","Rip and Tear"],"picked":"Chaos","floor":8},{"not_picked":["Go for the Eyes","Beam Cell"],"picked":"Reprogram","floor":11},{"not_picked":["Gash","Buffer"],"picked":"Darkness","floor":14},{"not_picked":["Fission","Amplify"],"picked":"Electrodynamics","floor":16},{"not_picked":["Stack","Heatsinks+1"],"picked":"Redo+1","floor":18},{"not_picked":["Coolheaded","Gash"],"picked":"Capacitor","floor":22},{"not_picked":["White Noise","Rebound"],"picked":"Capacitor","floor":24},{"not_picked":["Stack","Streamline"],"picked":"Hologram","floor":25},{"not_picked":["BootSequence","Genetic Algorithm+1"],"picked":"Self Repair+1","floor":27}],"player_experience":189298,"relics_obtained":[{"floor":6,"key":"Bronze Scales"},{"floor":9,"key":"Mercury Hourglass"},{"floor":26,"key":"Dream Catcher"}],"event_choices":[{"event_name":"Shining Light","player_choice":"Entered Light","floor":2,"damage_taken":0},{"event_name":"Golden Idol","player_choice":"Take Damage","floor":3,"damage_taken":0},{"event_name":"WeMeetAgain","player_choice":"Gold","floor":4,"damage_taken":0},{"event_name":"Golden Wing","player_choice":"Card Removal","floor":13,"damage_taken":0},{"event_name":"Beggar","player_choice":"Ignored","floor":20,"damage_taken":0},{"event_name":"Purifier","player_choice":"One Purge","floor":21,"damage_taken":0}],"is_beta":false,"boss_relics":[{"not_picked":["Runic Pyramid","Fusion Hammer"],"picked":"Nuclear Battery"}],"items_purged_floors":[],"is_endless":false,"potions_floor_spawned":[14,25],"killed_by":"Book of Stabbing","ascension_level":5}