{"path_per_floor":["M","?","?","M","?","M","M","R","T","R","?","?","$","?","R","B",null,"M","M","?","M"],"character_chosen":"DEFECT","items_purchased":["Rainbow"],"gold_per_floor":[111,111,111,134,134,152,177,177,228,228,228,228,161,161,161,285,285,304,318,318,341,341],"floor_reached":22,"campfire_rested":1,"playtime":890,"current_hp_per_floor":[72,72,54,54,54,49,40,75,75,75,75,68,68,68,68,59,75,64,59,59,15,0],"items_purged":[],"gold":341,"score":174,"play_id":"36cafb14-50e6-4843-b809-380af0250182","local_time":"20180428084057","is_prod":false,"is_daily":false,"chose_seed":false,"is_ascension_mode":false,"campfire_upgraded":2,"timestamp":1524868857,"path_taken":["M","?","?","M","?","M","?","R","T","R","?","?","$","?","R","BOSS","M","?","?","M","M"],"build_version":"2018-04-26v2","seed_source_timestamp":0,"purchased_purges":0,"victory":false,"master_deck":["Strike_B+1","Strike_B+1","Strike_B+1","Strike_B+1","Defend_B+1","Defend_B+1","Defend_B+1","Zap","Dualcast+1","Cold Snap","Axe Kick","Static Discharge+1","Ball Lightning","Rainbow+1","Fusion","Ball Lightning+1","Buffer","Doom and Gloom+1"],"max_hp_per_floor":[75,75,75,75,75,75,75,75,75,75,75,75,75,75,75,75,75,75,75,75,75,75],"relics":["Cracked Core","Golden Idol","Regal Pillow","Orichalcum","Inserter"],"card_choices":[{"not_picked":["Sweeping Beam","Ball Lightning"],"picked":"Cold Snap","floor":1},{"not_picked":["Hologram","Go for the Eyes"],"picked":"Axe Kick","floor":4},{"not_picked":["Skim","Sweeping Beam"],"picked":"Static Discharge","floor":6},{"not_picked":["Hello World","Aggregate"],"picked":"Ball Lightning","floor":7},{"not_picked":["Machine Learning","Multi-Cast"],"picked":"Fusion","floor":16},{"not_picked":["Coolheaded","Hello World"],"picked":"Ball Lightning","floor":18},{"not_picked":["Skim","Stack"],"picked":"Buffer","floor":19},{"not_picked":["Go for the Eyes","Capacitor"],"picked":"Doom and Gloom","floor":21}],"player_experience":149239,"potions_floor_usage":[16,16,18,19,22],"damage_taken":[{"damage":3,"enemies":"Small Slimes","floor":1,"turns":4},{"damage":0,"enemies":"Cultist","floor":4,"turns":3},{"damage":5,"enemies":"2 Louse","floor":6,"turns":3},{"damage":9,"enemies":"Blue Slaver","floor":7,"turns":3},{"damage":9,"enemies":"Slime Boss","floor":16,"turns":9},{"damage":11,"enemies":"Spheric Guardian","floor":18,"turns":3},{"damage":5,"enemies":"Shell Parasite","floor":19,"turns":4},{"damage":44,"enemies":"Cultist and Chosen","floor":21,"turns":5},{"damage":17,"enemies":"3 Cultists","floor":22,"turns":4}],"event_choices":[{"event_name":"Bonfire Elementals","player_choice":"BASIC","floor":2,"damage_taken":0},{"event_name":"Golden Idol","player_choice":"Take Damage","floor":3,"damage_taken":0},{"event_name":"Big Fish","player_choice":"Box","floor":5,"damage_taken":0},{"event_name":"The Lab","player_choice":"Got Potions","floor":11,"damage_taken":0},{"event_name":"Golden Wing","player_choice":"Card Removal","floor":12,"damage_taken":0},{"event_name":"Living Wall","player_choice":"Grow","floor":14,"damage_taken":0},{"event_name":"Back to Basics","player_choice":"Simplicity","floor":20,"damage_taken":0}],"boss_relics":[{"not_picked":["Runic Dome","Sozu"],"picked":"Inserter"}],"potions_floor_spawned":[4,6,7,18,19],"seed_played":"-2451877502319847064","killed_by":"3 Cultists","ascension_level":0,"is_trial":false}