{"gold_per_floor":[111,111,111,39,60,60,83,83,83,126,139,163,186,227,227,350,350,368,126,150,165,180,180,10,10,10,10,53,66,110,123,123,248,248,267,392,413,436,156,156,187,187,187,226,226,239,278,82,82,82,82,82,2,40,40],"floor_reached":55,"playtime":4380,"items_purged":["Strike_B","Strike_B","Defend_B"],"score":1326,"play_id":"56d0a5ee-530e-4871-9cc9-4503ea582db1","local_time":"20190203161738","is_ascension_mode":true,"campfire_choices":[{"data":"Zap","floor":6.0,"key":"SMITH"},{"data":"Hologram","floor":8.0,"key":"SMITH"},{"data":"Defragment","floor":15.0,"key":"SMITH"},{"data":"Secret Technique","floor":23.0,"key":"SMITH"},{"data":"Dualcast","floor":25.0,"key":"SMITH"},{"data":"Conserve Battery","floor":32.0,"key":"SMITH"},{"floor":40.0,"key":"DIG"},{"floor":42.0,"key":"RECALL"},{"floor":45,"key":"DIG"},{"floor":49,"key":"DIG"},{"floor":52,"key":"DIG"}],"neow_cost":"NONE","seed_source_timestamp":0,"circlet_count":0,"master_deck":["Strike_B+1","Strike_B+1","Defend_B","Defend_B","Defend_B","Zap+1","Dualcast+1","Finesse","Conserve Battery+1","Stack","Hologram+1","Reboot","Chill","BootSequence","Defragment+1","Cold Snap+1","Biased Cognition+1","Steam","Secret Technique+1","Compile Driver+1","Redo+1","Capacitor+1","Stack+1","Compile Driver","Biased Cognition+1","Capacitor+1","Conserve Battery+1","Coolheaded+1","Core Surge","Ball Lightning+1","Biased Cognition+1","Conserve Battery+1","Hello World+1","Seek","White Noise"],"special_seed":0,"relics":["Cracked Core","Golden Idol","Anchor","Thread and Needle","WingedGreaves","Frozen Egg 2","Philosopher\u0027s Stone","Bottled Lightning","Whetstone","Strawberry","Eternal Feather","Shovel","Gremlin Horn","Potion Belt","Darkstone Periapt","Ancient Tea Set","Unceasing Top","Singing Bowl","Medical Kit","Letter Opener","Bottled Flame","Bottled Tornado"],"potions_floor_usage":[47,55],"damage_taken":[{"damage":3.0,"enemies":"2 Louse","floor":1.0,"turns":3.0},{"damage":0.0,"enemies":"Small Slimes","floor":5.0,"turns":3.0},{"damage":0.0,"enemies":"Cultist","floor":7.0,"turns":4.0},{"damage":22.0,"enemies":"Gremlin Nob","floor":10.0,"turns":4.0},{"damage":0.0,"enemies":"Lots of Slimes","floor":11.0,"turns":4.0},{"damage":0.0,"enemies":"Gremlin Gang","floor":12.0,"turns":6.0},{"damage":0.0,"enemies":"Red Slaver","floor":13.0,"turns":3.0},{"damage":0.0,"enemies":"3 Sentries","floor":14.0,"turns":7.0},{"damage":0.0,"enemies":"The Guardian","floor":16.0,"turns":14.0},{"damage":0.0,"enemies":"Chosen","floor":18.0,"turns":6.0},{"damage":0.0,"enemies":"2 Thieves","floor":20.0,"turns":5.0},{"damage":9.0,"enemies":"Centurion and Healer","floor":21.0,"turns":5.0},{"damage":0.0,"enemies":"Shelled Parasite and Fungi","floor":22.0,"turns":6.0},{"damage":7.0,"enemies":"Gremlin Leader","floor":28.0,"turns":9.0},{"damage":0.0,"enemies":"Snake Plant","floor":29.0,"turns":4.0},{"damage":0.0,"enemies":"Slavers","floor":30.0,"turns":10.0},{"damage":0.0,"enemies":"Cultist and Chosen","floor":31.0,"turns":7.0},{"damage":40.0,"enemies":"Collector","floor":33.0,"turns":12.0},{"damage":2.0,"enemies":"3 Shapes","floor":35.0,"turns":9.0},{"damage":0.0,"enemies":"Mind Bloom Boss Battle","floor":36.0,"turns":11.0},{"damage":6.0,"enemies":"Orb Walker","floor":37.0,"turns":4.0},{"damage":1.0,"enemies":"Nemesis","floor":41.0,"turns":9.0},{"damage":0,"enemies":"Giant Head","floor":44,"turns":8},{"damage":0,"enemies":"4 Shapes","floor":46,"turns":5},{"damage":63,"enemies":"Reptomancer","floor":47,"turns":8},{"damage":20,"enemies":"Time Eater","floor":50,"turns":10},{"damage":14,"enemies":"Shield and Spear","floor":54,"turns":11},{"damage":119,"enemies":"The Heart","floor":55,"turns":5}],"seed_played":"294026528213381449","potions_obtained":[{"floor":5.0,"key":"Fire Potion"},{"floor":10.0,"key":"LiquidBronze"},{"floor":11.0,"key":"Strength Potion"},{"floor":13.0,"key":"Poison Potion"},{"floor":21.0,"key":"Poison Potion"},{"floor":22.0,"key":"SpeedPotion"},{"floor":30.0,"key":"SteroidPotion"},{"floor":35.0,"key":"SkillPotion"},{"floor":41.0,"key":"FairyPotion"},{"floor":47,"key":"SpeedPotion"}],"is_trial":false,"path_per_floor":["M","?","?","?","M","R","M","R","T","E","M","M","M","E","R","B",null,"M","$","M","M","M","R","$","R","T","?","E","M","E","M","R","B",null,"M","?","M","T","$","R","E","R","T","E","R","M","E","$","R","B",null,"R","$","E","B"],"character_chosen":"DEFECT","items_purchased":["Secret Technique","Capacitor+1","Core Surge","Medical Kit","Seek"],"campfire_rested":0,"item_purchase_floors":[19,24,39,48,53],"current_hp_per_floor":[65,65,51,51,51,51,51,51,51,29,29,29,29,29,29,29,59,59,59,59,50,50,50,50,50,50,50,43,43,50,50,50,10,60,58,58,52,52,52,67,66,76,76,76,76,76,13,13,31,11,60,76,76,62,0],"gold":40,"neow_bonus":"RANDOM_COLORLESS","is_prod":false,"is_daily":false,"chose_seed":false,"campfire_upgraded":6,"win_rate":0,"timestamp":1549228658,"path_taken":["M","?","?","?","M","R","M","R","T","E","M","M","?","E","R","BOSS","M","$","M","?","?","R","?","R","T","?","E","M","E","M","R","BOSS","M","?","M","?","$","R","E","R","T","E","R","M","E","$","R","BOSS","R","$","E","BOSS"],"build_version":"2019-01-23","purchased_purges":3,"victory":false,"max_hp_per_floor":[75,69,69,69,69,69,69,69,69,69,69,69,69,69,69,69,69,69,69,69,69,69,69,69,69,69,69,69,69,76,76,76,76,76,76,76,76,76,76,76,76,76,76,76,76,76,76,76,76,76,76,76,76,76,76],"card_choices":[{"not_picked":["Steam Power","Cold Snap"],"picked":"Conserve Battery","floor":1.0},{"not_picked":["Beam Cell","Undo"],"picked":"Stack","floor":5.0},{"not_picked":["White Noise","Force Field"],"picked":"Hologram","floor":7.0},{"not_picked":["Aggregate","Cold Snap"],"picked":"Reboot","floor":10.0},{"not_picked":["Turbo","Coolheaded"],"picked":"Chill","floor":11.0},{"not_picked":["Steam Power","Storm"],"picked":"BootSequence","floor":12.0},{"not_picked":["Compile Driver","Storm"],"picked":"Defragment","floor":13.0},{"not_picked":["Coolheaded","Force Field"],"picked":"Cold Snap","floor":14.0},{"not_picked":["Seek","Fission"],"picked":"Biased Cognition+1","floor":16.0},{"not_picked":["Turbo","Conserve Battery"],"picked":"Steam","floor":18.0},{"not_picked":["Coolheaded","Lockon+1"],"picked":"Compile Driver+1","floor":20.0},{"not_picked":["Rebound","Cold Snap"],"picked":"Redo+1","floor":21.0},{"not_picked":["Beam Cell+1","Gash+1","Multi-Cast"],"picked":"SKIP","floor":22.0},{"not_picked":["Beam Cell+1","Gash+1","Multi-Cast"],"picked":"SKIP","floor":22.0},{"not_picked":["Rebound","Turbo"],"picked":"Stack+1","floor":28.0},{"not_picked":["Gash","BootSequence","Conserve Battery"],"picked":"SKIP","floor":29.0},{"not_picked":["Force Field","Cold Snap","Sweeping Beam"],"picked":"SKIP","floor":30.0},{"not_picked":["BootSequence","Beam Cell+1"],"picked":"Compile Driver","floor":31.0},{"not_picked":["Amplify","Fission"],"picked":"Biased Cognition+1","floor":33.0},{"not_picked":["Rebound+1","Stack"],"picked":"Capacitor+1","floor":35.0},{"not_picked":["Sweeping Beam+1","Go for the Eyes"],"picked":"Conserve Battery+1","floor":36.0},{"not_picked":["Capacitor+1","Doom and Gloom"],"picked":"Coolheaded+1","floor":37.0},{"not_picked":["Stack+1","Consume"],"picked":"Ball Lightning+1","floor":41.0},{"not_picked":["Turbo","Hello World+1"],"picked":"Biased Cognition+1","floor":44},{"not_picked":["Barrage","Redo"],"picked":"Conserve Battery+1","floor":46},{"not_picked":["Streamline","Aggregate"],"picked":"Hello World+1","floor":47},{"not_picked":["Sweeping Beam+1","Hologram"],"picked":"White Noise","floor":54}],"player_experience":325429,"relics_obtained":[{"floor":9.0,"key":"Thread and Needle"},{"floor":10.0,"key":"WingedGreaves"},{"floor":14.0,"key":"Frozen Egg 2"},{"floor":26.0,"key":"Bottled Lightning"},{"floor":28.0,"key":"Whetstone"},{"floor":30.0,"key":"Strawberry"},{"floor":36.0,"key":"Shovel"},{"floor":40.0,"key":"Gremlin Horn"},{"floor":41.0,"key":"Potion Belt"},{"floor":43.0,"key":"Darkstone Periapt"},{"floor":44,"key":"Ancient Tea Set"},{"floor":45,"key":"Unceasing Top"},{"floor":47,"key":"Singing Bowl"},{"floor":49,"key":"Letter Opener"},{"floor":52,"key":"Bottled Flame"},{"floor":54,"key":"Bottled Tornado"}],"event_choices":[{"damage_healed":0.0,"max_hp_gain":0.0,"max_hp_loss":6.0,"gold_gain":0.0,"event_name":"Golden Idol","player_choice":"Lose Max HP","floor":2.0,"gold_loss":0.0,"damage_taken":0.0,"relics_obtained":["Golden Idol"]},{"damage_healed":0.0,"max_hp_gain":0.0,"max_hp_loss":0.0,"gold_gain":0.0,"event_name":"Shining Light","player_choice":"Entered Light","floor":3.0,"gold_loss":0.0,"damage_taken":14.0,"cards_upgraded":["Strike_B","Strike_B"]},{"damage_healed":0.0,"max_hp_gain":0.0,"max_hp_loss":0.0,"gold_gain":0.0,"event_name":"WeMeetAgain","player_choice":"Paid Gold","floor":4.0,"gold_loss":72.0,"damage_taken":0.0,"relics_obtained":["Anchor"]},{"damage_healed":0.0,"max_hp_gain":0.0,"max_hp_loss":0.0,"gold_gain":0.0,"event_name":"Beggar","player_choice":"Ignored","floor":27.0,"gold_loss":0.0,"damage_taken":0.0},{"damage_healed":0.0,"max_hp_gain":0.0,"max_hp_loss":0.0,"gold_gain":0.0,"event_name":"MindBloom","player_choice":"Fight","floor":36.0,"gold_loss":0.0,"damage_taken":0.0}],"is_beta":false,"boss_relics":[{"not_picked":["Fusion Hammer","Nuclear Battery"],"picked":"Philosopher\u0027s Stone"},{"not_picked":["Tiny House","Snecko Eye"],"picked":"Eternal Feather"}],"items_purged_floors":[19,24,39],"is_endless":false,"potions_floor_spawned":[5,10,11,13,21,22,28,30,35,41,47],"killed_by":"The Heart","ascension_level":9}