{"gold_per_floor":[112,37,37,47,64,64,83,158,227,237,248,248,329,346,346,346],"floor_reached":16,"playtime":289,"items_purged":["Defend_R"],"score":94,"play_id":"f6f26d82-9d12-4f35-a82e-9c6e326c58f8","local_time":"20181001152402","is_ascension_mode":false,"campfire_choices":[{"data":"Infernal Blade","floor":6,"key":"SMITH"},{"data":"Bash","floor":12,"key":"SMITH"},{"data":"Disarm","floor":15,"key":"SMITH"}],"neow_cost":"NONE","seed_source_timestamp":1459057262996102,"circlet_count":0,"master_deck":["Strike_R","Strike_R","Strike_R","Strike_R","Strike_R","Defend_R","Defend_R","Defend_R","Bash+1","Infernal Blade+1","Disarm+1"],"relics":["Burning Blood","Vajra","Matryoshka","Orichalcum","Tiny Chest"],"potions_floor_usage":[],"damage_taken":[{"damage":6,"enemies":"2 Louse","floor":1,"turns":2},{"damage":7,"enemies":"Small Slimes","floor":4,"turns":3},{"damage":4,"enemies":"Jaw Worm","floor":5,"turns":3},{"damage":16,"enemies":"Lots of Slimes","floor":7,"turns":4},{"damage":7,"enemies":"Exordium Wildlife","floor":10,"turns":3},{"damage":13,"enemies":"Red Slaver","floor":11,"turns":2},{"damage":9,"enemies":"Lots of Slimes","floor":14,"turns":4},{"damage":0,"enemies":"Slime Boss","floor":16,"turns":1}],"seed_played":"-4936591091162099524","potions_obtained":[{"floor":1,"key":"Fire Potion"},{"floor":5,"key":"SpeedPotion"},{"floor":11,"key":"PowerPotion"}],"is_trial":false,"path_per_floor":["M","$","?","M","M","R","M","?","T","M","M","R","T","M","R"],"character_chosen":"IRONCLAD","items_purchased":[],"campfire_rested":0,"item_purchase_floors":[],"current_hp_per_floor":[80,80,80,79,80,80,70,59,59,58,51,51,51,48,48,48],"gold":346,"neow_bonus":"RANDOM_COMMON_RELIC","is_prod":false,"is_daily":false,"chose_seed":false,"campfire_upgraded":3,"win_rate":0,"timestamp":1538421842,"path_taken":["M","$","?","M","M","R","M","?","T","M","?","R","?","?","R","BOSS"],"build_version":"2018-09-27","purchased_purges":1,"victory":false,"max_hp_per_floor":[80,80,80,80,80,80,80,80,80,80,80,80,80,80,80,80],"card_choices":[{"not_picked":["Blood for Blood","Shrug It Off","Body Slam"],"picked":"SKIP","floor":1},{"not_picked":["Fire Breathing","Bloodletting"],"picked":"Infernal Blade","floor":4},{"not_picked":["Cleave","Reckless Charge","Headbutt"],"picked":"SKIP","floor":5},{"not_picked":["Warcry","Body Slam","Clash"],"picked":"SKIP","floor":7},{"not_picked":["Heavy Blade","Flex","Limit Break"],"picked":"SKIP","floor":10},{"not_picked":["Dual Wield","Thunderclap","Clash"],"picked":"SKIP","floor":11},{"not_picked":["Iron Wave","Headbutt"],"picked":"Disarm","floor":14}],"player_experience":296590,"relics_obtained":[{"floor":9,"key":"Matryoshka"},{"floor":13,"key":"Orichalcum"},{"floor":13,"key":"Tiny Chest"}],"event_choices":[{"event_name":"Liars Game","player_choice":"disagreed","floor":3,"damage_taken":0},{"event_name":"World of Goop","player_choice":"Gather Gold","floor":8,"damage_taken":0}],"is_beta":false,"boss_relics":[],"items_purged_floors":[2],"is_endless":false,"potions_floor_spawned":[1,5,11],"killed_by":"Slime Boss","ascension_level":0}