{"gold_per_floor":[12,12,37,37,50,82,82,12,12,12,12,47,58,58,58,58],"floor_reached":16,"playtime":856,"items_purged":[],"score":106,"play_id":"8c8cbeef-0f92-455f-ab79-63554203e549","local_time":"20180814163830","is_ascension_mode":false,"campfire_choices":[{"data":"Demon Form","floor":7,"key":"SMITH"},{"data":"Dual Wield","floor":11,"key":"SMITH"},{"data":"Offering","floor":15,"key":"SMITH"}],"neow_cost":"NO_GOLD","seed_source_timestamp":315763632775535,"circlet_count":0,"master_deck":["Strike_R","Strike_R","Strike_R","Strike_R","Strike_R","Defend_R","Defend_R","Defend_R","Defend_R","Offering+1","Clash","Corruption","Demon Form+1","Dual Wield+1","Twin Strike","Disarm+1","Regret"],"relics":["Burning Blood","Blood Vial","Lantern","Mango","Ornamental Fan","Toxic Egg 2","Bird Faced Urn"],"potions_floor_usage":[16,16],"damage_taken":[{"damage":6,"enemies":"Cultist","floor":1,"turns":3},{"damage":11,"enemies":"Small Slimes","floor":5,"turns":3},{"damage":27,"enemies":"Lagavulin","floor":6,"turns":6},{"damage":13,"enemies":"Gremlin Nob","floor":12,"turns":4},{"damage":12,"enemies":"Jaw Worm","floor":13,"turns":3},{"damage":63,"enemies":"The Guardian","floor":16,"turns":8}],"seed_played":"412604054848248489","potions_obtained":[{"floor":5,"key":"SteroidPotion"},{"floor":12,"key":"GamblersBrew"}],"is_trial":false,"path_per_floor":["M","$","T","?","M","E","R","$","T","T","R","E","M","?","R"],"character_chosen":"IRONCLAD","items_purchased":["Dual Wield"],"campfire_rested":0,"item_purchase_floors":[8],"current_hp_per_floor":[80,80,80,73,70,51,51,51,65,65,65,60,56,56,56,0],"gold":58,"neow_bonus":"THREE_RARE_CARDS","is_prod":false,"is_daily":false,"chose_seed":false,"campfire_upgraded":3,"win_rate":0.0,"timestamp":1534279110,"path_taken":["M","$","?","?","M","E","R","$","T","?","R","E","M","?","R","BOSS"],"build_version":"2018-08-09","purchased_purges":0,"victory":false,"max_hp_per_floor":[80,80,80,80,80,80,80,80,94,94,94,94,94,94,94,94],"card_choices":[{"not_picked":["Brutality","Impervious"],"picked":"Offering","floor":0},{"not_picked":["Whirlwind","Shrug It Off"],"picked":"Clash","floor":1},{"not_picked":["Shockwave","Perfected Strike"],"picked":"Corruption","floor":5},{"not_picked":["Warcry","Pommel Strike"],"picked":"Demon Form","floor":6},{"not_picked":["Hemokinesis","Iron Wave"],"picked":"Twin Strike","floor":12},{"not_picked":["Spot Weakness+1","Fire Breathing"],"picked":"Disarm+1","floor":13}],"player_experience":9318,"relics_obtained":[{"floor":3,"key":"Blood Vial"},{"floor":6,"key":"Lantern"},{"floor":9,"key":"Mango"},{"floor":10,"key":"Ornamental Fan"},{"floor":12,"key":"Toxic Egg 2"}],"event_choices":[{"event_name":"Golden Wing","player_choice":"Card Removal","floor":4,"damage_taken":0},{"event_name":"Big Fish","player_choice":"Box","floor":14,"damage_taken":0}],"is_beta":false,"boss_relics":[],"items_purged_floors":[],"is_endless":false,"potions_floor_spawned":[5,12],"killed_by":"The Guardian","ascension_level":0}