{"gold_per_floor":[20,32,42,117,117,117,143,143,143,168,183,199,229,36,36,107,107,126,74,85,105,105,138,138,148,148,148,148,98,62,82,82,159,159,171,15,15,28,28,28,59,59,59,59,59,91,109,142,142,142],"floor_reached":51,"playtime":3506,"items_purged":["Strike_G"],"score":1662,"play_id":"08ace776-2f4f-4bed-be05-14dc372e78c3","local_time":"20180708150054","is_ascension_mode":true,"campfire_choices":[{"data":"Neutralize","floor":6,"key":"SMITH"},{"data":"Calculated Gamble","floor":8,"key":"SMITH"},{"data":"Caltrops","floor":15,"key":"SMITH"},{"data":"Malaise","floor":24,"key":"SMITH"},{"data":"Footwork","floor":28,"key":"SMITH"},{"data":"Malaise","floor":32,"key":"SMITH"},{"data":"Calculated Gamble","floor":40,"key":"SMITH"},{"data":"A Thousand Cuts","floor":42,"key":"SMITH"},{"data":"Well Laid Plans","floor":44,"key":"SMITH"},{"data":"Cloak And Dagger","floor":49,"key":"SMITH"}],"neow_cost":"NO_GOLD","seed_source_timestamp":329367487579822,"circlet_count":0,"master_deck":["Defend_G","Defend_G","Defend_G","Defend_G","Defend_G","Strike_G","Survivor","Neutralize+1","AscendersBane","Dagger Throw","PiercingWail","Calculated Gamble+1","Malaise+1","Quick Slash","Backflip","Adrenaline","Blur","Unload","Prepared","Decay","Die Die Die","Footwork+1","Malaise+1","Well Laid Plans+1","Footwork","A Thousand Cuts+1","Prepared+1","Terror+1","Glass Knife+1","Reflex+1","Footwork","Calculated Gamble+1","Noxious Fumes","Underhanded Strike","Blur+1","Cloak And Dagger+1","Blade Dance"],"relics":["Ring of the Snake","Tingsha","Mercury Hourglass","Strawberry","Bag of Marbles","Matryoshka","Regal Pillow","Coffee Dripper","Centennial Puzzle","Ninja Scroll","Meat on the Bone","Astrolabe","Bag of Preparation","Gremlin Horn","Pear","Ice Cream","Shuriken","Omamori"],"potions_floor_usage":[7,10,13,23,23,31,33,33,46,50,50],"damage_taken":[{"damage":0,"enemies":"2 Louse","floor":1,"turns":3},{"damage":2,"enemies":"Jaw Worm","floor":2,"turns":5},{"damage":2,"enemies":"Small Slimes","floor":3,"turns":4},{"damage":6,"enemies":"Gremlin Nob","floor":7,"turns":3},{"damage":3,"enemies":"Lagavulin","floor":10,"turns":8},{"damage":0,"enemies":"Gremlin Gang","floor":11,"turns":4},{"damage":0,"enemies":"2 Fungi Beasts","floor":12,"turns":2},{"damage":6,"enemies":"3 Sentries","floor":13,"turns":5},{"damage":12,"enemies":"Hexaghost","floor":16,"turns":9},{"damage":1,"enemies":"Chosen","floor":18,"turns":4},{"damage":2,"enemies":"Shell Parasite","floor":20,"turns":4},{"damage":15,"enemies":"Snake Plant","floor":21,"turns":3},{"damage":1,"enemies":"Slavers","floor":23,"turns":5},{"damage":7,"enemies":"Snecko","floor":25,"turns":3},{"damage":0,"enemies":"3 Cultists","floor":31,"turns":1},{"damage":20,"enemies":"Collector","floor":33,"turns":16},{"damage":3,"enemies":"Orb Walker","floor":35,"turns":2},{"damage":30,"enemies":"3 Darklings","floor":38,"turns":5},{"damage":7,"enemies":"Giant Head","floor":41,"turns":8},{"damage":2,"floor":45,"turns":7},{"damage":9,"enemies":"2 Orb Walkers","floor":46,"turns":2},{"damage":19,"enemies":"Maw","floor":47,"turns":5},{"damage":7,"enemies":"Giant Head","floor":48,"turns":6},{"damage":30,"enemies":"Time Eater","floor":50,"turns":18}],"seed_played":"8829708969634638935","potions_obtained":[{"floor":2,"key":"GamblersBrew"},{"floor":3,"key":"FearPotion"},{"floor":7,"key":"FearPotion"},{"floor":20,"key":"EntropicBrew"},{"floor":31,"key":"Block Potion"},{"floor":38,"key":"Strength Potion"},{"floor":41,"key":"LiquidBronze"},{"floor":46,"key":"LiquidBronze"}],"is_trial":false,"path_per_floor":["M","M","M","?","?","R","E","R","T","E","M","M","E","$","R","B",null,"M","$","M","M","?","E","R","M","T","?","R","?","$","M","R","B",null,"M","$","?","M","$","R","E","R","T","R","?","E","M","E","R","B"],"character_chosen":"THE_SILENT","items_purchased":["Regal Pillow","Blur","Fire Potion","Well Laid Plans","Footwork"],"campfire_rested":0,"item_purchase_floors":[14,14,19,30,36],"current_hp_per_floor":[59,57,55,44,44,44,38,38,45,42,42,42,36,36,36,24,61,60,60,58,43,43,42,42,35,35,35,35,35,35,47,47,39,65,62,62,62,44,44,44,37,37,47,47,45,48,41,46,46,28],"gold":142,"neow_bonus":"ONE_RARE_RELIC","is_prod":false,"is_daily":false,"chose_seed":false,"campfire_upgraded":10,"win_rate":0,"timestamp":1531054854,"path_taken":["M","M","M","?","?","R","E","R","T","E","M","M","E","$","R","BOSS","M","$","M","?","?","E","R","M","T","?","R","?","?","M","R","BOSS","M","$","?","M","$","R","E","R","T","R","?","E","M","E","R","BOSS"],"build_version":"2018-07-05","purchased_purges":1,"victory":true,"max_hp_per_floor":[66,66,66,66,66,66,66,66,73,73,73,73,73,73,73,73,73,73,73,73,73,73,73,73,73,73,73,73,73,73,73,73,73,73,73,73,73,73,73,73,73,73,83,83,83,83,83,83,83,83],"card_choices":[{"not_picked":["Underhanded Strike","Deflect"],"picked":"Dagger Throw","floor":1},{"not_picked":["Bouncing Flask","Eviscerate"],"picked":"PiercingWail","floor":2},{"not_picked":["Venomology","Cloak And Dagger"],"picked":"Calculated Gamble","floor":3},{"not_picked":["Dagger Spray","Prepared"],"picked":"Malaise","floor":7},{"not_picked":["Catalyst","Outmaneuver"],"picked":"Caltrops","floor":10},{"not_picked":["Calculated Gamble","All Out Attack"],"picked":"Quick Slash","floor":11},{"not_picked":["Dagger Throw","Bane"],"picked":"Backflip","floor":12},{"not_picked":["Malaise","Distraction"],"picked":"Adrenaline","floor":13},{"not_picked":["Corpse Explosion","Grand Finale"],"picked":"Unload","floor":16},{"not_picked":["Quick Slash","Flying Knee"],"picked":"Prepared","floor":18},{"not_picked":["Bane","Flying Knee","Accuracy"],"picked":"SKIP","floor":20},{"not_picked":["Dagger Throw","Sucker Punch","Infinite Blades"],"picked":"SKIP","floor":21},{"not_picked":["Poisoned Stab","Cloak And Dagger"],"picked":"Die Die Die","floor":23},{"not_picked":["Blade Dance","PiercingWail"],"picked":"Footwork","floor":25},{"not_picked":["Sucker Punch","Prepared"],"picked":"Footwork","floor":31},{"not_picked":["Phantasmal Killer","Night Terror"],"picked":"A Thousand Cuts","floor":33},{"not_picked":["Dagger Throw","Cloak And Dagger"],"picked":"Reflex+1","floor":35},{"not_picked":["Sucker Punch","Leg Sweep"],"picked":"Calculated Gamble","floor":38},{"not_picked":["Burst","Dagger Throw"],"picked":"Noxious Fumes","floor":41},{"not_picked":["Dagger Throw+1","Dash+1"],"picked":"Underhanded Strike","floor":45},{"not_picked":["Choke","Poisoned Stab"],"picked":"Blur+1","floor":46},{"not_picked":["Quick Slash","Slice"],"picked":"Cloak And Dagger","floor":47},{"not_picked":["Dash","Sucker Punch+1"],"picked":"Blade Dance","floor":48}],"player_experience":783051,"relics_obtained":[{"floor":7,"key":"Mercury Hourglass"},{"floor":9,"key":"Strawberry"},{"floor":10,"key":"Bag of Marbles"},{"floor":13,"key":"Matryoshka"},{"floor":23,"key":"Centennial Puzzle"},{"floor":26,"key":"Ninja Scroll"},{"floor":26,"key":"Meat on the Bone"},{"floor":41,"key":"Bag of Preparation"},{"floor":43,"key":"Gremlin Horn"},{"floor":43,"key":"Pear"},{"floor":45,"key":"Ice Cream"},{"floor":46,"key":"Shuriken"},{"floor":48,"key":"Omamori"}],"event_choices":[{"event_name":"World of Goop","player_choice":"Gather Gold","floor":4,"damage_taken":0},{"event_name":"Golden Wing","player_choice":"Ignored","floor":5,"damage_taken":0},{"event_name":"Forgotten Altar","player_choice":"Smashed Altar","floor":22,"damage_taken":0},{"event_name":"The Library","player_choice":"Read","floor":27,"damage_taken":0},{"event_name":"The Joust","player_choice":"Bet on Murderer","floor":29,"damage_taken":0},{"event_name":"Falling","player_choice":"Removed Power","floor":37,"damage_taken":0},{"event_name":"MindBloom","player_choice":"Fight","floor":45,"damage_taken":0}],"boss_relics":[{"not_picked":["Black Star","White Beast Statue"],"picked":"Coffee Dripper"},{"not_picked":["Runic Pyramid","Lizard Tail"],"picked":"Astrolabe"}],"items_purged_floors":[36],"is_endless":false,"potions_floor_spawned":[2,3,7,20,25,31,38,41,46,47],"ascension_level":15}