{"path_per_floor":["M","$","M","?","M","E","M","$","T","M","R","M","?","?","R","B",null,"M","M","$","M","?","R","E","R","T","?","M","M","E","M","R"],"character_chosen":"IRONCLAD","items_purchased":["Spot Weakness","Shrug It Off","Bandage Up","Bandage Up","Orichalcum"],"gold_per_floor":[364,252,271,271,290,323,334,136,136,151,151,167,167,167,167,272,272,288,307,8,21,21,21,48,48,48,48,58,78,109,129,129,129],"floor_reached":33,"campfire_rested":1,"playtime":3128,"current_hp_per_floor":[69,69,72,72,71,45,36,36,36,38,38,47,47,47,47,44,72,50,45,45,48,48,48,28,28,28,28,19,38,29,34,55,0],"items_purged":["Strike_R","Strike_R","Strike_R"],"gold":129,"score":332,"play_id":"8dcbb600-8700-441e-b058-ede834623b14","local_time":"20180409193111","is_prod":false,"is_daily":false,"is_ascension_mode":true,"campfire_upgraded":4,"timestamp":1523295071,"path_taken":["M","$","M","?","?","E","M","$","T","M","R","M","?","?","R","BOSS","M","M","$","M","?","R","E","R","T","?","M","M","E","M","R","BOSS"],"build_version":"2018-04-05v2","purchased_purges":3,"victory":false,"master_deck":["Strike_R","Defend_R","Defend_R","Defend_R","Bash+1","Thunderclap","Spot Weakness+1","Twin Strike","Disarm","Shrug It Off+1","Cleave","Shrug It Off","Bandage Up","Shrug It Off","Heavy Blade+1","Reaper","Uppercut+1","Reaper","Bandage Up"],"max_hp_per_floor":[72,72,72,72,72,72,72,72,72,72,72,72,72,72,72,72,72,72,72,72,72,72,72,72,72,72,72,72,72,72,72,72,72],"relics":["Burning Blood","Smiling Mask","Sundial","Black Star","Orichalcum","Toolbox","Toxic Egg 2","Charon\u0027s Ashes","Vajra","Blood Vial"],"card_choices":[{"not_picked":["Iron Wave","Anger"],"picked":"Thunderclap","floor":1},{"not_picked":["Warcry","Second Wind"],"picked":"Twin Strike","floor":3},{"not_picked":["Iron Wave","Twin Strike"],"picked":"Shrug It Off","floor":5},{"not_picked":["Anger","Rage"],"picked":"Cleave","floor":7},{"not_picked":["Second Wind","Headbutt"],"picked":"Shrug It Off","floor":10},{"not_picked":["Evolve","Sentinel"],"picked":"Heavy Blade","floor":12},{"not_picked":["Brutality","Feed"],"picked":"Reaper","floor":16},{"not_picked":["Body Slam","Shrug It Off"],"picked":"Uppercut","floor":18},{"not_picked":["True Grit","Thunderclap"],"picked":"Reaper","floor":19}],"player_experience":145897,"potions_floor_usage":[16,19,19,24,24,30],"damage_taken":[{"damage":9,"enemies":"Small Slimes","floor":1,"turns":4},{"damage":1,"enemies":"Cultist","floor":3,"turns":4},{"damage":7,"enemies":"2 Louse","floor":5,"turns":3},{"damage":32,"enemies":"3 Sentries","floor":6,"turns":6},{"damage":15,"enemies":"Lots of Slimes","floor":7,"turns":3},{"damage":8,"enemies":"Blue Slaver","floor":10,"turns":4},{"damage":1,"enemies":"Red Slaver","floor":12,"turns":4},{"damage":13,"enemies":"Slime Boss","floor":16,"turns":9},{"damage":42,"enemies":"3 Byrds","floor":18,"turns":6},{"damage":15,"enemies":"Chosen","floor":19,"turns":7},{"damage":7,"enemies":"Snecko","floor":21,"turns":5},{"damage":62,"enemies":"Gremlin Leader","floor":24,"turns":8},{"damage":29,"enemies":"Snake Plant","floor":28,"turns":5},{"damage":17,"enemies":"Centurion and Healer","floor":29,"turns":5},{"damage":42,"enemies":"Slavers","floor":30,"turns":5},{"damage":31,"enemies":"Chosen and Byrds","floor":31,"turns":7},{"damage":73,"enemies":"Champ","floor":33,"turns":12}],"event_choices":[{"event_name":"Transmorgrifier","player_choice":"Transform","floor":4,"damage_taken":0},{"event_name":"Purifier","player_choice":"One Purge","floor":13,"damage_taken":0},{"event_name":"The Lab","player_choice":"Got Potions","floor":14,"damage_taken":0},{"event_name":"Beggar","player_choice":"Ignored","floor":22,"damage_taken":0},{"event_name":"The Mausoleum","player_choice":"No","floor":27,"damage_taken":0}],"boss_relics":[{"not_picked":["Mark of Pain","Tiny House"],"picked":"Black Star"}],"potions_floor_spawned":[7,10,12,16,21,24],"seed_played":"1390091409902280707","killed_by":"Champ","ascension_level":3,"is_trial":false}