{"gold_per_floor":[117,292,292,309,325,357,357,376,376,376,326,128,128,185,185,280,280,293,293,293,308,327,362,382,382,382,382,398,427,427,439,439,439],"floor_reached":33,"playtime":1457,"items_purged":[],"score":285,"play_id":"6fffdfa7-64a1-458a-9486-8939f61c9121","local_time":"20190120175642","is_ascension_mode":false,"campfire_choices":[{"floor":7,"key":"RECALL"},{"floor":13,"key":"REST"},{"floor":15,"key":"REST"},{"floor":25,"key":"REST"},{"floor":30,"key":"REST"},{"floor":32,"key":"REST"}],"neow_cost":"PERCENT_DAMAGE","seed_source_timestamp":1016425971509705,"circlet_count":0,"master_deck":["Strike_R+1","Strike_R+1","Strike_R+1","Strike_R+1","Strike_R+1","Defend_R+1","Defend_R+1","Defend_R+1","Defend_R+1","Bash","Cleave","Wild Strike","Sever Soul","Havoc","Flex+1","Power Through","Flex","Second Wind","Fiend Fire","Perfected Strike","RitualDagger","Feel No Pain","Clash+1","Rampage+1","Flex+1","Juggernaut","Evolve","Bloodletting+1"],"relics":["Burning Blood","Orichalcum","Bronze Scales","Question Card","White Beast Statue","Matryoshka","Nloth\u0027s Gift","Juzu Bracelet"],"potions_floor_usage":[6,14,22,23,24,29,31,33,33,33],"damage_taken":[{"damage":0,"enemies":"Small Slimes","floor":1,"turns":4},{"damage":5,"enemies":"Cultist","floor":4,"turns":4},{"damage":4,"enemies":"2 Louse","floor":5,"turns":3},{"damage":36,"enemies":"Gremlin Nob","floor":6,"turns":5},{"damage":3,"enemies":"Blue Slaver","floor":8,"turns":3},{"damage":10,"enemies":"3 Sentries","floor":14,"turns":4},{"damage":24,"enemies":"Slime Boss","floor":16,"turns":10},{"damage":21,"enemies":"Shell Parasite","floor":18,"turns":4},{"damage":8,"enemies":"3 Byrds","floor":21,"turns":3},{"damage":14,"enemies":"Sentry and Sphere","floor":22,"turns":7},{"damage":28,"enemies":"Gremlin Leader","floor":23,"turns":5},{"damage":7,"enemies":"Chosen and Byrds","floor":24,"turns":4},{"damage":18,"enemies":"Snake Plant","floor":28,"turns":4},{"damage":38,"enemies":"Slavers","floor":29,"turns":4},{"damage":7,"enemies":"Sentry and Sphere","floor":31,"turns":4},{"damage":78,"enemies":"Champ","floor":33,"turns":13}],"seed_played":"201228322649424952","potions_obtained":[{"floor":5,"key":"Poison Potion"},{"floor":6,"key":"Block Potion"},{"floor":8,"key":"Weak Potion"},{"floor":16,"key":"Fire Potion"},{"floor":18,"key":"Dexterity Potion"},{"floor":21,"key":"Regen Potion"},{"floor":22,"key":"Swift Potion"},{"floor":23,"key":"Swift Potion"},{"floor":24,"key":"Weak Potion"},{"floor":28,"key":"PowerPotion"},{"floor":29,"key":"FearPotion"},{"floor":31,"key":"Dexterity Potion"}],"is_trial":false,"path_per_floor":["M","?","?","M","M","E","R","M","T","?","?","$","R","?","R","B",null,"M","?","?","M","M","E","M","R","T","?","M","E","R","M","R","B"],"character_chosen":"IRONCLAD","items_purchased":["Bronze Scales","Flex"],"campfire_rested":5,"item_purchase_floors":[12,12],"current_hp_per_floor":[62,62,62,63,65,35,35,38,38,38,38,38,62,58,80,62,80,65,65,59,57,63,41,40,64,64,64,52,20,44,43,67,0],"gold":439,"neow_bonus":"THREE_RARE_CARDS","is_prod":false,"is_daily":false,"chose_seed":false,"campfire_upgraded":0,"win_rate":0,"timestamp":1548025002,"path_taken":["M","?","?","M","?","E","R","M","T","?","?","$","R","?","R","BOSS","M","?","?","M","M","E","M","R","T","?","?","E","R","M","R","BOSS"],"build_version":"2019-01-17v2","purchased_purges":0,"victory":false,"max_hp_per_floor":[80,80,80,80,80,80,80,80,80,80,80,80,80,80,80,80,80,80,80,80,80,80,80,80,80,80,80,80,80,80,80,80,80],"card_choices":[{"not_picked":["Barricade","Offering"],"picked":"Exhume","floor":0},{"not_picked":["Blood for Blood","Power Through"],"picked":"Cleave","floor":1},{"not_picked":["Havoc","Seeing Red"],"picked":"Sever Soul","floor":4},{"not_picked":["Shockwave","Body Slam"],"picked":"Havoc","floor":5},{"not_picked":["Corruption","Immolate"],"picked":"Flex","floor":6},{"not_picked":["Body Slam","Warcry"],"picked":"Power Through","floor":8},{"not_picked":["Clothesline","True Grit"],"picked":"Second Wind","floor":14},{"not_picked":["Barricade","Exhume","Offering"],"picked":"Fiend Fire","floor":16},{"not_picked":["Pommel Strike","Wild Strike","Disarm"],"picked":"Perfected Strike","floor":18},{"not_picked":["Pommel Strike","Headbutt+1","Perfected Strike"],"picked":"Feel No Pain","floor":21},{"not_picked":["Armaments","Cleave","Rupture"],"picked":"Clash+1","floor":22},{"not_picked":["Shrug It Off","Shockwave","Iron Wave"],"picked":"Rampage+1","floor":23},{"not_picked":["Iron Wave+1","Anger","Offering"],"picked":"Flex+1","floor":24},{"not_picked":["Anger+1","Sword Boomerang","Carnage+1"],"picked":"Juggernaut","floor":28},{"not_picked":["Double Tap","Heavy Blade","Iron Wave"],"picked":"Evolve","floor":29},{"not_picked":["Iron Wave","Pommel Strike","Shockwave"],"picked":"Bloodletting+1","floor":31}],"player_experience":85261,"relics_obtained":[{"floor":6,"key":"Orichalcum"},{"floor":14,"key":"Question Card"},{"floor":23,"key":"Sundial"},{"floor":26,"key":"Matryoshka"},{"floor":29,"key":"Juzu Bracelet"}],"event_choices":[{"damage_healed":0,"gold_gain":175,"player_choice":"AGREE","damage_taken":0,"max_hp_gain":0,"max_hp_loss":0,"event_name":"Liars Game","floor":2,"gold_loss":0,"cards_obtained":["Doubt"]},{"damage_healed":0,"gold_gain":0,"cards_transformed":["Exhume"],"player_choice":"Transformed","damage_taken":0,"max_hp_gain":0,"max_hp_loss":0,"event_name":"Transmorgrifier","floor":3,"gold_loss":0,"cards_obtained":["Wild Strike"]},{"damage_healed":0,"gold_gain":0,"player_choice":"Grow","damage_taken":0,"max_hp_gain":0,"max_hp_loss":0,"event_name":"Living Wall","floor":10,"gold_loss":0,"cards_upgraded":["Flex"]},{"cards_removed":["Doubt"],"damage_healed":0,"gold_gain":0,"player_choice":"Card Removal","damage_taken":0,"max_hp_gain":0,"max_hp_loss":0,"event_name":"The Cleric","floor":11,"gold_loss":50},{"damage_healed":0,"gold_gain":0,"player_choice":"Searched \u00272\u0027 times","damage_taken":0,"max_hp_gain":0,"max_hp_loss":0,"event_name":"Dead Adventurer","floor":14,"gold_loss":0},{"damage_healed":0,"gold_gain":0,"player_choice":"Simplicity","damage_taken":0,"max_hp_gain":0,"max_hp_loss":0,"event_name":"Back to Basics","floor":19,"gold_loss":0,"cards_upgraded":["Strike_R","Strike_R","Strike_R","Strike_R","Strike_R","Defend_R","Defend_R","Defend_R","Defend_R"]},{"damage_healed":0,"gold_gain":0,"player_choice":"Joined the Cult","damage_taken":6,"max_hp_gain":0,"max_hp_loss":0,"event_name":"Nest","floor":20,"gold_loss":0,"cards_obtained":["RitualDagger"]},{"damage_healed":0,"gold_gain":0,"player_choice":"Traded Relic","damage_taken":0,"relics_obtained":["Nloth\u0027s Gift"],"max_hp_gain":0,"max_hp_loss":0,"event_name":"N\u0027loth","floor":27,"relics_lost":["Sundial"],"gold_loss":0}],"is_beta":false,"boss_relics":[{"not_picked":["Busted Crown","Tiny House"],"picked":"White Beast Statue"}],"items_purged_floors":[],"is_endless":false,"potions_floor_spawned":[5,6,8,16,18,21,22,23,24,28,29,31],"killed_by":"Champ","ascension_level":0}