{"gold_per_floor":[114,131,206,104,4,4,4,4,56,56,69,80,107,119,119,119],"floor_reached":16,"playtime":949,"items_purged":["Defend_G","Strike_G"],"score":125,"play_id":"2b876cd2-ce15-44f0-9a88-a53a400b5f65","local_time":"20180816210827","is_ascension_mode":false,"campfire_choices":[{"data":"Dagger Throw","floor":6,"key":"SMITH"},{"data":"Well Laid Plans","floor":8,"key":"SMITH"},{"data":"Masterful Stab","floor":10,"key":"SMITH"},{"data":"Calculated Gamble","floor":15,"key":"SMITH"}],"neow_cost":"","seed_source_timestamp":63763403441144,"circlet_count":0,"master_deck":["Defend_G","Defend_G","Defend_G","Defend_G","Strike_G","Strike_G","Strike_G","Strike_G","Survivor","Neutralize","Well Laid Plans+1","Masterful Stab+1","Dagger Throw+1","Calculated Gamble+1"],"relics":["Ring of the Snake","Bag of Marbles","Anchor","Incense Burner"],"potions_floor_usage":[],"damage_taken":[{"damage":2,"enemies":"Small Slimes","floor":1,"turns":5},{"damage":0,"enemies":"Jaw Worm","floor":2,"turns":5},{"damage":0,"enemies":"2 Louse","floor":11,"turns":2},{"damage":0,"enemies":"2 Fungi Beasts","floor":12,"turns":3},{"damage":0,"enemies":"Gremlin Nob","floor":13,"turns":3},{"damage":9,"enemies":"Exordium Thugs","floor":14,"turns":5},{"damage":36,"enemies":"Hexaghost","floor":16,"turns":14}],"seed_played":"-5281678462342796534","potions_obtained":[{"floor":2,"key":"PowerPotion"},{"floor":12,"key":"FearPotion"},{"floor":13,"key":"FearPotion"},{"floor":14,"key":"Swift Potion"}],"is_trial":false,"path_per_floor":["M","M","?","$","$","R","?","R","T","R","M","M","E","M","R"],"character_chosen":"THE_SILENT","items_purchased":["Dagger Throw"],"campfire_rested":0,"item_purchase_floors":[4],"current_hp_per_floor":[68,68,57,57,57,57,45,45,45,45,45,45,45,36,36,0],"gold":119,"neow_bonus":"","is_prod":false,"is_daily":false,"chose_seed":false,"campfire_upgraded":4,"win_rate":0,"timestamp":1534468107,"path_taken":["M","M","?","?","$","R","?","R","T","R","?","M","E","M","R","BOSS"],"build_version":"2018-08-09","purchased_purges":2,"victory":false,"max_hp_per_floor":[70,70,70,70,70,70,70,70,70,70,70,70,70,70,70,70],"card_choices":[{"not_picked":["Flying Knee","Slice"],"picked":"Well Laid Plans","floor":1},{"not_picked":["Catalyst","Deadly Poison"],"picked":"Masterful Stab","floor":2},{"not_picked":["Noxious Fumes","Dodge and Roll","Bane"],"picked":"SKIP","floor":11},{"not_picked":["Dagger Spray","Blade Dance","Crippling Poison"],"picked":"SKIP","floor":12},{"not_picked":["Heel Hook","Dodge and Roll"],"picked":"Calculated Gamble","floor":13},{"not_picked":["Distraction","Acrobatics","Riddle With Holes"],"picked":"SKIP","floor":14}],"player_experience":56525,"relics_obtained":[{"floor":9,"key":"Anchor"},{"floor":13,"key":"Incense Burner"}],"event_choices":[{"event_name":"World of Goop","player_choice":"Gather Gold","floor":3,"damage_taken":0},{"event_name":"Scrap Ooze","player_choice":"success","floor":7,"damage_taken":12}],"is_beta":false,"boss_relics":[],"items_purged_floors":[4,5],"is_endless":false,"potions_floor_spawned":[2,12,13,14],"killed_by":"Hexaghost","ascension_level":0}