{"gold_per_floor":[114,129,143,17,28,28,40,40,40,53,53,53,63,75,75,75],"floor_reached":16,"playtime":782,"items_purged":[],"score":163,"play_id":"ff072075-93cb-47b9-b401-051f3970bd66","local_time":"20190112052006","is_ascension_mode":true,"campfire_choices":[{"data":"Fission","floor":6,"key":"SMITH"},{"data":"FTL","floor":8,"key":"SMITH"},{"floor":15,"key":"REST"}],"neow_cost":"NONE","seed_source_timestamp":132950921319299,"circlet_count":0,"master_deck":["AscendersBane","Strike_B","Strike_B","Strike_B","Defend_B","Defend_B","Defend_B","Defend_B","Zap","Dualcast","Turbo","Ball Lightning","Recycle","Biased Cognition","Conserve Battery","Fission+1","FTL+1","Consume","White Noise","Cold Snap"],"relics":["Cracked Core"],"potions_floor_usage":[16,16],"damage_taken":[{"damage":9,"enemies":"2 Louse","floor":1,"turns":2},{"damage":12,"enemies":"Jaw Worm","floor":2,"turns":3},{"damage":1,"enemies":"Cultist","floor":3,"turns":3},{"damage":3,"enemies":"3 Louse","floor":5,"turns":2},{"damage":28,"enemies":"Large Slime","floor":7,"turns":6},{"damage":0,"enemies":"2 Fungi Beasts","floor":10,"turns":2},{"damage":6,"enemies":"Looter","floor":13,"turns":2},{"damage":0,"enemies":"Large Slime","floor":14,"turns":3},{"damage":35,"enemies":"Slime Boss","floor":16,"turns":10}],"seed_played":"4131635844198417718","potions_obtained":[{"floor":2,"key":"PowerPotion"},{"floor":13,"key":"Ancient Potion"}],"is_trial":false,"path_per_floor":["M","M","M","$","M","R","M","R","T","M","?","?","M","M","R","B"],"character_chosen":"DEFECT","items_purchased":["Biased Cognition","Conserve Battery"],"campfire_rested":1,"item_purchase_floors":[4,4],"current_hp_per_floor":[62,50,49,49,46,46,18,18,18,18,11,11,5,5,28,0],"gold":75,"neow_bonus":"TEN_PERCENT_HP_BONUS","is_prod":false,"is_daily":false,"chose_seed":false,"campfire_upgraded":2,"win_rate":0,"timestamp":1547299206,"path_taken":["M","M","M","$","M","R","M","R","T","M","?","?","M","M","R","BOSS"],"build_version":"2019-01-10","purchased_purges":0,"victory":false,"max_hp_per_floor":[78,78,78,78,78,78,78,78,78,78,78,78,78,78,78,78],"card_choices":[{"not_picked":["Rebound","Melter"],"picked":"Turbo","floor":1},{"not_picked":["Hologram","Turbo"],"picked":"Ball Lightning","floor":2},{"not_picked":["Gash","Beam Cell"],"picked":"Recycle","floor":3},{"not_picked":["Capacitor","Compile Driver"],"picked":"Fission","floor":5},{"not_picked":["Compile Driver","Steam"],"picked":"FTL","floor":7},{"not_picked":["Chaos","Darkness"],"picked":"Consume","floor":10},{"not_picked":["Ball Lightning","Turbo"],"picked":"White Noise","floor":13},{"not_picked":["Reprogram","Steam"],"picked":"Cold Snap","floor":14}],"player_experience":447877,"relics_obtained":[],"event_choices":[{"cards_removed":["Strike_B"],"damage_healed":0,"gold_gain":0,"player_choice":"Card Removal","damage_taken":7,"max_hp_gain":0,"max_hp_loss":0,"event_name":"Golden Wing","floor":11,"gold_loss":0},{"damage_healed":0,"gold_gain":0,"player_choice":"Ignored","damage_taken":0,"max_hp_gain":0,"max_hp_loss":0,"event_name":"Shining Light","floor":12,"gold_loss":0}],"is_beta":false,"boss_relics":[],"items_purged_floors":[],"is_endless":false,"potions_floor_spawned":[2,13,14],"killed_by":"Slime Boss","ascension_level":14}