{"gold_per_floor":[111,111,111,111,136,148,204,231,243,255,287,334,367,403,415,427],"floor_reached":16,"playtime":751,"items_purged":[],"score":116,"play_id":"ea6c2091-3ab7-418b-92d8-12e3661cfcf9","local_time":"20190204135115","is_ascension_mode":true,"campfire_choices":[{"floor":6,"key":"REST"},{"floor":15,"key":"REST"}],"neow_cost":"NONE","seed_source_timestamp":340818900196716,"circlet_count":0,"master_deck":["Strike_B+1","Strike_B","Strike_B","Strike_B","Defend_B+1","Defend_B","Defend_B","Defend_B","Zap+1","Dualcast","Sweeping Beam","Rebound","Go for the Eyes","Redo"],"relics":["Cracked Core","Golden Idol","MawBank","Smiling Mask","Vajra","Art of War"],"potions_floor_usage":[7,12,14,16],"damage_taken":[{"damage":1,"enemies":"Jaw Worm","floor":1,"turns":3},{"damage":23,"enemies":"Lagavulin","floor":7,"turns":6},{"damage":0,"enemies":"2 Louse","floor":8,"turns":2},{"damage":0,"enemies":"Cultist","floor":11,"turns":2},{"damage":16,"enemies":"Gremlin Nob","floor":12,"turns":3},{"damage":6,"enemies":"Large Slime","floor":13,"turns":4},{"damage":0,"enemies":"Gremlin Gang","floor":14,"turns":2},{"damage":51,"enemies":"Hexaghost","floor":16,"turns":9}],"seed_played":"-4657083415804046760","potions_obtained":[{"floor":0,"key":"FocusPotion"},{"floor":0,"key":"Explosive Potion"},{"floor":0,"key":"Dexterity Potion"},{"floor":7,"key":"Poison Potion"},{"floor":13,"key":"FairyPotion"}],"is_trial":false,"path_per_floor":["M","?","?","?","T","R","E","M","T","$","M","E","M","M","R","B"],"character_chosen":"DEFECT","items_purchased":[],"campfire_rested":2,"item_purchase_floors":[],"current_hp_per_floor":[74,56,56,41,41,63,40,40,40,40,40,24,18,18,40,0],"gold":427,"neow_bonus":"THREE_SMALL_POTIONS","is_prod":false,"is_daily":false,"chose_seed":false,"campfire_upgraded":0,"win_rate":0,"timestamp":1549284675,"path_taken":["M","?","?","?","?","R","E","?","T","$","M","E","M","M","R","BOSS"],"build_version":"2019-01-23","purchased_purges":0,"victory":false,"max_hp_per_floor":[75,75,75,75,75,75,75,75,75,75,75,75,75,75,75,75],"card_choices":[{"not_picked":["Steam","Undo","Loop"],"picked":"SKIP","floor":1},{"not_picked":["Leap","Redo"],"picked":"Sweeping Beam","floor":7},{"not_picked":["Coolheaded","All For One","Leap"],"picked":"SKIP","floor":8},{"not_picked":["Chill","Leap"],"picked":"Rebound","floor":11},{"not_picked":["Self Repair","Sweeping Beam","Defragment"],"picked":"SKIP","floor":12},{"not_picked":["Consume","Conserve Battery"],"picked":"Go for the Eyes","floor":13},{"not_picked":["Turbo","Conserve Battery"],"picked":"Redo","floor":14}],"player_experience":1088086,"relics_obtained":[{"floor":5,"key":"MawBank"},{"floor":7,"key":"Smiling Mask"},{"floor":9,"key":"Vajra"},{"floor":12,"key":"Art of War"}],"event_choices":[{"damage_healed":0,"gold_gain":0,"player_choice":"Take Damage","damage_taken":18,"relics_obtained":["Golden Idol"],"max_hp_gain":0,"max_hp_loss":0,"event_name":"Golden Idol","floor":2,"gold_loss":0},{"damage_healed":0,"gold_gain":0,"player_choice":"Grow","damage_taken":0,"max_hp_gain":0,"max_hp_loss":0,"event_name":"Living Wall","floor":3,"gold_loss":0,"cards_upgraded":["Zap"]},{"damage_healed":0,"gold_gain":0,"player_choice":"Entered Light","damage_taken":15,"max_hp_gain":0,"max_hp_loss":0,"event_name":"Shining Light","floor":4,"gold_loss":0,"cards_upgraded":["Strike_B","Defend_B"]}],"is_beta":true,"boss_relics":[],"items_purged_floors":[],"is_endless":false,"potions_floor_spawned":[1,7,13],"killed_by":"Hexaghost","ascension_level":1}