{"gold_per_floor":[117,117,42,42,52,52,77,77,77,93,112,112,131,161,161,236,236,249,249,259,259,259],"floor_reached":22,"playtime":744,"items_purged":["Strike_B"],"score":463,"play_id":"46152c07-ec8d-47a2-94b5-2892072ba932","local_time":"20190303064416","is_ascension_mode":true,"campfire_choices":[{"data":"Zap","floor":6.0,"key":"SMITH"},{"data":"Sweeping Beam","floor":8.0,"key":"SMITH"},{"data":"Lockon","floor":12.0,"key":"SMITH"},{"data":"Ball Lightning","floor":15.0,"key":"SMITH"}],"neow_cost":"NONE","seed_source_timestamp":166761854875902,"circlet_count":0,"master_deck":["AscendersBane","Defend_B","Defend_B","Defend_B","Zap+1","Dualcast","Ball Lightning+1","Sweeping Beam+1","Thunder Strike","Ball Lightning","Lockon+1","Self Repair","Leap","Seek","Ball Lightning","Auto Shields","Hologram","Bite","Bite","Bite","Bite","Bite"],"special_seed":0,"relics":["Cracked Core","NeowsBlessing","Symbiotic Virus","Turnip","Dodecahedron","Cursed Key"],"potions_floor_usage":[],"damage_taken":[{"damage":0.0,"enemies":"Jaw Worm","floor":1.0,"turns":1.0},{"damage":0.0,"enemies":"Small Slimes","floor":5.0,"turns":1.0},{"damage":0.0,"enemies":"3 Sentries","floor":7.0,"turns":1.0},{"damage":6.0,"enemies":"2 Louse","floor":10.0,"turns":2.0},{"damage":3.0,"enemies":"Blue Slaver","floor":11.0,"turns":2.0},{"damage":8.0,"enemies":"3 Louse","floor":13.0,"turns":2.0},{"damage":10.0,"enemies":"Lagavulin","floor":14.0,"turns":5.0},{"damage":26.0,"enemies":"The Guardian","floor":16.0,"turns":9.0},{"damage":27.0,"enemies":"3 Byrds","floor":18.0,"turns":3.0},{"damage":23.0,"enemies":"Shell Parasite","floor":20.0,"turns":4.0},{"damage":34,"enemies":"Shelled Parasite and Fungi","floor":22,"turns":3}],"seed_played":"-1753316119671605169","potions_obtained":[{"floor":1.0,"key":"Strength Potion"},{"floor":10.0,"key":"Strength Potion"},{"floor":13.0,"key":"GamblersBrew"},{"floor":14.0,"key":"LiquidBronze"}],"is_trial":false,"path_per_floor":["M","?","$","?","M","R","E","R","T","M","M","R","M","E","R","B",null,"M","?","M","?","M"],"character_chosen":"DEFECT","items_purchased":[],"campfire_rested":0,"item_purchase_floors":[],"current_hp_per_floor":[64,64,64,57,57,57,57,57,57,51,48,48,40,37,37,18,58,38,38,22,22,0],"gold":259,"neow_bonus":"THREE_ENEMY_KILL","is_prod":false,"is_daily":false,"chose_seed":false,"campfire_upgraded":4,"win_rate":0,"timestamp":1551613456,"path_taken":["M","?","$","?","M","R","E","R","T","M","M","R","M","E","R","BOSS","M","?","M","?","M"],"build_version":"2019-01-23","purchased_purges":1,"victory":false,"max_hp_per_floor":[71,71,71,71,71,71,71,71,71,71,71,71,71,71,71,71,71,71,71,71,49,49],"card_choices":[{"not_picked":["White Noise","Steam"],"picked":"Ball Lightning","floor":1.0},{"not_picked":["Gash","Barrage"],"picked":"Sweeping Beam","floor":5.0},{"not_picked":["Gash","Leap"],"picked":"Thunder Strike","floor":7.0},{"not_picked":["Go for the Eyes","Blizzard"],"picked":"Ball Lightning","floor":10.0},{"not_picked":["Sunder","Capacitor"],"picked":"Lockon","floor":11.0},{"not_picked":["Cold Snap","FTL"],"picked":"Self Repair","floor":13.0},{"not_picked":["Go for the Eyes","Sunder"],"picked":"Leap","floor":14.0},{"not_picked":["Thunder Strike","Amplify"],"picked":"Seek","floor":16.0},{"not_picked":["Sweeping Beam","Go for the Eyes"],"picked":"Ball Lightning","floor":18.0},{"not_picked":["Fusion+1","Rebound"],"picked":"Hologram","floor":20}],"player_experience":657415,"relics_obtained":[{"floor":7.0,"key":"Symbiotic Virus"},{"floor":9.0,"key":"Turnip"},{"floor":14.0,"key":"Dodecahedron"}],"event_choices":[{"cards_removed":["Strike_B"],"damage_healed":0.0,"max_hp_gain":0.0,"max_hp_loss":0.0,"gold_gain":0.0,"event_name":"Living Wall","player_choice":"Forget","floor":2.0,"gold_loss":0.0,"damage_taken":0.0},{"cards_removed":["Defend_B"],"damage_healed":0.0,"max_hp_gain":0.0,"max_hp_loss":0.0,"gold_gain":0.0,"event_name":"Golden Wing","player_choice":"Card Removal","floor":4.0,"gold_loss":0.0,"damage_taken":7.0},{"damage_healed":0.0,"max_hp_gain":0.0,"max_hp_loss":0.0,"gold_gain":0.0,"event_name":"The Library","player_choice":"Read","floor":19.0,"gold_loss":0.0,"damage_taken":0.0,"cards_obtained":["Auto Shields"]},{"damage_healed":0,"gold_gain":0,"player_choice":"Became a vampire","damage_taken":0,"max_hp_gain":0,"max_hp_loss":22,"event_name":"Vampires","floor":21,"gold_loss":0,"cards_obtained":["Bite","Bite","Bite","Bite","Bite"]}],"is_beta":false,"boss_relics":[{"not_picked":["Black Star","Busted Crown"],"picked":"Cursed Key"}],"items_purged_floors":[3],"is_endless":false,"potions_floor_spawned":[1,10,13,14],"killed_by":"Shelled Parasite and Fungi","ascension_level":20}