{"gold_per_floor":[113,127,127,127,147,178,178,212,288,288,20,39,65,80,80,159,159,159,10,10,10,10,10,10,10,10,10,10,10,10,0,0,0,0,0,0,0,0,0,0,0,0,0,0,0,0,0,0,0,0],"floor_reached":50,"playtime":3534,"items_purged":[],"score":1191,"play_id":"4719e078-9354-4764-9ace-da2e170fe4c8","local_time":"20180712002002","is_ascension_mode":true,"campfire_choices":[{"floor":7,"key":"REST"},{"floor":10,"key":"REST"},{"data":"1","floor":15,"key":"LIFT"},{"floor":24,"key":"REST"},{"data":"2","floor":32,"key":"LIFT"},{"floor":41,"key":"REST"},{"data":"After Image","floor":46,"key":"SMITH"},{"data":"3","floor":49,"key":"LIFT"}],"neow_cost":"NONE","seed_source_timestamp":18925976445781,"circlet_count":0,"master_deck":["Defend_G","Defend_G+1","Defend_G+1","Defend_G","Defend_G","Survivor+1","Neutralize+1","AscendersBane","Riddle With Holes","All Out Attack+1","Die Die Die","Quick Slash","Backstab","Noxious Fumes","Blur","PiercingWail","Dodge and Roll","Night Terror","Well Laid Plans","Bite","Bite","Bite","Bite","Bite","Blur","PiercingWail+1","Leg Sweep","Malaise","Cloak And Dagger+1","After Image+1","Envenom","Infinite Blades","Cloak And Dagger+1","Writhe"],"relics":["Ring of the Snake","Girya","Whetstone","Shuriken","War Paint","Ginger","Ectoplasm","Singing Bowl","Ice Cream","Blood Vial","Anchor","Cursed Key","Turnip","Snake Skull","Regal Pillow","Pear"],"potions_floor_usage":[6,8,8,13,16,23,33,33,40,47,50],"damage_taken":[{"damage":0,"enemies":"Small Slimes","floor":1,"turns":4},{"damage":0,"enemies":"2 Louse","floor":2,"turns":3},{"damage":2,"enemies":"Cultist","floor":5,"turns":4},{"damage":24,"enemies":"Gremlin Nob","floor":6,"turns":4},{"damage":0,"enemies":"3 Sentries","floor":8,"turns":1},{"damage":0,"enemies":"Gremlin Gang","floor":12,"turns":5},{"damage":0,"enemies":"Lagavulin","floor":13,"turns":8},{"damage":1,"enemies":"Large Slime","floor":14,"turns":4},{"damage":0,"enemies":"Slime Boss","floor":16,"turns":8},{"damage":12,"enemies":"Chosen","floor":18,"turns":4},{"damage":21,"enemies":"Shell Parasite","floor":21,"turns":6},{"damage":14,"enemies":"3 Cultists","floor":22,"turns":5},{"damage":38,"enemies":"Book of Stabbing","floor":23,"turns":6},{"damage":0,"enemies":"Chosen and Byrds","floor":25,"turns":4},{"damage":42,"enemies":"Slavers","floor":27,"turns":9},{"damage":3,"enemies":"Centurion and Healer","floor":28,"turns":11},{"damage":0,"enemies":"Snake Plant","floor":30,"turns":4},{"damage":11,"enemies":"Automaton","floor":33,"turns":13},{"damage":4,"enemies":"Orb Walker","floor":35,"turns":5},{"damage":10,"enemies":"3 Shapes","floor":36,"turns":7},{"damage":3,"enemies":"Sphere and 2 Shapes","floor":38,"turns":8},{"damage":56,"floor":39,"turns":6},{"damage":34,"enemies":"2 Orb Walkers","floor":40,"turns":6},{"damage":0,"enemies":"3 Darklings","floor":42,"turns":6},{"damage":0,"enemies":"4 Shapes","floor":44,"turns":5},{"damage":26,"enemies":"Nemesis","floor":45,"turns":5},{"damage":0,"enemies":"Sphere and 2 Shapes","floor":47,"turns":3},{"damage":0,"enemies":"3 Darklings","floor":48,"turns":3},{"damage":69,"enemies":"Donu and Deca","floor":50,"turns":7}],"seed_played":"5553032122361187766","potions_obtained":[{"floor":2,"key":"Explosive Potion"},{"floor":5,"key":"GamblersBrew"},{"floor":6,"key":"Explosive Potion"},{"floor":8,"key":"Ancient Potion"},{"floor":13,"key":"LiquidBronze"},{"floor":14,"key":"SkillPotion"},{"floor":27,"key":"SmokeBomb"},{"floor":28,"key":"Dexterity Potion"},{"floor":30,"key":"GamblersBrew"},{"floor":33,"key":"SmokeBomb"},{"floor":35,"key":"Regen Potion"},{"floor":45,"key":"AttackPotion"}],"is_trial":false,"path_per_floor":["M","M","?","?","M","E","R","E","T","R","$","M","E","M","R","B",null,"M","$","?","M","M","E","R","M","T","E","M","?","M","?","R","B",null,"M","M","?","M","?","E","R","M","T","M","E","R","M","M","R"],"character_chosen":"THE_SILENT","items_purchased":["Backstab","Noxious Fumes","War Paint","Singing Bowl"],"campfire_rested":4,"item_purchase_floors":[11,11,11,19],"current_hp_per_floor":[65,65,65,43,41,17,38,38,38,59,59,59,59,58,58,58,69,57,57,50,37,37,13,28,38,38,10,35,35,47,47,47,47,52,54,54,54,58,14,5,23,37,37,49,45,45,49,59,59,0],"gold":0,"neow_bonus":"TEN_PERCENT_HP_BONUS","is_prod":false,"is_daily":false,"chose_seed":false,"campfire_upgraded":1,"win_rate":0,"timestamp":1531347602,"path_taken":["M","M","?","?","M","E","R","E","T","R","$","M","E","M","R","BOSS","M","$","?","M","M","E","R","M","T","E","?","?","M","?","R","BOSS","M","M","?","?","?","E","R","M","T","M","E","R","M","?","R","BOSS"],"build_version":"2018-07-05","purchased_purges":0,"victory":false,"max_hp_per_floor":[72,72,72,72,72,72,72,72,72,72,72,72,72,72,72,72,72,72,72,50,50,52,52,52,52,52,52,52,52,54,54,54,54,54,56,58,58,58,60,60,60,62,62,64,76,76,76,78,78,78],"card_choices":[{"not_picked":["Outmaneuver","Concentrate","Distraction"],"picked":"SKIP","floor":1},{"not_picked":["Prepared","Bane"],"picked":"Riddle With Holes","floor":2},{"not_picked":["Eviscerate","Crippling Poison"],"picked":"All Out Attack","floor":5},{"not_picked":["Sucker Punch","Cloak And Dagger"],"picked":"Die Die Die","floor":6},{"not_picked":["Outmaneuver","Riddle With Holes"],"picked":"Quick Slash","floor":8},{"not_picked":["Poisoned Stab","Flying Knee"],"picked":"Blur","floor":12},{"not_picked":["Outmaneuver","Dagger Spray"],"picked":"PiercingWail","floor":13},{"not_picked":["Prepared","Dagger Throw"],"picked":"Dodge and Roll","floor":14},{"not_picked":["Unload","Storm of Steel"],"picked":"Night Terror","floor":16},{"not_picked":["Slice","Cloak And Dagger"],"picked":"Well Laid Plans","floor":18},{"not_picked":["Concentrate","Quick Slash"],"picked":"Blur","floor":21},{"not_picked":["Flying Knee","Die Die Die","Poisoned Stab"],"picked":"Singing Bowl","floor":22},{"not_picked":["Sucker Punch","Blade Dance"],"picked":"PiercingWail+1","floor":23},{"not_picked":["Dash","Endless Agony+1"],"picked":"Leg Sweep","floor":25},{"not_picked":["Bouncing Flask+1","Dagger Spray"],"picked":"Malaise","floor":27},{"not_picked":["PiercingWail","Acrobatics"],"picked":"Cloak And Dagger+1","floor":28},{"not_picked":["Dagger Throw","Acrobatics","Dodge and Roll"],"picked":"Singing Bowl","floor":30},{"not_picked":["Tools of the Trade","Phantasmal Killer"],"picked":"Envenom","floor":33},{"not_picked":["Endless Agony","Poisoned Stab","Predator"],"picked":"Singing Bowl","floor":35},{"not_picked":["Deadly Poison+1","Reflex","Flying Knee"],"picked":"Singing Bowl","floor":36},{"not_picked":["Flying Knee","Concentrate"],"picked":"Infinite Blades","floor":38},{"not_picked":["Dagger Throw","Caltrops","Finisher"],"picked":"Singing Bowl","floor":39},{"not_picked":["Accuracy","Finisher"],"picked":"Cloak And Dagger+1","floor":40},{"not_picked":["Dagger Throw","Outmaneuver","Slice+1"],"picked":"Singing Bowl","floor":42},{"not_picked":["Die Die Die","Deflect","Backflip"],"picked":"Singing Bowl","floor":44},{"not_picked":["Caltrops","Heel Hook+1","Quick Slash"],"picked":"Singing Bowl","floor":45},{"not_picked":["Quick Slash","Crippling Poison","Deflect"],"picked":"Singing Bowl","floor":48}],"player_experience":813434,"relics_obtained":[{"floor":6,"key":"Girya"},{"floor":8,"key":"Whetstone"},{"floor":9,"key":"Shuriken"},{"floor":13,"key":"Ginger"},{"floor":23,"key":"Ice Cream"},{"floor":26,"key":"Blood Vial"},{"floor":27,"key":"Anchor"},{"floor":39,"key":"Turnip"},{"floor":40,"key":"Snake Skull"},{"floor":43,"key":"Regal Pillow"},{"floor":45,"key":"Pear"}],"event_choices":[{"event_name":"Liars Game","player_choice":"disagreed","floor":3,"damage_taken":0},{"event_name":"Shining Light","player_choice":"Entered Light","floor":4,"damage_taken":0},{"event_name":"Vampires","player_choice":"Became a vampire","floor":20,"damage_taken":0},{"event_name":"The Library","player_choice":"Read","floor":29,"damage_taken":0},{"event_name":"Masked Bandits","player_choice":"Paid Bandits 10 gold","floor":31,"damage_taken":0},{"event_name":"Golden Shrine","player_choice":"Skipped","floor":37,"damage_taken":0},{"event_name":"Mysterious Sphere","player_choice":"Fight","floor":39,"damage_taken":0}],"boss_relics":[{"not_picked":["Orrery","Philosopher\u0027s Stone"],"picked":"Ectoplasm"},{"not_picked":["Snecko Eye","Eternal Feather"],"picked":"Cursed Key"}],"items_purged_floors":[],"is_endless":false,"potions_floor_spawned":[2,5,6,8,13,14,27,28,30,33,35,39,45],"killed_by":"Donu and Deca","ascension_level":15}