{"path_per_floor":["M","$","M","M","M","E","R","M","T","M","R","M","T","M","R","B",null,"M","M","$","?","?","R"],"character_chosen":"THE_SILENT","items_purchased":["Dramatic Entrance","Gremlin Horn","Accuracy"],"gold_per_floor":[111,19,39,50,60,85,85,96,96,116,116,134,206,226,226,329,329,340,350,18,18,18,18,18],"floor_reached":24,"campfire_rested":2,"playtime":982,"current_hp_per_floor":[69,69,63,63,60,30,51,52,52,49,70,61,61,61,61,61,70,60,56,56,56,35,35,0],"items_purged":[],"gold":18,"score":275,"play_id":"a04f1df3-18bd-44c4-9b9d-ad594f11ebdc","local_time":"20180413193758","is_prod":false,"is_daily":false,"chose_seed":false,"is_ascension_mode":false,"campfire_upgraded":2,"timestamp":1523612278,"path_taken":["M","?","?","M","M","E","R","M","T","M","R","M","?","?","R","BOSS","M","M","?","?","?","R","E"],"build_version":"2018-04-12","seed_source_timestamp":2404727505305,"purchased_purges":0,"victory":false,"master_deck":["Defend_G","Defend_G","Defend_G","Defend_G","Defend_G","Strike_G","Strike_G","Strike_G","Strike_G","Strike_G","Survivor","Neutralize","Infinite Blades","Dramatic Entrance+1","Dagger Spray","Dagger Spray","Backstab","Accuracy","Cloak And Dagger","Cloak And Dagger","Storm of Steel+1","Accuracy","Infinite Blades","Ghostly","Ghostly","Ghostly","Ghostly","Ghostly"],"max_hp_per_floor":[70,70,70,70,70,70,70,70,70,70,70,70,70,70,70,70,70,70,70,70,70,35,35,35],"relics":["Snecko Eye","Ginger","Bottled Tornado","Shuriken","White Beast Statue","Gremlin Horn"],"card_choices":[{"not_picked":["Prepared","Backflip"],"picked":"Infinite Blades","floor":1},{"not_picked":["Sucker Punch","Dodge and Roll"],"picked":"Dagger Spray","floor":3},{"not_picked":["Bane","Poisoned Stab"],"picked":"Dagger Spray","floor":4},{"not_picked":["Flying Knee","Acrobatics"],"picked":"Backstab","floor":5},{"not_picked":["Quick Slash","Dagger Spray"],"picked":"Accuracy","floor":6},{"not_picked":["Malaise","Dagger Throw"],"picked":"Cloak And Dagger","floor":8},{"not_picked":["Backflip","Escape Plan"],"picked":"Cloak And Dagger","floor":12},{"not_picked":["Night Terror","Glass Knife"],"picked":"Storm of Steel","floor":16}],"player_experience":117917,"potions_floor_usage":[5,8,16,16,18,24],"damage_taken":[{"damage":1,"enemies":"Cultist","floor":1,"turns":5},{"damage":6,"enemies":"Jaw Worm","floor":3,"turns":3},{"damage":0,"enemies":"2 Louse","floor":4,"turns":3},{"damage":3,"enemies":"Gremlin Gang","floor":5,"turns":2},{"damage":30,"enemies":"3 Sentries","floor":6,"turns":8},{"damage":5,"enemies":"Large Slime","floor":8,"turns":4},{"damage":3,"enemies":"Exordium Wildlife","floor":10,"turns":2},{"damage":9,"enemies":"Looter","floor":12,"turns":3},{"damage":0,"enemies":"Lots of Slimes","floor":14,"turns":1},{"damage":0,"enemies":"Slime Boss","floor":16,"turns":6},{"damage":10,"enemies":"Chosen","floor":18,"turns":3},{"damage":4,"enemies":"Spheric Guardian","floor":19,"turns":3},{"damage":35,"enemies":"Book of Stabbing","floor":24,"turns":5}],"event_choices":[{"event_name":"Duplicator","player_choice":"One dupe","floor":21,"damage_taken":0},{"event_name":"Ghosts","player_choice":"Became a Ghost","floor":22,"damage_taken":0}],"boss_relics":[{"not_picked":["Runic Dome","Ectoplasm"],"picked":"White Beast Statue"}],"potions_floor_spawned":[1,5,6,14,16,18,19],"seed_played":"2130811011582457270","killed_by":"Book of Stabbing","ascension_level":0,"is_trial":false}