{"gold_per_floor":[110,129,147,161,175,206,235,310,310,310,310],"floor_reached":11,"playtime":1378,"items_purged":[],"score":75,"play_id":"8b04b7c7-fe50-42d7-ba34-9e932de31953","local_time":"20190106214601","is_ascension_mode":false,"campfire_choices":[{"floor":10,"key":"REST"}],"neow_cost":"NONE","seed_source_timestamp":172155590678374,"circlet_count":0,"master_deck":["Defend_G","Defend_G","Defend_G","Defend_G","Defend_G","Strike_G","Strike_G","Strike_G","Strike_G","Strike_G","Survivor","Neutralize","Blade Dance","Slice","Catalyst","Crippling Poison","Outmaneuver","Accuracy","Sucker Punch"],"relics":["Ring of the Snake","Lantern","Odd Mushroom"],"potions_floor_usage":[6,7,11],"damage_taken":[{"damage":1,"enemies":"2 Louse","floor":1,"turns":4},{"damage":6,"enemies":"Small Slimes","floor":2,"turns":5},{"damage":1,"enemies":"Cultist","floor":3,"turns":4},{"damage":1,"enemies":"Exordium Wildlife","floor":4,"turns":3},{"damage":19,"enemies":"Exordium Thugs","floor":5,"turns":6},{"damage":19,"enemies":"Lagavulin","floor":6,"turns":8},{"damage":12,"enemies":"The Mushroom Lair","floor":7,"turns":5},{"damage":48,"enemies":"Gremlin Nob","floor":11,"turns":5}],"seed_played":"7120397349232963314","potions_obtained":[{"floor":1,"key":"SkillPotion"},{"floor":6,"key":"Dexterity Potion"},{"floor":7,"key":"SpeedPotion"}],"is_trial":false,"path_per_floor":["M","M","M","M","M","E","?","?","T","R","E"],"character_chosen":"THE_SILENT","items_purchased":[],"campfire_rested":1,"item_purchase_floors":[],"current_hp_per_floor":[76,70,69,68,49,30,18,11,11,34,0],"gold":310,"neow_bonus":"TEN_PERCENT_HP_BONUS","is_prod":false,"is_daily":false,"chose_seed":false,"campfire_upgraded":0,"win_rate":0,"timestamp":1546829161,"path_taken":["M","M","M","M","M","E","?","?","T","R","E"],"build_version":"2019-01-03v4","purchased_purges":0,"victory":false,"max_hp_per_floor":[77,77,77,77,77,77,77,77,77,77,77],"card_choices":[{"not_picked":["Reflex","Outmaneuver"],"picked":"Blade Dance","floor":1},{"not_picked":["Dagger Throw","Concentrate"],"picked":"Slice","floor":2},{"not_picked":["Outmaneuver","Dagger Throw"],"picked":"Catalyst","floor":3},{"not_picked":["Outmaneuver","Masterful Stab"],"picked":"Crippling Poison","floor":4},{"not_picked":["Reflex","Concentrate"],"picked":"Outmaneuver","floor":5},{"not_picked":["Dagger Spray","Concentrate"],"picked":"Accuracy","floor":6},{"not_picked":["Bane","Tactician"],"picked":"Sucker Punch","floor":7}],"player_experience":444767,"relics_obtained":[{"floor":6,"key":"Lantern"},{"floor":7,"key":"Odd Mushroom"}],"event_choices":[{"damage_healed":0,"gold_gain":0,"player_choice":"Fought Mushrooms","damage_taken":0,"max_hp_gain":0,"max_hp_loss":0,"event_name":"Mushrooms","floor":7,"gold_loss":0},{"damage_healed":0,"gold_gain":75,"player_choice":"Touch","damage_taken":7,"max_hp_gain":0,"max_hp_loss":0,"event_name":"FaceTrader","floor":8,"gold_loss":0}],"is_beta":false,"boss_relics":[],"items_purged_floors":[],"is_endless":false,"potions_floor_spawned":[1,6,7],"killed_by":"Gremlin Nob","ascension_level":0}