{"gold_per_floor":[114,114,133,151,101,117,15,25,25,25,200,200,231,247,247,352,352,363,363,363,383,75,75,101,101,125,125],"floor_reached":27,"playtime":852,"items_purged":["Writhe","Doubt"],"score":231,"play_id":"fcc4ffdd-2fe3-4bdd-92e9-04f9a8e9d3a3","local_time":"20190306184444","is_ascension_mode":false,"campfire_choices":[{"data":"Flex","floor":12,"key":"SMITH"},{"data":"Whirlwind","floor":15,"key":"SMITH"},{"floor":23,"key":"RECALL"}],"neow_cost":"CURSE","seed_source_timestamp":529535513082,"circlet_count":0,"master_deck":["Strike_R","Strike_R","Strike_R","Strike_R","Defend_R","Defend_R","Defend_R","Defend_R","Bash","Offering","Inflame","Perfected Strike","Whirlwind+1","Flex+1","Warcry","Sword Boomerang","Sword Boomerang","Perfected Strike","Exhume","Seeing Red+1","Sword Boomerang+1","Double Tap","Decay"],"relics":["Burning Blood","WarpedTongs","Bottled Tornado","Bottled Lightning","Cursed Key","Sling","Bottled Flame"],"potions_floor_usage":[16,16,16,24],"damage_taken":[{"damage":6,"enemies":"Small Slimes","floor":1,"turns":3},{"damage":6,"enemies":"Cultist","floor":3,"turns":2},{"damage":8,"enemies":"2 Louse","floor":4,"turns":2},{"damage":15,"enemies":"Blue Slaver","floor":6,"turns":3},{"damage":22,"enemies":"Exordium Thugs","floor":8,"turns":3},{"damage":16,"enemies":"Gremlin Nob","floor":13,"turns":3},{"damage":6,"enemies":"Large Slime","floor":14,"turns":2},{"damage":42,"enemies":"The Guardian","floor":16,"turns":6},{"damage":32,"enemies":"2 Thieves","floor":18,"turns":2},{"damage":6,"enemies":"Shell Parasite","floor":21,"turns":1},{"damage":24,"enemies":"Book of Stabbing","floor":24,"turns":2},{"damage":29,"enemies":"Shelled Parasite and Fungi","floor":27,"turns":2}],"seed_played":"2383279236086622298","potions_obtained":[{"floor":3,"key":"SkillPotion"},{"floor":6,"key":"Energy Potion"},{"floor":8,"key":"FearPotion"},{"floor":21,"key":"Energy Potion"}],"is_trial":false,"path_per_floor":["M","?","M","M","?","M","$","M","T","$","?","R","E","M","R","B",null,"M","?","?","M","$","R","E","?","T","M"],"character_chosen":"IRONCLAD","items_purchased":["Warcry","Sling"],"campfire_rested":0,"item_purchase_floors":[7,22],"current_hp_per_floor":[80,80,80,78,78,69,69,53,53,53,53,53,43,43,43,7,80,54,39,39,39,39,39,21,21,21,0],"gold":125,"neow_bonus":"THREE_RARE_CARDS","is_prod":false,"is_daily":false,"chose_seed":false,"campfire_upgraded":2,"win_rate":0,"timestamp":1551865484,"path_taken":["M","?","?","M","?","M","$","M","T","$","?","R","E","M","R","BOSS","M","?","?","M","$","R","E","?","T","?"],"build_version":"2019-01-23","purchased_purges":2,"victory":false,"max_hp_per_floor":[80,80,80,80,80,80,80,80,80,80,80,80,80,80,80,80,80,80,85,85,85,85,85,85,85,85,85],"card_choices":[{"not_picked":["Juggernaut","Immolate"],"picked":"Offering","floor":0},{"not_picked":["Carnage","Armaments"],"picked":"Inflame","floor":1},{"not_picked":["Anger","True Grit"],"picked":"Perfected Strike","floor":3},{"not_picked":["Flex","Clash"],"picked":"Whirlwind","floor":4},{"not_picked":["Inflame","Perfected Strike"],"picked":"Flex","floor":6},{"not_picked":["Headbutt","Barricade"],"picked":"Sword Boomerang","floor":8},{"not_picked":["Armaments","Iron Wave"],"picked":"Sword Boomerang","floor":13},{"not_picked":["Carnage","Searing Blow"],"picked":"Perfected Strike","floor":14},{"not_picked":["Berserk","Fiend Fire"],"picked":"Exhume","floor":16},{"not_picked":["Cleave","Anger"],"picked":"Seeing Red+1","floor":18},{"not_picked":["Clothesline","Iron Wave"],"picked":"Sword Boomerang+1","floor":21},{"not_picked":["Iron Wave","Heavy Blade"],"picked":"Double Tap","floor":24}],"player_experience":127999,"relics_obtained":[{"floor":9,"key":"Bottled Tornado"},{"floor":13,"key":"Bottled Lightning"},{"floor":24,"key":"Bottled Flame"}],"event_choices":[{"damage_healed":0,"gold_gain":0,"player_choice":"Rummage","damage_taken":0,"relics_obtained":["WarpedTongs"],"max_hp_gain":0,"max_hp_loss":0,"event_name":"Accursed Blacksmith","floor":2,"gold_loss":0,"cards_obtained":["Pain"]},{"cards_removed":["Pain"],"damage_healed":0,"gold_gain":0,"player_choice":"Card Removal","damage_taken":0,"max_hp_gain":0,"max_hp_loss":0,"event_name":"The Cleric","floor":5,"gold_loss":50},{"damage_healed":0,"gold_gain":175,"player_choice":"AGREE","damage_taken":0,"max_hp_gain":0,"max_hp_loss":0,"event_name":"Liars Game","floor":11,"gold_loss":0,"cards_obtained":["Doubt"]},{"damage_healed":0,"gold_gain":0,"player_choice":"Shed Blood","damage_taken":20,"max_hp_gain":5,"max_hp_loss":0,"event_name":"Forgotten Altar","floor":19,"gold_loss":0},{"damage_healed":0,"gold_gain":0,"player_choice":"Ignored","damage_taken":0,"max_hp_gain":0,"max_hp_loss":0,"event_name":"Ghosts","floor":20,"gold_loss":0},{"cards_removed":["Strike_R"],"damage_healed":0,"gold_gain":0,"player_choice":"Card Removal","damage_taken":0,"max_hp_gain":0,"max_hp_loss":0,"event_name":"Wheel of Change","floor":25,"gold_loss":0}],"is_beta":false,"boss_relics":[{"not_picked":["Busted Crown","Coffee Dripper"],"picked":"Cursed Key"}],"items_purged_floors":[7,22],"is_endless":false,"potions_floor_spawned":[3,6,8,21],"killed_by":"Shelled Parasite and Fungi","ascension_level":0}