{"gold_per_floor":[362,31,49,60,77,77,77,90,117,128,128,128],"floor_reached":12,"playtime":1161,"items_purged":["Strike_R"],"score":72,"play_id":"0c7387f7-7604-486e-8a0d-0f82cb6d7609","local_time":"20190305234301","is_ascension_mode":false,"campfire_choices":[{"data":"Chrysalis","floor":7,"key":"SMITH"}],"neow_cost":"PERCENT_DAMAGE","seed_source_timestamp":13098973941917,"circlet_count":0,"master_deck":["Strike_R","Strike_R","Strike_R","Strike_R","Defend_R","Defend_R","Defend_R","Defend_R","Bash","Disarm","Feel No Pain","Chrysalis+1","True Grit","Metallicize","Limit Break","Bloodletting","Flame Barrier"],"relics":["Burning Blood","Orichalcum","Golden Idol"],"potions_floor_usage":[5,12,12],"damage_taken":[{"damage":0,"enemies":"Small Slimes","floor":1,"turns":3},{"damage":5,"enemies":"Jaw Worm","floor":3,"turns":4},{"damage":22,"enemies":"Cultist","floor":4,"turns":7},{"damage":33,"enemies":"Gremlin Gang","floor":5,"turns":9},{"damage":17,"enemies":"Large Slime","floor":8,"turns":9},{"damage":8,"enemies":"2 Fungi Beasts","floor":10,"turns":7},{"damage":9,"enemies":"Lagavulin","floor":12,"turns":15}],"seed_played":"1286246008487021853","potions_obtained":[{"floor":1,"key":"Energy Potion"},{"floor":3,"key":"BloodPotion"},{"floor":10,"key":"Swift Potion"}],"is_trial":false,"path_per_floor":["M","$","M","M","M","?","R","M","T","M","?","E"],"character_chosen":"IRONCLAD","items_purchased":["Feel No Pain","Chrysalis"],"campfire_rested":0,"item_purchase_floors":[2,2],"current_hp_per_floor":[62,62,63,47,28,25,25,14,14,12,12,3],"gold":128,"neow_bonus":"TWO_FIFTY_GOLD","is_prod":false,"is_daily":false,"chose_seed":false,"campfire_upgraded":1,"win_rate":0,"timestamp":1551796981,"path_taken":["M","$","M","M","M","?","R","M","T","M","?","E"],"build_version":"2019-01-23","purchased_purges":1,"victory":false,"max_hp_per_floor":[80,80,80,80,80,80,80,80,80,80,74,74],"card_choices":[{"not_picked":["Armaments","Blood for Blood"],"picked":"Disarm","floor":1},{"not_picked":["Twin Strike","Headbutt"],"picked":"True Grit","floor":3},{"not_picked":["Cleave","Burning Pact"],"picked":"Metallicize","floor":4},{"not_picked":["Havoc","Twin Strike"],"picked":"Limit Break","floor":5},{"not_picked":["Headbutt","Perfected Strike"],"picked":"Bloodletting","floor":8},{"not_picked":["Flex","True Grit"],"picked":"Flame Barrier","floor":10}],"player_experience":102507,"relics_obtained":[],"event_choices":[{"damage_healed":0,"gold_gain":0,"player_choice":"Success","damage_taken":3,"relics_obtained":["Orichalcum"],"max_hp_gain":0,"max_hp_loss":0,"event_name":"Scrap Ooze","floor":6,"gold_loss":0},{"damage_healed":0,"gold_gain":0,"player_choice":"Lose Max HP","damage_taken":0,"relics_obtained":["Golden Idol"],"max_hp_gain":0,"max_hp_loss":6,"event_name":"Golden Idol","floor":11,"gold_loss":0}],"is_beta":false,"boss_relics":[],"items_purged_floors":[2],"is_endless":false,"potions_floor_spawned":[1,3,10],"killed_by":"Lagavulin","ascension_level":0}