{"gold_per_floor":[110,121,139,159,9,9,41,41,41,41,73,95,95,108,108,108],"floor_reached":16,"playtime":812,"items_purged":["Strike_G"],"score":176,"play_id":"545fe32c-57df-4b2e-86ef-d8d9a4cf834c","local_time":"20181124222624","is_ascension_mode":true,"campfire_choices":[{"data":"Neutralize","floor":6,"key":"SMITH"},{"data":"Adrenaline","floor":8,"key":"SMITH"},{"data":"Cloak And Dagger","floor":10,"key":"SMITH"},{"data":"Survivor","floor":15,"key":"SMITH"}],"neow_cost":"PERCENT_DAMAGE","seed_source_timestamp":822853888231749,"circlet_count":0,"master_deck":["Defend_G","Defend_G","Defend_G","Defend_G","Defend_G","Strike_G","Strike_G","Strike_G","Strike_G","Survivor+1","Neutralize+1","Adrenaline+1","Predator","Tactician","Finisher","Cloak And Dagger+1","All Out Attack","Dagger Throw","Cloak And Dagger","Unload","Underhanded Strike"],"relics":["Ring of the Snake","Gremlin Horn","Frozen Egg 2","Strawberry","Odd Mushroom","Blue Candle"],"potions_floor_usage":[11,16],"damage_taken":[{"damage":0,"enemies":"Jaw Worm","floor":1,"turns":6},{"damage":0,"enemies":"2 Louse","floor":2,"turns":2},{"damage":0,"enemies":"Small Slimes","floor":3,"turns":2},{"damage":1,"enemies":"Looter","floor":4,"turns":3},{"damage":2,"enemies":"3 Sentries","floor":7,"turns":6},{"damage":0,"enemies":"Gremlin Nob","floor":11,"turns":1},{"damage":11,"enemies":"The Mushroom Lair","floor":12,"turns":3},{"damage":0,"enemies":"Blue Slaver","floor":14,"turns":1},{"damage":43,"enemies":"The Guardian","floor":16,"turns":11}],"seed_played":"-4022028959866751040","potions_obtained":[{"floor":2,"key":"AttackPotion"},{"floor":7,"key":"Weak Potion"},{"floor":11,"key":"SpeedPotion"}],"is_trial":false,"path_per_floor":["M","M","M","M","$","R","E","R","T","R","E","?","?","M","R","B"],"character_chosen":"THE_SILENT","items_purchased":["All Out Attack"],"campfire_rested":0,"item_purchase_floors":[5],"current_hp_per_floor":[45,45,45,44,44,44,42,42,42,42,49,38,26,26,26,0],"gold":108,"neow_bonus":"THREE_RARE_CARDS","is_prod":false,"is_daily":false,"chose_seed":false,"campfire_upgraded":4,"win_rate":0,"timestamp":1543116384,"path_taken":["M","M","M","M","$","R","E","R","T","R","E","?","?","M","R","BOSS"],"build_version":"2018-11-15","purchased_purges":1,"victory":false,"max_hp_per_floor":[70,70,70,70,70,70,70,70,70,70,77,77,77,77,77,77],"card_choices":[{"not_picked":["Phantasmal Killer","Night Terror"],"picked":"Adrenaline","floor":0},{"not_picked":["Bane","Poisoned Stab"],"picked":"Predator","floor":1},{"not_picked":["Outmaneuver","Poisoned Stab"],"picked":"Tactician","floor":2},{"not_picked":["Bane","Dodge and Roll"],"picked":"Finisher","floor":3},{"not_picked":["Terror","Acrobatics"],"picked":"Cloak And Dagger","floor":4},{"not_picked":["Prepared","Grand Finale"],"picked":"Dagger Throw","floor":7},{"not_picked":["Outmaneuver","Dagger Spray"],"picked":"Cloak And Dagger","floor":11},{"not_picked":["Dagger Throw","Cloak And Dagger"],"picked":"Unload","floor":12},{"not_picked":["Deflect","Blade Dance"],"picked":"Underhanded Strike","floor":14}],"player_experience":415304,"relics_obtained":[{"floor":7,"key":"Gremlin Horn"},{"floor":9,"key":"Frozen Egg 2"},{"floor":11,"key":"Strawberry"},{"floor":12,"key":"Odd Mushroom"}],"event_choices":[{"damage_healed":0,"gold_gain":0,"player_choice":"Fought Mushrooms","damage_taken":0,"max_hp_gain":0,"max_hp_loss":0,"event_name":"Mushrooms","floor":12,"gold_loss":0},{"damage_healed":0,"gold_gain":0,"player_choice":"Success","damage_taken":12,"relics_obtained":["Blue Candle"],"max_hp_gain":0,"max_hp_loss":0,"event_name":"Scrap Ooze","floor":13,"gold_loss":0}],"is_beta":true,"boss_relics":[],"items_purged_floors":[5],"is_endless":false,"potions_floor_spawned":[2,7,11],"killed_by":"The Guardian","ascension_level":6}