{"path_per_floor":["M","M","?","$","M","E","R","?","T","E","R","M","M","M","R","B",null,"M","M","M","$","M"],"character_chosen":"DEFECT","items_purchased":["Rebound","Mummified Hand","Capacitor","Ball Lightning"],"gold_per_floor":[114,134,134,89,100,130,130,80,106,136,136,156,170,186,186,290,320,339,350,365,26,45,45],"floor_reached":23,"campfire_rested":1,"playtime":2021,"item_purchase_floors":[4,21,21,21],"current_hp_per_floor":[75,69,69,69,62,19,19,19,19,9,31,12,12,9,9,5,80,73,65,33,33,15,0],"items_purged":[],"gold":45,"score":205,"play_id":"e22c09d5-d120-48c0-a485-621d804a0c8b","local_time":"20180605011501","is_prod":false,"is_daily":false,"chose_seed":false,"is_ascension_mode":false,"campfire_upgraded":2,"win_rate":0.0,"timestamp":1528186501,"campfire_choices":[{"data":"Biased Cognition","floor":7,"key":"SMITH"},{"floor":11,"key":"REST"},{"data":"Ball Lightning","floor":15,"key":"SMITH"}],"path_taken":["M","M","?","$","M","E","R","?","T","E","R","M","M","M","R","BOSS","M","M","M","$","M","M"],"build_version":"2018-05-31","seed_source_timestamp":170336756444524,"purchased_purges":0,"victory":false,"master_deck":["Strike_B","Strike_B+1","Strike_B+1","Defend_B","Defend_B","Defend_B","Zap","Dualcast+1","Rebound","Beam Cell+1","Rebound","Rebound","Biased Cognition+1","Ball Lightning+1","Redo","Leap","Leap","Fission","Redo","Chaos","Coolheaded+1","Fusion","Capacitor","Ball Lightning","Coolheaded"],"max_hp_per_floor":[75,75,75,75,75,75,75,75,75,75,75,75,75,75,75,75,80,80,80,80,80,80,80],"relics":["Cracked Core","Oddly Smooth Stone","Bag of Marbles","Whetstone","Tiny House","Mummified Hand"],"card_choices":[{"not_picked":["Compile Driver","Beam Cell"],"picked":"Rebound","floor":1},{"not_picked":["Go for the Eyes","Hologram"],"picked":"Beam Cell","floor":2},{"not_picked":["Steam","Leap"],"picked":"Rebound","floor":5},{"not_picked":["Double Energy","Stack"],"picked":"Biased Cognition","floor":6},{"not_picked":["Go for the Eyes","Gash"],"picked":"Ball Lightning","floor":10},{"not_picked":["Go for the Eyes","Streamline"],"picked":"Redo","floor":12},{"not_picked":["Cold Snap","Gash"],"picked":"Leap","floor":13},{"not_picked":["Beam Cell","Gash"],"picked":"Leap","floor":14},{"not_picked":["Seek","Thunder Strike"],"picked":"Fission","floor":16},{"not_picked":["Auto Shields","Hello World"],"picked":"Redo","floor":17},{"not_picked":["Beam Cell","Sweeping Beam+1"],"picked":"Chaos","floor":18},{"not_picked":["Hello World+1","Rebound"],"picked":"Coolheaded+1","floor":19},{"not_picked":["White Noise","Barrage"],"picked":"Fusion","floor":20},{"not_picked":["Go for the Eyes","Streamline"],"picked":"Coolheaded","floor":22}],"player_experience":10513,"potions_floor_usage":[10,16,22],"damage_taken":[{"damage":0,"enemies":"2 Louse","floor":1,"turns":2},{"damage":6,"enemies":"Cultist","floor":2,"turns":3},{"damage":7,"enemies":"Small Slimes","floor":5,"turns":3},{"damage":43,"enemies":"3 Sentries","floor":6,"turns":7},{"damage":10,"enemies":"Gremlin Nob","floor":10,"turns":3},{"damage":19,"enemies":"Gremlin Gang","floor":12,"turns":3},{"damage":0,"enemies":"Large Slime","floor":13,"turns":3},{"damage":3,"enemies":"3 Louse","floor":14,"turns":2},{"damage":4,"enemies":"Slime Boss","floor":16,"turns":8},{"damage":7,"enemies":"Shell Parasite","floor":18,"turns":5},{"damage":8,"enemies":"Spheric Guardian","floor":19,"turns":3},{"damage":32,"enemies":"3 Cultists","floor":20,"turns":5},{"damage":18,"enemies":"Snecko","floor":22,"turns":4},{"damage":20,"enemies":"Chosen and Byrds","floor":23,"turns":3}],"relics_obtained":[{"floor":6,"key":"Oddly Smooth Stone"},{"floor":9,"key":"Bag of Marbles"},{"floor":10,"key":"Whetstone"}],"event_choices":[{"event_name":"Bonfire Elementals","player_choice":"BASIC","floor":3,"damage_taken":0},{"event_name":"The Cleric","player_choice":"Card Removal","floor":8,"damage_taken":0}],"boss_relics":[{"not_picked":["Lizard Tail","Ectoplasm"],"picked":"Tiny House"}],"items_purged_floors":[],"potions_floor_spawned":[2,6,12,14,22],"seed_played":"4601400179336339327","killed_by":"Chosen and Byrds","ascension_level":0,"potions_obtained":[{"floor":2,"key":"Ancient Potion"},{"floor":6,"key":"Weak Potion"},{"floor":12,"key":"Strength Potion"},{"floor":14,"key":"SkillPotion"},{"floor":17,"key":"Fire Potion"},{"floor":22,"key":"GamblersBrew"}],"is_trial":false}