{"gold_per_floor":[213,138,158,25,42,42,60,71,95,95,105,122,142,142,142,237,237,257,3,3,13,13,13,24,24,106,118,118],"floor_reached":28,"playtime":1213,"items_purged":["Strike_G","Phantasmal Killer"],"score":239,"play_id":"5d755ac9-a627-4d8d-9dd2-9b9c1abddce1","local_time":"20181207124459","is_ascension_mode":false,"campfire_choices":[{"data":"Noxious Fumes","floor":6,"key":"SMITH"},{"data":"Deadly Poison","floor":10,"key":"SMITH"},{"data":"Deadly Poison","floor":15,"key":"SMITH"},{"data":"Outmaneuver","floor":23,"key":"SMITH"},{"floor":25,"key":"REST"}],"neow_cost":"NONE","seed_source_timestamp":655892632573048,"circlet_count":0,"master_deck":["Defend_G","Defend_G","Defend_G","Defend_G","Defend_G","Strike_G","Strike_G","Strike_G","Strike_G","Survivor","Neutralize","Deadly Poison","Skewer","Poisoned Stab","Deadly Poison+1","Noxious Fumes+1","Deadly Poison+1","Deadly Poison","Outmaneuver+1","Catalyst+1","Outmaneuver+1"],"relics":["Ring of the Snake","Pen Nib","Orrery","Happy Flower","Pantograph"],"potions_floor_usage":[8,12,28],"damage_taken":[{"damage":0,"enemies":"Cultist","floor":1,"turns":4},{"damage":0,"enemies":"Small Slimes","floor":3,"turns":4},{"damage":0,"enemies":"2 Louse","floor":5,"turns":3},{"damage":0,"enemies":"Exordium Thugs","floor":7,"turns":4},{"damage":0,"enemies":"Large Slime","floor":8,"turns":6},{"damage":2,"enemies":"Blue Slaver","floor":11,"turns":4},{"damage":0,"enemies":"3 Louse","floor":12,"turns":2},{"damage":12,"enemies":"Exordium Thugs","floor":13,"turns":4},{"damage":17,"enemies":"The Guardian","floor":16,"turns":8},{"damage":13,"enemies":"Spheric Guardian","floor":18,"turns":4},{"damage":12,"enemies":"Shell Parasite","floor":21,"turns":4},{"damage":20,"enemies":"3 Cultists","floor":24,"turns":4},{"damage":20,"enemies":"Centurion and Healer","floor":27,"turns":5},{"damage":26,"enemies":"Snake Plant","floor":28,"turns":2}],"seed_played":"-5583941404049866532","potions_obtained":[{"floor":7,"key":"Weak Potion"},{"floor":11,"key":"Explosive Potion"},{"floor":21,"key":"FearPotion"}],"is_trial":false,"path_per_floor":["M","$","M","$","M","R","M","M","T","R","M","M","M","?","R","B",null,"M","$","?","M","$","R","M","R","T","M","M"],"character_chosen":"THE_SILENT","items_purchased":["Poisoned Stab","Deadly Poison","Noxious Fumes","Happy Flower"],"campfire_rested":1,"item_purchase_floors":[4,4,4,19],"current_hp_per_floor":[70,70,70,70,70,70,70,70,70,70,68,68,56,56,56,39,70,57,57,57,45,45,45,25,46,46,26,0],"gold":118,"neow_bonus":"HUNDRED_GOLD","is_prod":false,"is_daily":false,"chose_seed":false,"campfire_upgraded":4,"win_rate":0.0,"timestamp":1544204699,"path_taken":["M","$","M","$","M","R","M","M","T","R","M","M","M","?","R","BOSS","M","$","?","M","?","R","M","R","T","M","M"],"build_version":"2018-12-06","purchased_purges":2,"victory":false,"max_hp_per_floor":[70,70,70,70,70,70,70,70,70,70,70,70,70,70,70,70,70,70,70,70,70,70,70,70,70,70,70,70],"card_choices":[{"not_picked":["Outmaneuver","Dodge and Roll"],"picked":"Deadly Poison","floor":1},{"not_picked":["All Out Attack","Riddle With Holes"],"picked":"Skewer","floor":3},{"not_picked":["Distraction","Underhanded Strike","Riddle With Holes"],"picked":"SKIP","floor":5},{"not_picked":["Flying Knee","Heel Hook","Dagger Spray"],"picked":"SKIP","floor":7},{"not_picked":["Underhanded Strike","Dash"],"picked":"Deadly Poison","floor":8},{"not_picked":["Flying Knee","Bouncing Flask"],"picked":"Deadly Poison","floor":11},{"not_picked":["A Thousand Cuts","Riddle With Holes"],"picked":"Outmaneuver","floor":12},{"not_picked":["Dodge and Roll","Prepared","Slice"],"picked":"SKIP","floor":13},{"not_picked":["Unload","A Thousand Cuts"],"picked":"Phantasmal Killer","floor":16},{"not_picked":["Slice","Dodge and Roll"],"picked":"Catalyst","floor":17},{"not_picked":["Footwork","Blade Dance"],"picked":"Outmaneuver","floor":18},{"not_picked":["Backstab+1","Flying Knee","All Out Attack"],"picked":"SKIP","floor":21},{"not_picked":["Leg Sweep+1","Backflip","Heel Hook"],"picked":"SKIP","floor":24},{"not_picked":["Sucker Punch","Outmaneuver","Blade Dance"],"picked":"SKIP","floor":27}],"player_experience":185576,"relics_obtained":[{"floor":9,"key":"Pen Nib"},{"floor":26,"key":"Pantograph"}],"event_choices":[{"damage_healed":0,"gold_gain":0,"player_choice":"Grow","damage_taken":0,"max_hp_gain":0,"max_hp_loss":0,"event_name":"Living Wall","floor":14,"gold_loss":0,"cards_upgraded":["Outmaneuver"]},{"damage_healed":0,"gold_gain":0,"player_choice":"Forge","damage_taken":0,"max_hp_gain":0,"max_hp_loss":0,"event_name":"Accursed Blacksmith","floor":20,"gold_loss":0,"cards_upgraded":["Catalyst"]}],"is_beta":false,"boss_relics":[{"not_picked":["Black Star","Coffee Dripper"],"picked":"Orrery"}],"items_purged_floors":[2,19],"is_endless":false,"potions_floor_spawned":[7,11,21],"killed_by":"Snake Plant","ascension_level":0}