{"gold_per_floor":[111,36,111,125,125,125,136,136,211,227,281,315,334,346,346,447,447,465,482,482,499,399,324,337,350,373,384,29,44,44,60,60,158,158,172,172,172,172,172,172,187,200,200,200,219,233,233,35,35,35],"floor_reached":51,"playtime":1728,"items_purged":["Warcry","Regret","Writhe","Carnage"],"score":728,"play_id":"402c1b13-9eae-42dc-8ffe-7868e89feb32","local_time":"20180930145356","daily_mods":["SealedDeck"],"is_ascension_mode":false,"campfire_choices":[{"data":"Spot Weakness","floor":6.0,"key":"SMITH"},{"data":"Inflame","floor":8.0,"key":"SMITH"},{"data":"Sword Boomerang","floor":15.0,"key":"SMITH"},{"floor":30.0,"key":"REST"},{"floor":32.0,"key":"REST"},{"data":"Limit Break","floor":40.0,"key":"SMITH"},{"floor":44.0,"key":"REST"},{"data":"Whirlwind","floor":47.0,"key":"SMITH"},{"data":"Demon Form","floor":49.0,"key":"SMITH"}],"neow_cost":"","seed_source_timestamp":0,"circlet_count":0,"master_deck":["Pommel Strike","Sword Boomerang+1","Anger","Cleave","Headbutt","Flex","Spot Weakness+1","Inflame+1","Cleave","Flex","Demon Form+1","Whirlwind+1","Whirlwind+1","Limit Break+1","Clash+1"],"special_seed":0,"relics":["Burning Blood","Blue Candle","Bottled Tornado","Red Skull","Calling Bell","Pen Nib","Darkstone Periapt","Ginger","Art of War","Lantern","Velvet Choker","Molten Egg 2","Incense Burner"],"potions_floor_usage":[50,50],"damage_taken":[{"damage":0.0,"enemies":"Cultist","floor":1.0,"turns":2.0},{"damage":0.0,"enemies":"Small Slimes","floor":4.0,"turns":2.0},{"damage":0.0,"enemies":"2 Louse","floor":7.0,"turns":1.0},{"damage":6.0,"enemies":"2 Fungi Beasts","floor":10.0,"turns":2.0},{"damage":0.0,"enemies":"Gremlin Nob","floor":12.0,"turns":2.0},{"damage":10.0,"enemies":"Looter","floor":13.0,"turns":2.0},{"damage":0.0,"enemies":"Exordium Wildlife","floor":14.0,"turns":3.0},{"damage":0.0,"enemies":"Slime Boss","floor":16.0,"turns":5.0},{"damage":30.0,"enemies":"2 Thieves","floor":18.0,"turns":3.0},{"damage":21.0,"enemies":"3 Byrds","floor":19.0,"turns":4.0},{"damage":18.0,"enemies":"Snecko","floor":21.0,"turns":3.0},{"damage":21.0,"enemies":"Snake Plant","floor":24.0,"turns":2.0},{"damage":20.0,"enemies":"Centurion and Healer","floor":25.0,"turns":3.0},{"damage":6.0,"enemies":"Cultist and Chosen","floor":27.0,"turns":3.0},{"damage":0.0,"enemies":"Snake Plant","floor":29.0,"turns":2.0},{"damage":12.0,"enemies":"Centurion and Healer","floor":31.0,"turns":3.0},{"damage":54.0,"enemies":"Champ","floor":33.0,"turns":6.0},{"damage":15.0,"enemies":"Orb Walker","floor":35.0,"turns":2.0},{"damage":0.0,"enemies":"3 Darklings","floor":41.0,"turns":1.0},{"damage":35.0,"enemies":"4 Shapes","floor":42.0,"turns":2.0},{"damage":0.0,"enemies":"Reptomancer","floor":45.0,"turns":2.0},{"damage":6.0,"enemies":"Maw","floor":46.0,"turns":5.0},{"damage":46,"enemies":"Donu and Deca","floor":50,"turns":4}],"seed_played":"-2398289767650269678","potions_obtained":[{"floor":1.0,"key":"BloodPotion"},{"floor":4.0,"key":"EntropicBrew"},{"floor":13.0,"key":"Block Potion"},{"floor":19.0,"key":"Fire Potion"},{"floor":21.0,"key":"SkillPotion"},{"floor":25.0,"key":"Weak Potion"},{"floor":27.0,"key":"Energy Potion"},{"floor":33.0,"key":"BloodPotion"},{"floor":35.0,"key":"Strength Potion"},{"floor":41.0,"key":"Fruit Juice"}],"is_trial":true,"path_per_floor":["M","$","?","M","?","R","M","R","T","M","?","E","M","M","R","B",null,"M","M","?","M","$","?","M","M","T","M","$","M","R","M","R","B",null,"M","T","$","?","?","R","M","M","T","R","M","M","R","$","R","B"],"character_chosen":"IRONCLAD","items_purchased":["Lantern","Regen Potion","SteroidPotion"],"campfire_rested":3,"item_purchase_floors":[28,28,48],"current_hp_per_floor":[80,80,69,75,68,68,74,74,74,74,74,80,76,80,80,80,80,64,49,49,37,37,37,22,8,8,8,8,19,43,37,61,13,80,79,79,79,79,79,79,80,56,56,81,85,85,85,85,85,45],"gold":35,"neow_bonus":"","is_prod":false,"is_daily":false,"chose_seed":false,"campfire_upgraded":6,"win_rate":0,"timestamp":1538333636,"path_taken":["M","$","?","M","?","R","M","R","T","M","?","E","M","M","R","BOSS","M","M","?","M","$","?","M","M","T","M","$","?","R","M","R","BOSS","M","?","$","?","?","R","M","M","T","R","M","M","R","?","R","BOSS"],"build_version":"2018-09-27","purchased_purges":4,"victory":true,"max_hp_per_floor":[80,80,80,80,80,80,80,80,80,80,80,80,80,80,80,80,80,80,80,80,80,80,80,80,80,80,80,80,80,80,80,80,80,80,80,80,80,80,80,80,80,85,85,85,85,85,85,85,85,85],"card_choices":[{"not_picked":["Metallicize","Iron Wave","Infernal Blade"],"picked":"SKIP","floor":1.0},{"not_picked":["Evolve","Rampage"],"picked":"Cleave","floor":4.0},{"not_picked":["Metallicize","Fire Breathing","Cleave"],"picked":"SKIP","floor":7.0},{"not_picked":["Havoc","Sword Boomerang"],"picked":"Flex","floor":10.0},{"not_picked":["Flex","Wild Strike","Brutality"],"picked":"SKIP","floor":12.0},{"not_picked":["Burning Pact","Flame Barrier","Wild Strike"],"picked":"SKIP","floor":13.0},{"not_picked":["Headbutt","Metallicize","Shrug It Off"],"picked":"SKIP","floor":14.0},{"not_picked":["Double Tap","Berserk"],"picked":"Demon Form","floor":16.0},{"not_picked":["Intimidate","Iron Wave+1","Power Through"],"picked":"SKIP","floor":18.0},{"not_picked":["Bloodletting+1","Thunderclap+1","Havoc+1"],"picked":"SKIP","floor":19.0},{"not_picked":["Havoc","Ghostly Armor"],"picked":"Whirlwind","floor":21.0},{"not_picked":["Combust+1","Havoc","Evolve"],"picked":"SKIP","floor":24.0},{"not_picked":["Rampage","Sever Soul","Pommel Strike"],"picked":"SKIP","floor":25.0},{"not_picked":["True Grit+1","Combust","Blood for Blood"],"picked":"SKIP","floor":27.0},{"not_picked":["Cleave+1","Burning Pact","Warcry"],"picked":"SKIP","floor":29.0},{"not_picked":["Armaments+1","Entrench"],"picked":"Whirlwind+1","floor":31.0},{"not_picked":["Immolate","Demon Form"],"picked":"Limit Break","floor":33.0},{"not_picked":["Evolve+1","Clothesline","Dual Wield"],"picked":"SKIP","floor":35.0},{"not_picked":["Armaments+1","Wild Strike+1","Body Slam+1"],"picked":"SKIP","floor":41.0},{"not_picked":["Intimidate","Dark Embrace","Armaments"],"picked":"SKIP","floor":42.0},{"not_picked":["Entrench+1","Havoc"],"picked":"Clash+1","floor":45.0},{"not_picked":["Combust+1","Clothesline+1","Body Slam+1"],"picked":"SKIP","floor":46.0}],"player_experience":157471,"relics_obtained":[{"floor":9.0,"key":"Bottled Tornado"},{"floor":12.0,"key":"Red Skull"},{"floor":17.0,"key":"Pen Nib"},{"floor":17.0,"key":"Darkstone Periapt"},{"floor":17.0,"key":"Ginger"},{"floor":26.0,"key":"Art of War"},{"floor":36.0,"key":"Molten Egg 2"},{"floor":43.0,"key":"Incense Burner"}],"event_choices":[{"event_name":"World of Goop","player_choice":"Gather Gold","floor":3.0,"damage_taken":0.0},{"event_name":"Scrap Ooze","player_choice":"success","floor":5.0,"damage_taken":7.0},{"event_name":"Golden Wing","player_choice":"Gained Gold","floor":11.0,"damage_taken":0.0},{"event_name":"Vampires","player_choice":"Ignored","floor":20.0,"damage_taken":0.0},{"event_name":"Beggar","player_choice":"Gave Gold","floor":23.0,"damage_taken":0.0},{"event_name":"Mysterious Sphere","player_choice":"Ignore","floor":38.0,"damage_taken":0.0},{"event_name":"Tomb of Lord Red Mask","player_choice":"Ignored","floor":39.0,"damage_taken":0.0}],"is_beta":false,"boss_relics":[{"not_picked":["Lizard Tail","Eternal Feather"],"picked":"Calling Bell"},{"not_picked":["Fusion Hammer","Astrolabe"],"picked":"Velvet Choker"}],"items_purged_floors":[2,22,28,48],"is_endless":false,"potions_floor_spawned":[1,4,13,14,19,21,25,27,33,35,41,45],"ascension_level":0}