{"gold_per_floor":[109,109,109,109,123,123,154,154,208,57,57,73,248,260,260,358,358,375,375,300,300,311,311,322,342,368,368],"floor_reached":27,"playtime":1021,"items_purged":[],"score":285,"play_id":"66285853-4f95-4d5a-96d7-3c62c843024e","local_time":"20190216105529","is_ascension_mode":true,"campfire_choices":[{"data":"Leg Sweep","floor":6,"key":"SMITH"},{"data":"Poisoned Stab","floor":8,"key":"SMITH"},{"data":"Trip","floor":11,"key":"SMITH"},{"floor":15,"key":"REST"},{"floor":23,"key":"REST"}],"neow_cost":"NONE","seed_source_timestamp":143316344881914,"circlet_count":0,"master_deck":["Defend_G","Defend_G+1","Defend_G","Defend_G+1","Defend_G","Strike_G","Strike_G","Strike_G","Strike_G","Strike_G+1","Survivor","Neutralize","Catalyst+1","Regret","Trip+1","Unload","Leg Sweep+1","Poisoned Stab+1","Deadly Poison","Envenom+1","Underhanded Strike","Shame","Terror","Calculated Gamble","Dagger Throw","Flying Knee+1"],"relics":["Ring of the Snake","NeowsBlessing","Darkstone Periapt","Dead Branch","Potion Belt","War Paint","HoveringKite","Dream Catcher","Oddly Smooth Stone"],"potions_floor_usage":[14],"damage_taken":[{"damage":0,"enemies":"Jaw Worm","floor":1,"turns":1},{"damage":0,"enemies":"Small Slimes","floor":5,"turns":1},{"damage":0,"enemies":"Gremlin Nob","floor":7,"turns":1},{"damage":0,"enemies":"2 Louse","floor":12,"turns":1},{"damage":18,"enemies":"Exordium Thugs","floor":14,"turns":9},{"damage":44,"enemies":"Hexaghost","floor":16,"turns":13},{"damage":22,"enemies":"2 Thieves","floor":18,"turns":4},{"damage":35,"enemies":"3 Byrds","floor":22,"turns":8},{"damage":10,"enemies":"Snecko","floor":24,"turns":4},{"damage":32,"enemies":"Snake Plant","floor":25,"turns":4},{"damage":15,"enemies":"Chosen and Byrds","floor":27,"turns":5}],"seed_played":"-6240129370979193052","potions_obtained":[{"floor":7,"key":"Swift Potion"},{"floor":16,"key":"SteroidPotion"},{"floor":25,"key":"FearPotion"}],"is_trial":false,"path_per_floor":["M","?","?","?","M","R","E","R","T","$","R","M","?","M","R","B",null,"M","?","?","?","M","R","M","M","T","M"],"character_chosen":"THE_SILENT","items_purchased":["War Paint"],"campfire_rested":2,"item_purchase_floors":[10],"current_hp_per_floor":[70,56,62,62,62,62,62,62,62,62,62,62,68,50,74,30,82,60,66,66,66,31,57,47,15,15,0],"gold":368,"neow_bonus":"THREE_ENEMY_KILL","is_prod":false,"is_daily":false,"chose_seed":false,"campfire_upgraded":3,"win_rate":0,"timestamp":1550332529,"path_taken":["M","?","?","?","?","R","E","R","T","$","R","?","?","M","R","BOSS","M","?","?","?","?","R","M","M","T","M"],"build_version":"2019-01-23","purchased_purges":0,"victory":false,"max_hp_per_floor":[70,70,76,76,76,76,76,76,76,76,76,76,82,82,82,82,82,82,88,88,88,88,88,88,88,88,88],"card_choices":[{"not_picked":["Quick Slash","Footwork"],"picked":"Catalyst","floor":1},{"not_picked":["Underhanded Strike","Blade Dance"],"picked":"Leg Sweep","floor":5},{"not_picked":["Outmaneuver","Leg Sweep"],"picked":"Poisoned Stab","floor":7},{"not_picked":["Storm of Steel","Tactician","Expertise"],"picked":"SKIP","floor":12},{"not_picked":["Dagger Spray","Underhanded Strike"],"picked":"Deadly Poison","floor":14},{"not_picked":["Unload","Storm of Steel"],"picked":"Envenom","floor":16},{"not_picked":["Cloak And Dagger+1","Concentrate"],"picked":"Underhanded Strike","floor":18},{"not_picked":["Blur","Outmaneuver"],"picked":"Terror","floor":22},{"not_picked":["Blur","Blade Dance"],"picked":"Calculated Gamble","floor":23},{"not_picked":["Concentrate","Dodge and Roll"],"picked":"Dagger Throw","floor":24},{"not_picked":["Heel Hook","Deflect"],"picked":"Flying Knee+1","floor":25}],"player_experience":187853,"relics_obtained":[{"floor":7,"key":"Dead Branch"},{"floor":9,"key":"Potion Belt"},{"floor":26,"key":"Oddly Smooth Stone"}],"event_choices":[{"damage_healed":0,"gold_gain":0,"player_choice":"Entered Light","damage_taken":14,"max_hp_gain":0,"max_hp_loss":0,"event_name":"Shining Light","floor":2,"gold_loss":0,"cards_upgraded":["Strike_G","Defend_G"]},{"damage_healed":0,"gold_gain":0,"player_choice":"Box","damage_taken":0,"relics_obtained":["Darkstone Periapt"],"max_hp_gain":0,"max_hp_loss":0,"event_name":"Big Fish","floor":3,"gold_loss":0,"cards_obtained":["Regret"]},{"damage_healed":0,"gold_gain":0,"player_choice":"2 cards matched","damage_taken":0,"max_hp_gain":0,"max_hp_loss":0,"event_name":"Match and Keep!","floor":4,"gold_loss":0,"cards_obtained":["Trip","Unload"]},{"damage_healed":0,"gold_gain":175,"player_choice":"AGREE","damage_taken":0,"max_hp_gain":0,"max_hp_loss":0,"event_name":"Liars Game","floor":13,"gold_loss":0,"cards_obtained":["Doubt"]},{"damage_healed":0,"gold_gain":0,"player_choice":"Stole Relic","damage_taken":0,"relics_obtained":["Dream Catcher"],"max_hp_gain":0,"max_hp_loss":0,"event_name":"Addict","floor":19,"gold_loss":0,"cards_obtained":["Shame"]},{"cards_removed":["Doubt"],"damage_healed":0,"gold_gain":0,"player_choice":"Gave Gold","damage_taken":0,"max_hp_gain":0,"max_hp_loss":0,"event_name":"Beggar","floor":20,"gold_loss":75},{"damage_healed":0,"gold_gain":0,"player_choice":"Upgraded","damage_taken":0,"max_hp_gain":0,"max_hp_loss":0,"event_name":"Upgrade Shrine","floor":21,"gold_loss":0,"cards_upgraded":["Envenom"]}],"is_beta":false,"boss_relics":[{"not_picked":["Snecko Eye","Coffee Dripper"],"picked":"HoveringKite"}],"items_purged_floors":[],"is_endless":false,"potions_floor_spawned":[7,16,25],"killed_by":"Chosen and Byrds","ascension_level":2}