{"gold_per_floor":[113,128,128,128,146,146,173,28,75,75,93,126,126,126,126,202,202,219,219,219,54,70,70,90,121,146,146,161,188,188,220,220,220],"floor_reached":33,"playtime":1499,"items_purged":[],"score":648,"play_id":"00099409-6e8b-499c-b842-0d4e23677786","local_time":"20190226165217","is_ascension_mode":true,"campfire_choices":[{"data":"Streamline","floor":6.0,"key":"SMITH"},{"data":"Defragment","floor":10.0,"key":"SMITH"},{"floor":15.0,"key":"REST"},{"data":"Machine Learning","floor":23.0,"key":"SMITH"},{"floor":27.0,"key":"REST"},{"data":"Buffer","floor":32,"key":"SMITH"}],"neow_cost":"PERCENT_DAMAGE","seed_source_timestamp":237798802617842,"circlet_count":0,"master_deck":["AscendersBane","Defend_B","Defend_B","Zap","Dualcast","Streamline+1","Buffer+1","Glacier","Sweeping Beam","Multi-Cast","Defragment+1","Compile Driver","Sweeping Beam","Echo Form","Machine Learning+1","Sunder+1","Melter+1","Electrodynamics","FTL+1","Stack","Blizzard+1","Ball Lightning+1"],"special_seed":0,"relics":["Cracked Core","Lantern","Ancient Tea Set","Art of War","Nuclear Battery","Molten Egg 2","DataDisk","Bronze Scales","Oddly Smooth Stone","Blood Vial","Red Mask"],"potions_floor_usage":[29],"damage_taken":[{"damage":6.0,"enemies":"Small Slimes","floor":1.0,"turns":4.0},{"damage":5.0,"enemies":"2 Louse","floor":2.0,"turns":3.0},{"damage":0.0,"enemies":"Cultist","floor":5.0,"turns":3.0},{"damage":9.0,"enemies":"Lagavulin","floor":7.0,"turns":5.0},{"damage":5.0,"enemies":"Lots of Slimes","floor":11.0,"turns":3.0},{"damage":17.0,"enemies":"3 Sentries","floor":12.0,"turns":7.0},{"damage":0.0,"enemies":"Slime Boss","floor":16.0,"turns":6.0},{"damage":7.0,"enemies":"3 Byrds","floor":18.0,"turns":3.0},{"damage":12.0,"enemies":"Chosen","floor":22.0,"turns":5.0},{"damage":9.0,"enemies":"Centurion and Healer","floor":24.0,"turns":7.0},{"damage":40.0,"enemies":"Slavers","floor":25.0,"turns":9.0},{"damage":0,"enemies":"Cultist and Chosen","floor":28,"turns":5},{"damage":2,"enemies":"Book of Stabbing","floor":29,"turns":6},{"damage":12,"enemies":"Masked Bandits","floor":31,"turns":2},{"damage":12,"enemies":"Automaton","floor":33,"turns":4}],"seed_played":"-6780220187438625791","potions_obtained":[{"floor":5.0,"key":"SpeedPotion"},{"floor":7.0,"key":"SkillPotion"},{"floor":12.0,"key":"Explosive Potion"},{"floor":16.0,"key":"Poison Potion"},{"floor":18.0,"key":"Regen Potion"},{"floor":25.0,"key":"EssenceOfSteel"},{"floor":28,"key":"Weak Potion"}],"is_trial":false,"path_per_floor":["M","M","?","?","M","R","E","$","T","R","M","E","?","?","R","B",null,"M","?","?","$","M","R","M","E","T","R","M","E","?","?","R","B"],"character_chosen":"DEFECT","items_purchased":["Defragment","Compile Driver","DataDisk"],"campfire_rested":2,"item_purchase_floors":[8,8,21],"current_hp_per_floor":[40,35,35,35,35,35,26,26,26,26,21,4,4,4,25,25,60,53,53,53,53,41,41,47,7,7,28,28,26,26,16,16,6],"gold":220,"neow_bonus":"REMOVE_TWO","is_prod":false,"is_daily":false,"chose_seed":false,"campfire_upgraded":4,"win_rate":0,"timestamp":1551217937,"path_taken":["M","M","?","?","?","R","E","$","T","R","?","E","?","?","R","BOSS","M","?","?","$","M","R","M","E","T","R","?","E","?","?","R","BOSS"],"build_version":"2019-01-23","purchased_purges":0,"victory":false,"max_hp_per_floor":[71,71,71,71,71,71,71,71,71,71,71,71,71,71,71,71,71,71,71,71,71,71,71,71,71,71,71,71,71,71,71,71,71],"card_choices":[{"not_picked":["Coolheaded","Beam Cell"],"picked":"Streamline","floor":1.0},{"not_picked":["Barrage","Loop"],"picked":"Buffer","floor":2.0},{"not_picked":["Compile Driver","Storm"],"picked":"Sweeping Beam","floor":5.0},{"not_picked":["Fusion","Blizzard"],"picked":"Multi-Cast","floor":7.0},{"not_picked":["Rebound","Coolheaded"],"picked":"Sweeping Beam","floor":11.0},{"not_picked":["Reboot","Steam"],"picked":"Echo Form","floor":12.0},{"not_picked":["Amplify","Meteor Strike"],"picked":"Machine Learning","floor":16.0},{"not_picked":["Leap","Barrage","Sweeping Beam"],"picked":"SKIP","floor":18.0},{"not_picked":["Barrage+1","Beam Cell+1","Hologram"],"picked":"SKIP","floor":22.0},{"not_picked":["FTL+1","Sweeping Beam+1"],"picked":"Sunder+1","floor":24.0},{"not_picked":["Tempest","Stack"],"picked":"Melter+1","floor":25.0},{"not_picked":["Redo","Streamline+1"],"picked":"Electrodynamics","floor":28},{"not_picked":["Ball Lightning+1","Streamline+1"],"picked":"FTL+1","floor":29},{"not_picked":["Conserve Battery","Stack"],"picked":"Ball Lightning+1","floor":31}],"player_experience":580107,"relics_obtained":[{"floor":7.0,"key":"Lantern"},{"floor":9.0,"key":"Ancient Tea Set"},{"floor":12.0,"key":"Art of War"},{"floor":25.0,"key":"Bronze Scales"},{"floor":26.0,"key":"Oddly Smooth Stone"},{"floor":29,"key":"Blood Vial"},{"floor":31,"key":"Red Mask"}],"event_choices":[{"cards_removed":["Strike_B"],"damage_healed":0.0,"max_hp_gain":0.0,"max_hp_loss":0.0,"gold_gain":0.0,"event_name":"Living Wall","player_choice":"Forget","floor":3.0,"gold_loss":0.0,"damage_taken":0.0},{"damage_healed":0.0,"max_hp_gain":0.0,"max_hp_loss":0.0,"gold_gain":0.0,"cards_transformed":["Defend_B"],"event_name":"Transmorgrifier","player_choice":"Transformed","floor":4.0,"gold_loss":0.0,"damage_taken":0.0,"cards_obtained":["Glacier"]},{"damage_healed":0.0,"max_hp_gain":0.0,"max_hp_loss":0.0,"gold_gain":0.0,"event_name":"Scrap Ooze","player_choice":"Fled","floor":13.0,"gold_loss":0.0,"damage_taken":0.0},{"damage_healed":0.0,"max_hp_gain":0.0,"max_hp_loss":0.0,"gold_gain":0.0,"event_name":"Lab","player_choice":"Got Potions","floor":14.0,"gold_loss":0.0,"damage_taken":0.0},{"damage_healed":0.0,"max_hp_gain":0.0,"max_hp_loss":0.0,"gold_gain":0.0,"event_name":"Addict","player_choice":"Stole Relic","floor":19.0,"gold_loss":0.0,"damage_taken":0.0,"relics_obtained":["Molten Egg 2"],"cards_obtained":["Shame"]},{"cards_removed":["Shame"],"damage_healed":0.0,"max_hp_gain":0.0,"max_hp_loss":0.0,"gold_gain":0.0,"event_name":"Fountain of Cleansing","player_choice":"Removed Curses","floor":20.0,"gold_loss":0.0,"damage_taken":0.0},{"damage_healed":0,"gold_gain":0,"cards_transformed":["Strike_B","Defend_B"],"player_choice":"Became Test Subject","damage_taken":0,"max_hp_gain":0,"max_hp_loss":0,"event_name":"Drug Dealer","floor":30,"gold_loss":0,"cards_obtained":["Stack","Blizzard"]},{"damage_healed":0,"gold_gain":0,"player_choice":"Fought Bandits","damage_taken":0,"max_hp_gain":0,"max_hp_loss":0,"event_name":"Masked Bandits","floor":31,"gold_loss":0}],"is_beta":false,"boss_relics":[{"not_picked":["Calling Bell","Runic Dome"],"picked":"Nuclear Battery"}],"items_purged_floors":[],"is_endless":false,"potions_floor_spawned":[5,7,12,16,18,25,28],"killed_by":"Automaton","ascension_level":18}