{"gold_per_floor":[115,40,55,55,5,5,38,38,61,61,97,115,115,155,155,285,285,300,323,243,243,263,263,263,294,349,349],"floor_reached":27,"playtime":904,"items_purged":["Strike_R","Defend_R"],"score":259,"play_id":"655515e5-1bf0-45e6-8b8c-66ce81485c8a","local_time":"20190127020627","is_ascension_mode":true,"campfire_choices":[{"data":"Inflame","floor":6,"key":"SMITH"},{"floor":8,"key":"REST"},{"floor":13,"key":"REST"},{"data":"Bash","floor":15,"key":"SMITH"},{"floor":23,"key":"REST"}],"neow_cost":"NONE","seed_source_timestamp":1550491225492380,"circlet_count":0,"master_deck":["Strike_R","Strike_R","Defend_R+1","Defend_R","Defend_R","Bash+1","Inflame+1","Berserk","Offering+1","Necronomicurse"],"relics":["Black Blood","Vajra","Golden Idol","Mummified Hand","Regal Pillow","Pantograph","The Courier","Necronomicon","War Paint","Tiny Chest"],"potions_floor_usage":[16,19,25],"damage_taken":[{"damage":11,"enemies":"Jaw Worm","floor":1,"turns":3},{"damage":3,"enemies":"Small Slimes","floor":3,"turns":3},{"damage":35,"enemies":"3 Sentries","floor":7,"turns":11},{"damage":11,"enemies":"Lagavulin","floor":11,"turns":7},{"damage":0,"enemies":"2 Louse","floor":12,"turns":2},{"damage":29,"enemies":"3 Sentries","floor":14,"turns":12},{"damage":10,"enemies":"Slime Boss","floor":16,"turns":8},{"damage":21,"enemies":"2 Thieves","floor":18,"turns":4},{"damage":10,"enemies":"Chosen","floor":19,"turns":4},{"damage":36,"enemies":"Snake Plant","floor":22,"turns":4},{"damage":55,"enemies":"Slavers","floor":25,"turns":7},{"damage":19,"enemies":"Shelled Parasite and Fungi","floor":27,"turns":2}],"seed_played":"6098244019060098487","potions_obtained":[{"floor":7,"key":"Fire Potion"},{"floor":12,"key":"Explosive Potion"},{"floor":14,"key":"Energy Potion"},{"floor":18,"key":"Fire Potion"},{"floor":25,"key":"Swift Potion"}],"is_trial":false,"path_per_floor":["M","$","M","?","?","R","E","R","T","?","E","M","R","E","R","B",null,"M","M","$","?","M","R","?","E","T","M"],"character_chosen":"IRONCLAD","items_purchased":[],"campfire_rested":3,"item_purchase_floors":[],"current_hp_per_floor":[75,75,78,58,58,58,29,53,53,53,48,54,80,57,57,76,80,69,69,69,69,43,80,64,19,19,0],"gold":349,"neow_bonus":"RANDOM_COMMON_RELIC","is_prod":false,"is_daily":false,"chose_seed":false,"campfire_upgraded":2,"win_rate":0,"timestamp":1548572787,"path_taken":["M","$","M","?","?","R","E","R","T","?","E","?","R","E","R","BOSS","M","M","$","?","?","R","?","E","T","M"],"build_version":"2019-01-23","purchased_purges":2,"victory":false,"max_hp_per_floor":[80,80,80,80,80,80,80,80,80,80,80,80,80,80,80,80,80,80,80,80,80,80,80,80,80,80,80],"card_choices":[{"not_picked":["Wild Strike","Thunderclap","Heavy Blade"],"picked":"SKIP","floor":1},{"not_picked":["Inflame","Clash","Combust"],"picked":"SKIP","floor":3},{"not_picked":["Clash","Combust"],"picked":"Inflame","floor":3},{"not_picked":["Metallicize","Infernal Blade","Entrench"],"picked":"SKIP","floor":7},{"not_picked":["Hemokinesis","Heavy Blade","Second Wind"],"picked":"SKIP","floor":11},{"not_picked":["Heavy Blade","Warcry","Reckless Charge"],"picked":"SKIP","floor":12},{"not_picked":["Anger","Shrug It Off","Clash"],"picked":"SKIP","floor":14},{"not_picked":["Exhume","Brutality"],"picked":"Offering","floor":16},{"not_picked":["Sentinel+1","Combust+1","Clothesline+1"],"picked":"SKIP","floor":18},{"not_picked":["Metallicize","Armaments","Warcry"],"picked":"SKIP","floor":19},{"not_picked":["Second Wind","Sever Soul","Searing Blow"],"picked":"SKIP","floor":22},{"not_picked":["Rupture","Metallicize","Pummel"],"picked":"SKIP","floor":25}],"player_experience":521544,"relics_obtained":[{"floor":7,"key":"Mummified Hand"},{"floor":9,"key":"Regal Pillow"},{"floor":11,"key":"Pantograph"},{"floor":14,"key":"The Courier"},{"floor":24,"key":"Necronomicon"},{"floor":25,"key":"War Paint"},{"floor":26,"key":"Tiny Chest"}],"event_choices":[{"damage_healed":0,"gold_gain":0,"player_choice":"Take Damage","damage_taken":20,"relics_obtained":["Golden Idol"],"max_hp_gain":0,"max_hp_loss":0,"event_name":"Golden Idol","floor":4,"gold_loss":0},{"cards_removed":["Strike_R"],"damage_healed":0,"gold_gain":0,"player_choice":"Card Removal","damage_taken":0,"max_hp_gain":0,"max_hp_loss":0,"event_name":"The Cleric","floor":5,"gold_loss":50},{"damage_healed":0,"gold_gain":0,"cards_transformed":["Strike_R"],"player_choice":"Transformed","damage_taken":0,"max_hp_gain":0,"max_hp_loss":0,"event_name":"Transmorgrifier","floor":10,"gold_loss":0,"cards_obtained":["Berserk"]},{"damage_healed":0,"gold_gain":0,"player_choice":"0 cards matched","damage_taken":0,"max_hp_gain":0,"max_hp_loss":0,"event_name":"Match and Keep!","floor":21,"gold_loss":0,"cards_obtained":[]},{"damage_healed":0,"gold_gain":0,"player_choice":"Obtained Book","damage_taken":16,"max_hp_gain":0,"max_hp_loss":0,"event_name":"Cursed Tome","floor":24,"gold_loss":0}],"is_beta":true,"boss_relics":[{"not_picked":["Orrery","Cursed Key"],"picked":"Black Blood"}],"items_purged_floors":[2,20],"is_endless":false,"potions_floor_spawned":[7,12,14,18,25],"killed_by":"Shelled Parasite and Fungi","ascension_level":1}