{"gold_per_floor":[118,118,68,83,8,8,26,41,41,56,56,56,33,47,47,168,168,182,182,202,0,46,46,81,106,155,155,188,212,212,235,235,365,365,390,213,213,10,26,26,57,57,57,57,57,57,57,73,73,73],"floor_reached":51,"playtime":2328,"items_purged":["Strike_B","Defend_B","Defend_B"],"score":803,"play_id":"cc2f1c36-8543-4c90-b774-41032afbb0fc","local_time":"20180908164134","is_ascension_mode":true,"campfire_choices":[{"data":"Chaos","floor":6,"key":"SMITH"},{"data":"Consume","floor":15,"key":"SMITH"},{"data":"Creative AI","floor":23,"key":"SMITH"},{"floor":27,"key":"REST"},{"floor":30,"key":"REST"},{"floor":32,"key":"REST"},{"data":"Defragment","floor":40,"key":"SMITH"},{"data":"Defragment","floor":42,"key":"SMITH"},{"floor":44,"key":"REST"},{"data":"Thunder Strike","floor":49,"key":"SMITH"}],"neow_cost":"NONE","seed_source_timestamp":158480460841122,"circlet_count":0,"master_deck":["Defend_B+1","Zap+1","Dualcast+1","Ball Lightning+1","Darkness+1","Chaos+1","Conserve Battery+1","Consume+1","Chaos+1","Redo+1","Creative AI+1","Seek+1","Chill+1","Consume+1","Capacitor+1","Storm+1","Force Field+1","Auto Shields+1","Lockon+1","Skim+1","Stack+1","Buffer+1","Storm+1","Seek+1","Storm+1","Stack+1","Defragment+1","Thinking Ahead+1","Loop+1","Defragment+1","Thunder Strike+1"],"relics":["Cracked Core","Golden Idol","Prayer Wheel","Art of War","Astrolabe","Calipers","War Paint","Boot","Oddly Smooth Stone","Ancient Tea Set","Runic Dome","Singing Bowl","Strawberry","Mark of the Bloom"],"potions_floor_usage":[16,18,18,25,33,45,50,50],"damage_taken":[{"damage":7,"enemies":"Jaw Worm","floor":1,"turns":3},{"damage":4,"enemies":"2 Louse","floor":4,"turns":2},{"damage":0,"enemies":"Small Slimes","floor":7,"turns":2},{"damage":0,"enemies":"Blue Slaver","floor":8,"turns":3},{"damage":8,"enemies":"Large Slime","floor":10,"turns":4},{"damage":4,"enemies":"Exordium Wildlife","floor":14,"turns":3},{"damage":32,"enemies":"The Guardian","floor":16,"turns":8},{"damage":10,"enemies":"3 Byrds","floor":18,"turns":2},{"damage":1,"enemies":"Spheric Guardian","floor":20,"turns":5},{"damage":26,"enemies":"Slavers","floor":24,"turns":6},{"damage":31,"enemies":"Centurion and Healer","floor":25,"turns":6},{"damage":36,"enemies":"Gremlin Leader","floor":28,"turns":6},{"damage":2,"enemies":"Sentry and Sphere","floor":29,"turns":5},{"damage":7,"enemies":"Snake Plant","floor":31,"turns":4},{"damage":38,"enemies":"Collector","floor":33,"turns":8},{"damage":12,"enemies":"3 Darklings","floor":35,"turns":5},{"damage":0,"enemies":"Orb Walker","floor":39,"turns":3},{"damage":13,"enemies":"Nemesis","floor":41,"turns":5},{"damage":0,"enemies":"Maw","floor":45,"turns":1},{"damage":0,"enemies":"Transient","floor":48,"turns":5},{"damage":19,"enemies":"Donu and Deca","floor":50,"turns":5}],"seed_played":"7604514790872555227","potions_obtained":[{"floor":1,"key":"Fire Potion"},{"floor":7,"key":"PowerPotion"},{"floor":8,"key":"LiquidBronze"},{"floor":24,"key":"Regen Potion"},{"floor":28,"key":"Fire Potion"},{"floor":29,"key":"Swift Potion"},{"floor":33,"key":"Block Potion"},{"floor":41,"key":"SmokeBomb"},{"floor":48,"key":"SkillPotion"}],"is_trial":false,"path_per_floor":["M","?","?","M","$","R","M","M","T","M","?","T","$","M","R","B",null,"M","?","M","?","T","R","E","M","T","R","E","M","R","M","R","B",null,"M","$","?","$","M","R","E","R","T","R","M","?","?","M","R","B"],"character_chosen":"DEFECT","items_purchased":["Redo","Defragment","Loop"],"campfire_rested":4,"item_purchase_floors":[13,36,38],"current_hp_per_floor":[68,50,50,46,46,46,46,46,46,38,38,38,38,34,34,2,75,65,65,64,64,64,64,38,19,19,41,5,3,25,18,40,2,75,63,63,58,58,58,58,45,45,52,76,76,76,76,76,76,57],"gold":73,"neow_bonus":"THREE_CARDS","is_prod":false,"is_daily":false,"chose_seed":false,"campfire_upgraded":6,"win_rate":0,"timestamp":1536439294,"path_taken":["M","?","?","M","$","R","M","M","T","?","?","?","?","M","R","BOSS","M","?","?","?","?","R","E","M","T","R","E","M","R","M","R","BOSS","M","$","?","$","M","R","E","R","T","R","M","?","?","?","R","BOSS"],"build_version":"2018-09-06","purchased_purges":3,"victory":true,"max_hp_per_floor":[75,75,75,75,75,75,75,75,75,75,75,75,75,75,75,75,75,75,75,75,75,75,75,75,75,75,75,75,75,75,75,75,75,75,75,75,75,75,75,75,75,75,82,82,82,82,82,84,84,84],"card_choices":[{"not_picked":["Sweeping Beam","Steam"],"picked":"Ball Lightning","floor":0},{"not_picked":["Glacier","Redo"],"picked":"Darkness","floor":1},{"not_picked":["Sweeping Beam","Glacier"],"picked":"Chaos","floor":4},{"not_picked":["Coolheaded","Reinforced Body"],"picked":"Rebound","floor":7},{"not_picked":["Undo","Skim"],"picked":"Conserve Battery","floor":8},{"not_picked":["Scrape","Leap"],"picked":"Consume","floor":10},{"not_picked":["Rebound","Beam Cell"],"picked":"Chaos","floor":10},{"not_picked":["Cold Snap","Coolheaded"],"picked":"Creative AI","floor":14},{"not_picked":["Barrage","Turbo","Go for the Eyes"],"picked":"SKIP","floor":14},{"not_picked":["Creative AI","Amplify"],"picked":"Seek","floor":16},{"not_picked":["Sweeping Beam","Hologram"],"picked":"Storm","floor":18},{"not_picked":["Coolheaded","Steam","Steam Power"],"picked":"SKIP","floor":18},{"not_picked":["Sunder","Go for the Eyes"],"picked":"Force Field","floor":20},{"not_picked":["Cold Snap","Rip and Tear"],"picked":"Auto Shields+1","floor":20},{"not_picked":["Doom and Gloom","Go for the Eyes+1"],"picked":"Lockon","floor":24},{"not_picked":["Reinforced Body","Gash"],"picked":"Skim+1","floor":25},{"not_picked":["Genetic Algorithm","Lockon","Gash"],"picked":"SKIP","floor":25},{"not_picked":["Leap","Rebound"],"picked":"Stack+1","floor":28},{"not_picked":["Scrape+1","Darkness+1"],"picked":"Buffer","floor":29},{"not_picked":["Steam+1","Genetic Algorithm+1","Leap"],"picked":"SKIP","floor":29},{"not_picked":["Leap+1","Turbo"],"picked":"Storm+1","floor":31},{"not_picked":["Steam","Turbo","Melter"],"picked":"SKIP","floor":31},{"not_picked":["All For One","Meteor Strike"],"picked":"Seek","floor":33},{"not_picked":["Hologram","Scrape"],"picked":"Storm","floor":35},{"not_picked":["Steam Power+1","BootSequence"],"picked":"Stack+1","floor":35},{"not_picked":["Discovery","Enlightenment"],"picked":"Thinking Ahead","floor":37},{"not_picked":["Redo","BootSequence","Tempest+1"],"picked":"SKIP","floor":39},{"not_picked":["Gash","Turbo","Consume"],"picked":"SKIP","floor":39},{"not_picked":["Scrape+1","Chill"],"picked":"Defragment","floor":41},{"not_picked":["BootSequence+1","Conserve Battery","Streamline+1"],"picked":"Singing Bowl","floor":48},{"not_picked":["Reinforced Body","Stack"],"picked":"Thunder Strike","floor":48}],"player_experience":173391,"relics_obtained":[{"floor":9,"key":"Prayer Wheel"},{"floor":12,"key":"Art of War"},{"floor":19,"key":"Calipers"},{"floor":22,"key":"War Paint"},{"floor":24,"key":"Boot"},{"floor":26,"key":"Oddly Smooth Stone"},{"floor":28,"key":"Ancient Tea Set"},{"floor":41,"key":"Singing Bowl"},{"floor":43,"key":"Strawberry"}],"event_choices":[{"event_name":"Golden Idol","player_choice":"Take Damage","floor":2,"damage_taken":0},{"event_name":"The Cleric","player_choice":"Card Removal","floor":3,"damage_taken":0},{"event_name":"Shining Light","player_choice":"Ignored","floor":11,"damage_taken":0},{"event_name":"Wheel of Change","player_choice":"Relic","floor":19,"damage_taken":0},{"event_name":"Masked Bandits","player_choice":"Paid Fearfully","floor":21,"damage_taken":0},{"event_name":"SensoryStone","player_choice":"Memory 2","floor":37,"damage_taken":0},{"event_name":"MindBloom","player_choice":"Upgrade","floor":46,"damage_taken":0},{"event_name":"Bonfire Elementals","player_choice":"COMMON","floor":47,"damage_taken":0}],"is_beta":false,"boss_relics":[{"not_picked":["Cursed Key","Orrery"],"picked":"Astrolabe"},{"not_picked":["Snecko Eye","Runic Pyramid"],"picked":"Runic Dome"}],"items_purged_floors":[5,36,38],"is_endless":false,"potions_floor_spawned":[1,7,8,24,28,29,33,41,48],"ascension_level":3}