{"gold_per_floor":[110,126,139,139,23,43,43,72,72,72],"floor_reached":10,"playtime":307,"items_purged":[],"score":133,"play_id":"2279a1e1-f0a7-4ea0-8196-50a131bfa1ae","local_time":"20190204180958","is_ascension_mode":true,"campfire_choices":[{"floor":7,"key":"REST"}],"neow_cost":"NONE","seed_source_timestamp":172360918728000,"circlet_count":0,"master_deck":["AscendersBane","Strike_B","Strike_B","Strike_B+1","Strike_B","Defend_B","Defend_B+1","Defend_B","Defend_B","Zap+1","Dualcast","Cold Snap","Genetic Algorithm","Glacier","Capacitor","Ball Lightning","Biased Cognition","Genetic Algorithm"],"relics":["Cracked Core","Juzu Bracelet","Cables"],"potions_floor_usage":[8,8],"damage_taken":[{"damage":7,"enemies":"2 Louse","floor":1,"turns":3},{"damage":10,"enemies":"Jaw Worm","floor":2,"turns":4},{"damage":12,"enemies":"Small Slimes","floor":3,"turns":4},{"damage":2,"enemies":"Blue Slaver","floor":6,"turns":4},{"damage":44,"enemies":"Gremlin Nob","floor":8,"turns":6},{"damage":4,"enemies":"Lots of Slimes","floor":10,"turns":2}],"seed_played":"-6522589915397640968","potions_obtained":[{"floor":1,"key":"Dexterity Potion"},{"floor":2,"key":"Regen Potion"},{"floor":8,"key":"Energy Potion"}],"is_trial":false,"path_per_floor":["M","M","M","?","$","M","R","E","T","M"],"character_chosen":"DEFECT","items_purchased":["Capacitor","Ball Lightning"],"campfire_rested":1,"item_purchase_floors":[5,5],"current_hp_per_floor":[57,47,35,14,14,12,33,4,4,0],"gold":72,"neow_bonus":"UPGRADE_CARD","is_prod":false,"is_daily":false,"chose_seed":false,"campfire_upgraded":0,"win_rate":0,"timestamp":1549332598,"path_taken":["M","M","M","?","$","M","R","E","T","M"],"build_version":"2019-01-23","purchased_purges":0,"victory":false,"max_hp_per_floor":[71,71,71,71,71,71,71,71,71,71],"card_choices":[{"not_picked":["Streamline","Sweeping Beam"],"picked":"Cold Snap","floor":1},{"not_picked":["Coolheaded","Heatsinks"],"picked":"Genetic Algorithm","floor":2},{"not_picked":["Turbo","Compile Driver"],"picked":"Glacier","floor":3},{"not_picked":["Go for the Eyes","Reprogram"],"picked":"Biased Cognition","floor":6},{"not_picked":["BootSequence","Reinforced Body"],"picked":"Genetic Algorithm","floor":8}],"player_experience":624523,"relics_obtained":[{"floor":8,"key":"Juzu Bracelet"},{"floor":9,"key":"Cables"}],"event_choices":[{"damage_healed":0,"gold_gain":0,"player_choice":"Entered Light","damage_taken":21,"max_hp_gain":0,"max_hp_loss":0,"event_name":"Shining Light","floor":4,"gold_loss":0,"cards_upgraded":["Strike_B","Defend_B"]}],"is_beta":false,"boss_relics":[],"items_purged_floors":[],"is_endless":false,"potions_floor_spawned":[1,2,8],"killed_by":"Lots of Slimes","ascension_level":19}