{"gold_per_floor":[142,31,43,43,43,43,59,83,152,173,126,26,26,40,40,40],"floor_reached":16,"playtime":848,"items_purged":["Regret","Normality"],"score":92,"play_id":"79587051-edc8-4fa9-a774-345dad52c30b","local_time":"20180816160739","is_ascension_mode":false,"campfire_choices":[{"data":"Blizzard","floor":6,"key":"SMITH"},{"floor":13,"key":"REST"},{"floor":15,"key":"REST"}],"neow_cost":"NONE","seed_source_timestamp":45816407436216,"circlet_count":0,"master_deck":["Strike_B","Strike_B","Strike_B","Strike_B","Defend_B","Defend_B","Defend_B","Defend_B","Zap","Dualcast","Normality","Blizzard","Capacitor","Blizzard+1","Coolheaded"],"relics":["Calling Bell","Tiny Chest","Gremlin Horn","Ginger","Golden Idol","Dodecahedron"],"potions_floor_usage":[16,16],"damage_taken":[{"damage":7,"enemies":"2 Louse","floor":1,"turns":2},{"damage":0,"enemies":"Small Slimes","floor":3,"turns":3},{"damage":8,"enemies":"Jaw Worm","floor":7,"turns":6},{"damage":12,"enemies":"Looter","floor":8,"turns":4},{"damage":20,"enemies":"Blue Slaver","floor":10,"turns":6},{"damage":19,"enemies":"Gremlin Gang","floor":14,"turns":6},{"damage":48,"enemies":"Hexaghost","floor":16,"turns":12}],"seed_played":"5070740924534123992","potions_obtained":[{"floor":1,"key":"Poison Potion"},{"floor":10,"key":"Fruit Juice"}],"is_trial":false,"path_per_floor":["M","$","M","?","?","R","M","M","T","M","?","$","R","M","R"],"character_chosen":"DEFECT","items_purchased":["Capacitor"],"campfire_rested":2,"item_purchase_floors":[2],"current_hp_per_floor":[68,68,68,73,53,53,45,33,33,13,13,13,37,18,42,0],"gold":40,"neow_bonus":"BOSS_RELIC","is_prod":false,"is_daily":false,"chose_seed":false,"campfire_upgraded":1,"win_rate":0,"timestamp":1534450059,"path_taken":["M","$","M","?","?","R","?","M","T","M","?","$","R","M","R","BOSS"],"build_version":"2018-08-09","purchased_purges":2,"victory":false,"max_hp_per_floor":[75,75,75,80,80,80,80,80,80,80,80,80,80,80,80,85],"card_choices":[{"not_picked":["Sweeping Beam","Recycle"],"picked":"Blizzard","floor":1},{"not_picked":["Stack","Redo"],"picked":"Blizzard","floor":3},{"not_picked":["Gash","Stack","Conserve Battery"],"picked":"SKIP","floor":7},{"not_picked":["Steam","Rebound","Gash"],"picked":"SKIP","floor":8},{"not_picked":["Beam Cell","Hyperbeam"],"picked":"Coolheaded","floor":10},{"not_picked":["Compile Driver","Sweeping Beam","Steam"],"picked":"SKIP","floor":14}],"player_experience":45838,"relics_obtained":[{"floor":0,"key":"Tiny Chest"},{"floor":0,"key":"Gremlin Horn"},{"floor":0,"key":"Ginger"},{"floor":9,"key":"Dodecahedron"}],"event_choices":[{"event_name":"Big Fish","player_choice":"Donut","floor":4,"damage_taken":0},{"event_name":"Golden Idol","player_choice":"Take Damage","floor":5,"damage_taken":0},{"event_name":"World of Goop","player_choice":"Left","floor":11,"damage_taken":0}],"is_beta":false,"boss_relics":[],"items_purged_floors":[2,12],"is_endless":false,"potions_floor_spawned":[1,10],"killed_by":"Hexaghost","ascension_level":0}