{"gold_per_floor":[109,119,136,156,173,203,203,237,237,253,253,1,1,20,20,97,97,107,118,18,68,68],"floor_reached":22,"playtime":1075,"items_purged":["Strike_B","Strike_B"],"score":521,"play_id":"ccdca83d-7033-416c-9514-c63936522f4b","local_time":"20190131220620","is_ascension_mode":true,"campfire_choices":[{"data":"Scrape","floor":7.0,"key":"SMITH"},{"floor":11.0,"key":"DIG"},{"floor":13.0,"key":"DIG"},{"floor":15.0,"key":"DIG"}],"neow_cost":"NONE","seed_source_timestamp":0,"circlet_count":0,"master_deck":["AscendersBane","Strike_B","Strike_B+1","Defend_B","Defend_B","Defend_B","Defend_B","Zap","Dualcast","Go for the Eyes+1","Gash","Chill","Ball Lightning","Cold Snap","Scrape+1","Glacier","Consume","Electrodynamics","Auto Shields","All For One","Hologram","Gash","White Noise","Gash","Capacitor","Gash","Hologram+1"],"special_seed":0,"relics":["Cracked Core","Art of War","Pocketwatch","Shovel","Mango","Ice Cream","Whetstone","Orrery"],"potions_floor_usage":[],"damage_taken":[{"damage":0.0,"enemies":"Cultist","floor":1.0,"turns":4.0},{"damage":8.0,"enemies":"Small Slimes","floor":2.0,"turns":4.0},{"damage":2.0,"enemies":"Jaw Worm","floor":3.0,"turns":3.0},{"damage":1.0,"enemies":"Looter","floor":4.0,"turns":4.0},{"damage":1.0,"enemies":"3 Louse","floor":5.0,"turns":4.0},{"damage":7.0,"enemies":"3 Sentries","floor":6.0,"turns":7.0},{"damage":35.0,"enemies":"Lagavulin","floor":8.0,"turns":6.0},{"damage":0.0,"enemies":"Large Slime","floor":10.0,"turns":7.0},{"damage":0.0,"enemies":"Blue Slaver","floor":14.0,"turns":4.0},{"damage":0.0,"enemies":"Hexaghost","floor":16.0,"turns":9.0},{"damage":8,"enemies":"3 Byrds","floor":18,"turns":4},{"damage":26,"enemies":"Shell Parasite","floor":19,"turns":4},{"damage":46,"enemies":"Cultist and Chosen","floor":22,"turns":5}],"seed_played":"-4355312974150451889","potions_obtained":[{"floor":1.0,"key":"GamblersBrew"},{"floor":3.0,"key":"LiquidBronze"},{"floor":10.0,"key":"LiquidBronze"},{"floor":14.0,"key":"FocusPotion"}],"is_trial":false,"path_per_floor":["M","M","M","M","M","E","R","E","T","M","R","$","R","M","R","B",null,"M","M","$","?","M"],"character_chosen":"DEFECT","items_purchased":["Electrodynamics"],"campfire_rested":0,"item_purchase_floors":[12],"current_hp_per_floor":[71,63,61,60,59,52,52,17,17,17,31,31,31,31,31,31,77,69,43,43,43,0],"gold":68,"neow_bonus":"TEN_PERCENT_HP_BONUS","is_prod":false,"is_daily":false,"chose_seed":false,"campfire_upgraded":1,"win_rate":0,"timestamp":1549001180,"path_taken":["M","M","M","M","M","E","R","E","T","?","R","$","R","M","R","BOSS","M","M","$","?","M"],"build_version":"2019-01-23","purchased_purges":2,"victory":false,"max_hp_per_floor":[78,78,78,78,78,78,78,78,78,78,92,92,92,92,92,92,92,92,92,92,92,92],"card_choices":[{"not_picked":["Undo","Compile Driver"],"picked":"Go for the Eyes","floor":1.0},{"not_picked":["Stack","Go for the Eyes"],"picked":"Gash","floor":2.0},{"not_picked":["Double Energy","Barrage"],"picked":"Chill","floor":3.0},{"not_picked":["Doom and Gloom","Cold Snap"],"picked":"Ball Lightning","floor":4.0},{"not_picked":["Go for the Eyes","Beam Cell"],"picked":"Cold Snap","floor":5.0},{"not_picked":["Double Energy","Cold Snap"],"picked":"Scrape","floor":6.0},{"not_picked":["Compile Driver","Static Discharge"],"picked":"Glacier","floor":8.0},{"not_picked":["Doom and Gloom","Glacier"],"picked":"Consume","floor":10.0},{"not_picked":["Lockon","Stack"],"picked":"Auto Shields","floor":14.0},{"not_picked":["Biased Cognition","Fission"],"picked":"All For One","floor":16.0},{"not_picked":["Melter","Sweeping Beam"],"picked":"Hologram","floor":17},{"not_picked":["Leap","Recycle"],"picked":"Gash","floor":17},{"not_picked":["Compile Driver","Beam Cell"],"picked":"White Noise","floor":17},{"not_picked":["Chaos","Rebound"],"picked":"Gash","floor":17},{"not_picked":["Force Field","Steam"],"picked":"Capacitor","floor":17},{"not_picked":["Redo","Cold Snap"],"picked":"Gash","floor":18},{"not_picked":["Aggregate","Sunder"],"picked":"Hologram+1","floor":19}],"player_experience":609824,"relics_obtained":[{"floor":6.0,"key":"Art of War"},{"floor":8.0,"key":"Pocketwatch"},{"floor":9.0,"key":"Shovel"},{"floor":11.0,"key":"Mango"},{"floor":13.0,"key":"Ice Cream"},{"floor":15.0,"key":"Whetstone"}],"event_choices":[{"damage_healed":0,"gold_gain":50,"player_choice":"Stole From Cult","damage_taken":0,"max_hp_gain":0,"max_hp_loss":0,"event_name":"Nest","floor":21,"gold_loss":0}],"is_beta":false,"boss_relics":[{"not_picked":["Lizard Tail","Empty Cage"],"picked":"Orrery"}],"items_purged_floors":[12,20],"is_endless":false,"potions_floor_spawned":[1,3,10,14],"killed_by":"Cultist and Chosen","ascension_level":18}