{"gold_per_floor":[360,1,1,1,12,12,12,12,12,23,39,39,74,91,91,91],"floor_reached":16,"playtime":469,"items_purged":[],"score":244,"play_id":"312c20c9-5a3c-4ea1-8583-746bed18e497","local_time":"20190206005905","is_ascension_mode":true,"campfire_choices":[{"data":"Zap","floor":6,"key":"SMITH"},{"data":"Dualcast","floor":8,"key":"SMITH"},{"data":"White Noise","floor":12,"key":"SMITH"},{"data":"Storm","floor":15,"key":"SMITH"}],"neow_cost":"PERCENT_DAMAGE","seed_source_timestamp":283144318326300,"circlet_count":0,"master_deck":["AscendersBane","Strike_B","Strike_B","Strike_B","Strike_B","Defend_B","Defend_B","Defend_B","Defend_B","Zap+1","Dualcast+1","Consume","Heatsinks","Chill","White Noise+1","Storm+1","Chill"],"relics":["Cracked Core","Mummified Hand","Incense Burner","Vajra","PreservedInsect"],"potions_floor_usage":[13,13,16],"damage_taken":[{"damage":0,"enemies":"Small Slimes","floor":1,"turns":3},{"damage":7,"enemies":"Cultist","floor":5,"turns":4},{"damage":3,"enemies":"2 Louse","floor":10,"turns":3},{"damage":6,"enemies":"Looter","floor":11,"turns":3},{"damage":0,"enemies":"Lagavulin","floor":13,"turns":4},{"damage":12,"enemies":"Red Slaver","floor":14,"turns":3},{"damage":24,"enemies":"Hexaghost","floor":16,"turns":9}],"seed_played":"-2414310148994385896","potions_obtained":[{"floor":4,"key":"EssenceOfSteel"},{"floor":4,"key":"SneckoOil"},{"floor":10,"key":"Fire Potion"},{"floor":11,"key":"PowerPotion"},{"floor":14,"key":"Regen Potion"}],"is_trial":false,"path_per_floor":["M","$","?","?","M","R","$","R","T","M","M","R","E","M","R","B"],"character_chosen":"DEFECT","items_purchased":["Mummified Hand","Heatsinks"],"campfire_rested":0,"item_purchase_floors":[2,2],"current_hp_per_floor":[46,46,35,35,28,28,28,28,28,25,19,19,19,7,7,0],"gold":91,"neow_bonus":"TWO_FIFTY_GOLD","is_prod":false,"is_daily":false,"chose_seed":false,"campfire_upgraded":4,"win_rate":0,"timestamp":1549443545,"path_taken":["M","$","?","?","M","R","$","R","T","M","M","R","E","M","R","BOSS"],"build_version":"2019-01-23","purchased_purges":0,"victory":false,"max_hp_per_floor":[71,71,71,71,71,71,71,71,71,71,71,71,71,71,71,71],"card_choices":[{"not_picked":["Streamline","Aggregate"],"picked":"Consume","floor":1},{"not_picked":["Barrage","Force Field"],"picked":"Chill","floor":5},{"not_picked":["Doom and Gloom","Chaos"],"picked":"White Noise","floor":10},{"not_picked":["Redo","Beam Cell","Barrage"],"picked":"SKIP","floor":11},{"not_picked":["Compile Driver","Hologram"],"picked":"Storm","floor":13},{"not_picked":["Stack","Beam Cell"],"picked":"Chill","floor":14}],"player_experience":636573,"relics_obtained":[{"floor":9,"key":"Vajra"},{"floor":13,"key":"PreservedInsect"}],"event_choices":[{"damage_healed":0,"gold_gain":0,"player_choice":"Success","damage_taken":11,"relics_obtained":["Incense Burner"],"max_hp_gain":0,"max_hp_loss":0,"event_name":"Scrap Ooze","floor":3,"gold_loss":0},{"damage_healed":0,"gold_gain":0,"player_choice":"Got Potions","damage_taken":0,"max_hp_gain":0,"max_hp_loss":0,"event_name":"Lab","floor":4,"gold_loss":0}],"is_beta":false,"boss_relics":[],"items_purged_floors":[],"is_endless":false,"potions_floor_spawned":[10,11,14],"killed_by":"Hexaghost","ascension_level":19}