{"gold_per_floor":[115,115,115,32,45,72,72,86,86,120,85,85,118,138,138,211,211,225,225,242,20,39,66,76,76,103,133,147,147,181,195,195,267,267,282,282,300,300,350,380,380,408,432,450,450,32,45,56,56,56,56,56,56,26,26],"floor_reached":55,"playtime":11628,"items_purged":["Strike_B"],"score":2060,"play_id":"36a0887a-6dd9-46be-87ff-85f6c6c3b698","local_time":"20190218193945","is_ascension_mode":true,"campfire_choices":[{"floor":7,"key":"REST"},{"floor":12,"key":"REST"},{"floor":15,"key":"REST"},{"floor":25,"key":"REST"},{"data":"Dualcast","floor":29,"key":"SMITH"},{"floor":32,"key":"REST"},{"data":"Buffer","floor":41,"key":"SMITH"},{"floor":45,"key":"REST"},{"floor":49,"key":"RECALL"},{"floor":53,"key":"REST"}],"neow_cost":"NONE","seed_source_timestamp":9420025063967,"circlet_count":0,"master_deck":["AscendersBane","Strike_B","Strike_B","Defend_B","Defend_B","Defend_B","Defend_B","Zap+1","Dualcast+1","Skim","Go for the Eyes","Streamline","Conserve Battery","Echo Form","Glacier+1","Coolheaded+1","Coolheaded+1","All For One","Hologram+1","Redo+1","Steam+1","Sweeping Beam","Undo+1","Leap+1","Stack+1","Steam+1","Turbo+1","Go for the Eyes","Coolheaded+1","Hologram+1","Tempest+1","Seek+1","Hologram+1","Turbo+1","Redo+1","Buffer+1","Capacitor","Streamline+1","Secret Technique+1","Steam+1","Buffer","Loop"],"relics":["Cracked Core","Toxic Egg 2","Mercury Hourglass","Potion Belt","The Courier","Philosopher\u0027s Stone","Blood Vial","Art of War","Mango","Bottled Lightning","Nuclear Battery","Pocketwatch","Incense Burner","Anchor","Thread and Needle"],"potions_floor_usage":[10,14,14,16,16,20,22,22,22,23,23,23,23,23,24,27,30,30,33,42,50],"damage_taken":[{"damage":1,"enemies":"Cultist","floor":1,"turns":3},{"damage":1,"enemies":"2 Louse","floor":5,"turns":3},{"damage":37,"enemies":"Lagavulin","floor":6,"turns":6},{"damage":0,"enemies":"Small Slimes","floor":8,"turns":3},{"damage":51,"enemies":"Gremlin Nob","floor":10,"turns":5},{"damage":22,"enemies":"3 Sentries","floor":13,"turns":7},{"damage":9,"enemies":"Exordium Thugs","floor":14,"turns":4},{"damage":12,"enemies":"Hexaghost","floor":16,"turns":12},{"damage":19,"enemies":"3 Byrds","floor":18,"turns":4},{"damage":2,"enemies":"Spheric Guardian","floor":20,"turns":3},{"damage":1,"enemies":"Shelled Parasite and Fungi","floor":22,"turns":4},{"damage":4,"enemies":"Gremlin Leader","floor":23,"turns":5},{"damage":2,"enemies":"Sentry and Sphere","floor":24,"turns":5},{"damage":0,"enemies":"Book of Stabbing","floor":27,"turns":4},{"damage":9,"enemies":"Snake Plant","floor":28,"turns":6},{"damage":4,"enemies":"Slavers","floor":30,"turns":5},{"damage":25,"enemies":"Shelled Parasite and Fungi","floor":31,"turns":8},{"damage":17,"enemies":"Champ","floor":33,"turns":14},{"damage":0,"enemies":"3 Shapes","floor":35,"turns":2},{"damage":0,"enemies":"Orb Walker","floor":37,"turns":2},{"damage":1,"enemies":"2 Orb Walkers","floor":39,"turns":3},{"damage":10,"enemies":"Nemesis","floor":40,"turns":6},{"damage":32,"enemies":"Reptomancer","floor":42,"turns":11},{"damage":12,"enemies":"Sphere and 2 Shapes","floor":44,"turns":4},{"damage":0,"enemies":"4 Shapes","floor":47,"turns":1},{"damage":0,"enemies":"Transient","floor":48,"turns":6},{"damage":34,"enemies":"Donu and Deca","floor":50,"turns":12},{"damage":77,"enemies":"Time Eater","floor":51,"turns":15},{"damage":94,"enemies":"Shield and Spear","floor":55,"turns":8}],"seed_played":"-2997970635670096000","potions_obtained":[{"floor":1,"key":"EssenceOfSteel"},{"floor":13,"key":"EntropicBrew"},{"floor":14,"key":"FearPotion"},{"floor":16,"key":"EntropicBrew"},{"floor":18,"key":"EntropicBrew"},{"floor":20,"key":"SkillPotion"},{"floor":23,"key":"Fire Potion"},{"floor":24,"key":"GamblersBrew"},{"floor":33,"key":"Energy Potion"},{"floor":39,"key":"FairyPotion"},{"floor":40,"key":"EssenceOfSteel"}],"is_trial":false,"path_per_floor":["M","?","$","$","M","E","R","M","T","E","?","R","E","M","R","B",null,"M","?","M","$","M","E","M","R","T","E","M","R","E","M","R","B",null,"M","?","M","?","?","E","R","E","T","M","R","$","M","M","R","B","B",null,"R","$","E"],"character_chosen":"DEFECT","items_purchased":["Go for the Eyes","Streamline","Steam+1","Sweeping Beam","Undo+1","Leap+1","Thread and Needle","Secret Technique+1","Loop"],"campfire_rested":7,"item_purchase_floors":[4,4,21,21,21,21,46,46,54],"current_hp_per_floor":[70,70,70,70,69,32,55,55,55,4,23,46,24,15,38,26,65,46,46,44,44,43,39,39,62,62,78,71,71,69,46,73,58,84,86,86,88,88,89,81,81,51,51,41,68,68,70,72,72,40,9,71,92,92,0],"gold":26,"neow_bonus":"TEN_PERCENT_HP_BONUS","is_prod":false,"is_daily":false,"chose_seed":false,"campfire_upgraded":2,"win_rate":0,"timestamp":1550515185,"path_taken":["M","?","?","$","?","E","R","M","T","E","?","R","E","M","R","BOSS","M","?","M","$","M","E","M","R","T","E","M","R","E","M","R","BOSS","M","?","M","?","?","E","R","E","T","M","R","$","M","M","R","BOSS","BOSS","R","$","E"],"build_version":"2019-02-06","purchased_purges":1,"victory":false,"max_hp_per_floor":[78,78,78,78,78,78,78,78,78,78,78,78,78,78,78,78,78,78,78,78,78,78,78,78,78,78,92,92,92,92,92,92,92,92,92,92,92,92,92,92,92,92,92,92,92,92,92,92,92,92,92,92,92,92,92],"card_choices":[{"not_picked":["Stack","Lockon"],"picked":"Skim","floor":1},{"not_picked":["Gash","Double Energy"],"picked":"Conserve Battery","floor":5},{"not_picked":["Conserve Battery","Redo","Stack"],"picked":"SKIP","floor":6},{"not_picked":["Steam Power+1","Redo+1"],"picked":"Echo Form","floor":8},{"not_picked":["Steam+1","Reinforced Body+1"],"picked":"Glacier+1","floor":10},{"not_picked":["Chaos+1","Hologram+1"],"picked":"Coolheaded+1","floor":13},{"not_picked":["Streamline","Gash"],"picked":"Coolheaded+1","floor":14},{"not_picked":["Meteor Strike","Buffer"],"picked":"All For One","floor":16},{"not_picked":["Heatsinks","Undo+1"],"picked":"Hologram+1","floor":18},{"not_picked":["Coolheaded+1","Heatsinks"],"picked":"Redo+1","floor":20},{"not_picked":["Streamline","Sweeping Beam"],"picked":"Stack+1","floor":22},{"not_picked":["Streamline","Sweeping Beam"],"picked":"Steam+1","floor":23},{"not_picked":["Compile Driver","Steam+1"],"picked":"Turbo+1","floor":24},{"not_picked":["Double Energy+1","Multi-Cast+1"],"picked":"Go for the Eyes","floor":27},{"not_picked":["Ball Lightning","Stack+1"],"picked":"Coolheaded+1","floor":28},{"not_picked":["Electrodynamics","Beam Cell"],"picked":"Hologram+1","floor":30},{"not_picked":["Gash","Steam+1"],"picked":"Tempest+1","floor":31},{"not_picked":["Meteor Strike","Amplify+1"],"picked":"Seek+1","floor":33},{"not_picked":["Ball Lightning+1","Go for the Eyes"],"picked":"Hologram+1","floor":35},{"not_picked":["Hologram+1","Rebound"],"picked":"Turbo+1","floor":37},{"not_picked":["Ball Lightning+1","Coolheaded+1"],"picked":"Redo+1","floor":39},{"not_picked":["Compile Driver","Coolheaded+1"],"picked":"Buffer","floor":40},{"not_picked":["Machine Learning","Cold Snap+1"],"picked":"Capacitor","floor":42},{"not_picked":["Cold Snap","Heatsinks"],"picked":"Streamline+1","floor":44},{"not_picked":["Chaos+1","Conserve Battery+1"],"picked":"Steam+1","floor":47},{"not_picked":["Cold Snap","Capacitor"],"picked":"Buffer","floor":48}],"player_experience":1229939,"relics_obtained":[{"floor":6,"key":"Toxic Egg 2"},{"floor":9,"key":"Mercury Hourglass"},{"floor":10,"key":"Potion Belt"},{"floor":13,"key":"The Courier"},{"floor":23,"key":"Blood Vial"},{"floor":26,"key":"Art of War"},{"floor":27,"key":"Mango"},{"floor":30,"key":"Bottled Lightning"},{"floor":39,"key":"Pocketwatch"},{"floor":40,"key":"Incense Burner"},{"floor":42,"key":"Anchor"}],"event_choices":[{"damage_healed":0,"gold_gain":0,"player_choice":"Upgraded","damage_taken":0,"max_hp_gain":0,"max_hp_loss":0,"event_name":"Upgrade Shrine","floor":2,"gold_loss":0,"cards_upgraded":["Zap"]},{"damage_healed":19,"gold_gain":0,"player_choice":"Healed","damage_taken":0,"max_hp_gain":0,"max_hp_loss":0,"event_name":"The Cleric","floor":11,"gold_loss":35},{"damage_healed":0,"gold_gain":0,"player_choice":"Ignored","damage_taken":0,"max_hp_gain":0,"max_hp_loss":0,"event_name":"N\u0027loth","floor":19,"gold_loss":0},{"cards_removed":["Strike_B"],"damage_healed":0,"gold_gain":0,"player_choice":"Removed Attack","damage_taken":0,"max_hp_gain":0,"max_hp_loss":0,"event_name":"Falling","floor":36,"gold_loss":0},{"damage_healed":0,"gold_gain":0,"player_choice":"Ignored","damage_taken":0,"max_hp_gain":0,"max_hp_loss":0,"event_name":"Tomb of Lord Red Mask","floor":38,"gold_loss":0},{"damage_healed":0,"gold_gain":0,"player_choice":"Fight","damage_taken":0,"max_hp_gain":0,"max_hp_loss":0,"event_name":"Mysterious Sphere","floor":39,"gold_loss":0}],"is_beta":true,"boss_relics":[{"not_picked":["Lizard Tail","Busted Crown"],"picked":"Philosopher\u0027s Stone"},{"not_picked":["Calling Bell","Runic Pyramid"],"picked":"Nuclear Battery"}],"items_purged_floors":[21],"is_endless":false,"potions_floor_spawned":[1,13,14,16,18,20,23,24,33,39,40],"killed_by":"Shield and Spear","ascension_level":20}