{"gold_per_floor":[109,126,126,126,51,81,81,81,104,128,128,144,187,187,187,187],"floor_reached":16,"playtime":464,"items_purged":["Strike_B"],"score":253,"play_id":"f90959a5-0975-4b3d-857c-566dcbd1c505","local_time":"20190121000416","is_ascension_mode":true,"campfire_choices":[{"data":"Coolheaded","floor":11,"key":"SMITH"},{"data":"Darkness","floor":15,"key":"SMITH"}],"neow_cost":"NONE","seed_source_timestamp":891918330885100,"circlet_count":0,"master_deck":["AscendersBane","Strike_B","Strike_B","Defend_B","Defend_B+1","Defend_B","Defend_B+1","Zap","Dualcast","Storm","Cold Snap","Cold Snap","Coolheaded+1","Leap","Darkness+1"],"relics":["Cracked Core","NeowsBlessing","DataDisk","Bag of Marbles","Golden Idol","Juzu Bracelet","Omamori"],"potions_floor_usage":[13,16],"damage_taken":[{"damage":0,"enemies":"Cultist","floor":1,"turns":1},{"damage":0,"enemies":"Small Slimes","floor":2,"turns":1},{"damage":0,"enemies":"Gremlin Nob","floor":6,"turns":1},{"damage":0,"enemies":"2 Louse","floor":10,"turns":3},{"damage":18,"enemies":"Large Slime","floor":12,"turns":7},{"damage":3,"enemies":"3 Sentries","floor":13,"turns":13},{"damage":29,"enemies":"Slime Boss","floor":16,"turns":6}],"seed_played":"4519960222299157630","potions_obtained":[{"floor":1,"key":"FocusPotion"},{"floor":2,"key":"Strength Potion"},{"floor":12,"key":"SpeedPotion"},{"floor":13,"key":"LiquidBronze"}],"is_trial":false,"path_per_floor":["M","M","T","?","$","E","?","?","T","M","R","M","E","?","R","B"],"character_chosen":"DEFECT","items_purchased":[],"campfire_rested":0,"item_purchase_floors":[],"current_hp_per_floor":[64,64,64,43,43,43,43,48,48,48,48,30,27,20,20,0],"gold":187,"neow_bonus":"THREE_ENEMY_KILL","is_prod":false,"is_daily":false,"chose_seed":false,"campfire_upgraded":2,"win_rate":0,"timestamp":1548057856,"path_taken":["M","M","?","?","$","E","?","?","T","M","R","M","E","?","R","BOSS"],"build_version":"2019-01-17v2","purchased_purges":1,"victory":false,"max_hp_per_floor":[71,71,71,71,71,71,64,69,69,69,69,69,69,69,69,69],"card_choices":[{"not_picked":["Skim","Auto Shields"],"picked":"Storm","floor":1},{"not_picked":["Sweeping Beam","Steam"],"picked":"Cold Snap","floor":2},{"not_picked":["Steam","Rebound"],"picked":"Cold Snap","floor":6},{"not_picked":["Steam","Hologram"],"picked":"Coolheaded","floor":10},{"not_picked":["Barrage","Gash"],"picked":"Leap","floor":12},{"not_picked":["Double Energy","Compile Driver"],"picked":"Darkness","floor":13}],"player_experience":572153,"relics_obtained":[{"floor":3,"key":"DataDisk"},{"floor":6,"key":"Bag of Marbles"},{"floor":9,"key":"Juzu Bracelet"},{"floor":13,"key":"Omamori"}],"event_choices":[{"damage_healed":0,"gold_gain":0,"player_choice":"Entered Light","damage_taken":21,"max_hp_gain":0,"max_hp_loss":0,"event_name":"Shining Light","floor":4,"gold_loss":0,"cards_upgraded":["Defend_B","Defend_B"]},{"damage_healed":0,"gold_gain":0,"player_choice":"Lose Max HP","damage_taken":0,"relics_obtained":["Golden Idol"],"max_hp_gain":0,"max_hp_loss":7,"event_name":"Golden Idol","floor":7,"gold_loss":0},{"damage_healed":0,"gold_gain":0,"player_choice":"Donut","damage_taken":0,"max_hp_gain":5,"max_hp_loss":0,"event_name":"Big Fish","floor":8,"gold_loss":0},{"cards_removed":["Strike_B"],"damage_healed":0,"gold_gain":0,"player_choice":"Card Removal","damage_taken":7,"max_hp_gain":0,"max_hp_loss":0,"event_name":"Golden Wing","floor":14,"gold_loss":0}],"is_beta":false,"boss_relics":[],"items_purged_floors":[5],"is_endless":false,"potions_floor_spawned":[1,2,12,13],"killed_by":"Slime Boss","ascension_level":18}