{"path_per_floor":["M","?","M","T","M","R","M","R","T","M","M","?","R","$","R","B",null,"M","?","$","M","$"],"character_chosen":"THE_SILENT","items_purchased":["Prepared","Singing Bowl","Dramatic Entrance","Dagger Spray"],"gold_per_floor":[119,119,131,131,148,148,158,158,158,169,185,185,185,10,10,107,107,119,119,5,16,16,16],"floor_reached":23,"campfire_rested":0,"playtime":1180,"current_hp_per_floor":[70,67,66,66,66,66,66,66,66,61,59,76,76,76,76,55,82,70,57,57,48,48,0],"items_purged":[],"gold":16,"score":206,"play_id":"4b0809ce-3849-4abd-8ee1-09c072cc7852","local_time":"20180506204053","is_prod":false,"is_daily":false,"chose_seed":false,"is_ascension_mode":false,"campfire_upgraded":4,"timestamp":1525603253,"path_taken":["M","?","M","?","M","R","M","R","T","M","M","?","R","$","R","BOSS","M","?","$","M","$","M"],"build_version":"2018-05-03","seed_source_timestamp":5369967234893,"purchased_purges":0,"victory":false,"master_deck":["Defend_G","Defend_G","Defend_G","Defend_G","Defend_G","Survivor","Neutralize+1","Slice+1","Deadly Poison+1","Slice+1","Escape Plan","Parasite","Prepared","Backflip","Quick Slash","Prepared","Deflect","Bite","Bite","Bite","Bite","Bite","Dramatic Entrance","Dagger Spray","Die Die Die"],"max_hp_per_floor":[70,70,70,70,70,70,70,70,70,70,70,76,76,76,76,78,82,82,57,57,57,57,57],"relics":["Ring of the Snake","Oddly Smooth Stone","Bottled Lightning","Darkstone Periapt","Singing Bowl","Orrery"],"card_choices":[{"not_picked":["Cloak And Dagger","Choke"],"picked":"Slice","floor":0},{"not_picked":["Calculated Gamble","Bane"],"picked":"Deadly Poison","floor":1},{"not_picked":["Prepared","Crippling Poison"],"picked":"Slice","floor":3},{"not_picked":["Eviscerate","Underhanded Strike"],"picked":"Escape Plan","floor":11},{"not_picked":["Bane","Acrobatics"],"picked":"Backflip","floor":17},{"not_picked":["Bane","Expertise"],"picked":"Quick Slash","floor":17},{"not_picked":["PiercingWail","Underhanded Strike"],"picked":"Prepared","floor":17},{"not_picked":["Prepared","Dash"],"picked":"Deflect","floor":18},{"not_picked":["Dodge and Roll","Reflex"],"picked":"Die Die Die","floor":21}],"player_experience":161310,"potions_floor_usage":[16,16,18,21],"damage_taken":[{"damage":0,"enemies":"Small Slimes","floor":1,"turns":3},{"damage":1,"enemies":"2 Louse","floor":3,"turns":3},{"damage":0,"enemies":"Jaw Worm","floor":5,"turns":4},{"damage":0,"enemies":"3 Louse","floor":7,"turns":4},{"damage":5,"enemies":"Lots of Slimes","floor":10,"turns":5},{"damage":2,"enemies":"Red Slaver","floor":11,"turns":4},{"damage":23,"enemies":"Hexaghost","floor":16,"turns":14},{"damage":12,"enemies":"Spheric Guardian","floor":18,"turns":4},{"damage":13,"enemies":"2 Thieves","floor":21,"turns":3},{"damage":56,"enemies":"Snecko","floor":23,"turns":7}],"event_choices":[{"event_name":"Scrap Ooze","player_choice":"success","floor":2,"damage_taken":3},{"event_name":"Mushrooms","player_choice":"Healed and dodged fight","floor":12,"damage_taken":0},{"event_name":"Vampires","player_choice":"Became a vampire","floor":19,"damage_taken":0}],"boss_relics":[{"not_picked":["Runic Pyramid","Runic Dome"],"picked":"Orrery"}],"potions_floor_spawned":[5,10,16,18],"seed_played":"4914433205874912263","killed_by":"Snecko","ascension_level":0,"is_trial":false}