{"gold_per_floor":[114,114,189,203,214,214,249,261,261,261,322,349,360,374,374,469,469,479,404,419,436,436,464,464,71,121,121],"floor_reached":27,"playtime":1313,"items_purged":["Strike_B"],"score":243,"play_id":"5cbd0543-a04d-4d40-80c8-412af25f3f8c","local_time":"20181118183252","is_ascension_mode":false,"campfire_choices":[{"data":"Buffer","floor":6,"key":"SMITH"},{"floor":10,"key":"REST"},{"data":"Go for the Eyes","floor":15,"key":"SMITH"},{"data":"Creative AI","floor":24,"key":"SMITH"}],"neow_cost":"NONE","seed_source_timestamp":188752956270677,"circlet_count":0,"master_deck":["Strike_B","Strike_B","Defend_B","Defend_B+1","Defend_B","Defend_B+1","Zap+1","Dualcast","Buffer+1","Beam Cell+1","Tempest","Coolheaded","Compile Driver","Skim","Electrodynamics","Gash","All For One","Ball Lightning","Go for the Eyes+1","Creative AI+1","Chill","Hologram","Scrape","Loop+1","Storm","Turbo","Cold Snap","Writhe"],"relics":["Cracked Core","Orichalcum","Dream Catcher","Sundial","War Paint","Cursed Key","Anchor","DataDisk","Pen Nib"],"potions_floor_usage":[12,14,23,23],"damage_taken":[{"damage":7,"enemies":"Small Slimes","floor":1,"turns":4},{"damage":0,"enemies":"2 Louse","floor":4,"turns":2},{"damage":3,"enemies":"Jaw Worm","floor":5,"turns":2},{"damage":14,"enemies":"3 Sentries","floor":7,"turns":10},{"damage":0,"enemies":"2 Fungi Beasts","floor":8,"turns":3},{"damage":12,"enemies":"Lagavulin Event","floor":11,"turns":7},{"damage":10,"enemies":"Gremlin Nob","floor":12,"turns":4},{"damage":0,"enemies":"Exordium Wildlife","floor":13,"turns":2},{"damage":8,"enemies":"Gremlin Gang","floor":14,"turns":3},{"damage":14,"enemies":"The Guardian","floor":16,"turns":9},{"damage":0,"enemies":"3 Byrds","floor":18,"turns":2},{"damage":0,"enemies":"Chosen","floor":20,"turns":3},{"damage":6,"enemies":"Shelled Parasite and Fungi","floor":21,"turns":5},{"damage":18,"enemies":"Slavers","floor":23,"turns":3},{"damage":0,"enemies":"Colosseum Slavers","floor":27,"turns":4},{"damage":61,"enemies":"Colosseum Nobs","floor":27,"turns":4}],"seed_played":"-4664584991657356771","potions_obtained":[{"floor":7,"key":"GamblersBrew"},{"floor":8,"key":"FearPotion"},{"floor":11,"key":"Regen Potion"},{"floor":13,"key":"Poison Potion"},{"floor":16,"key":"AttackPotion"},{"floor":21,"key":"Block Potion"}],"is_trial":false,"path_per_floor":["M","?","?","M","M","R","E","M","T","R","?","E","M","M","R","B",null,"M","?","M","M","?","E","R","$","T","?"],"character_chosen":"DEFECT","items_purchased":["DataDisk","Storm","Turbo","Cold Snap"],"campfire_rested":1,"item_purchase_floors":[25,25,25,25],"current_hp_per_floor":[68,53,42,42,39,39,25,25,25,47,35,37,37,29,29,15,75,75,75,75,69,69,51,51,51,51,0],"gold":121,"neow_bonus":"ONE_RANDOM_RARE_CARD","is_prod":false,"is_daily":false,"chose_seed":false,"campfire_upgraded":3,"win_rate":0,"timestamp":1542594772,"path_taken":["M","?","?","M","M","R","E","M","T","R","?","E","M","M","R","BOSS","M","?","M","M","?","E","R","$","T","?"],"build_version":"2018-11-15","purchased_purges":1,"victory":false,"max_hp_per_floor":[75,75,75,75,75,75,75,75,75,75,75,75,75,75,75,75,75,75,75,75,75,75,75,75,75,75,75],"card_choices":[{"not_picked":["Rebound","Turbo"],"picked":"Beam Cell","floor":1},{"not_picked":["Rip and Tear","Static Discharge"],"picked":"Tempest","floor":4},{"not_picked":["Steam","Force Field"],"picked":"Coolheaded","floor":5},{"not_picked":["Reinforced Body","Auto Shields"],"picked":"Compile Driver","floor":7},{"not_picked":["Darkness","Beam Cell"],"picked":"Skim","floor":8},{"not_picked":["Heatsinks","Go for the Eyes"],"picked":"Electrodynamics","floor":10},{"not_picked":["Coolheaded","Tempest"],"picked":"Gash","floor":11},{"not_picked":["Ball Lightning","Fission"],"picked":"All For One","floor":12},{"not_picked":["Compile Driver","Barrage"],"picked":"Ball Lightning","floor":13},{"not_picked":["Conserve Battery","Beam Cell"],"picked":"Go for the Eyes","floor":14},{"not_picked":["Biased Cognition","Electrodynamics"],"picked":"Creative AI","floor":16},{"not_picked":["Coolheaded","Cold Snap"],"picked":"Chill","floor":18},{"not_picked":["Streamline","Redo"],"picked":"Hologram","floor":20},{"not_picked":["Beam Cell","Genetic Algorithm"],"picked":"Scrape","floor":21},{"not_picked":["Hologram","Stack+1"],"picked":"Loop+1","floor":23}],"player_experience":424749,"relics_obtained":[{"floor":7,"key":"Orichalcum"},{"floor":9,"key":"Dream Catcher"},{"floor":11,"key":"Sundial"},{"floor":12,"key":"War Paint"},{"floor":23,"key":"Anchor"},{"floor":26,"key":"Pen Nib"}],"event_choices":[{"damage_healed":0,"gold_gain":0,"player_choice":"Entered Light","damage_taken":15,"max_hp_gain":0,"max_hp_loss":0,"event_name":"Shining Light","floor":2,"gold_loss":0,"cards_upgraded":["Defend_B","Beam Cell"]},{"damage_healed":0,"gold_gain":75,"player_choice":"Gather Gold","damage_taken":11,"max_hp_gain":0,"max_hp_loss":0,"event_name":"World of Goop","floor":3,"gold_loss":0},{"damage_healed":0,"gold_gain":30,"player_choice":"Searched \u00272\u0027 times","damage_taken":0,"max_hp_gain":0,"max_hp_loss":0,"event_name":"Dead Adventurer","floor":11,"gold_loss":0},{"cards_removed":["Strike_B"],"damage_healed":0,"gold_gain":0,"player_choice":"Gave Gold","damage_taken":0,"max_hp_gain":0,"max_hp_loss":0,"event_name":"Beggar","floor":19,"gold_loss":75},{"damage_healed":0,"gold_gain":0,"player_choice":"Ignored","damage_taken":0,"max_hp_gain":0,"max_hp_loss":0,"event_name":"Ghosts","floor":22,"gold_loss":0},{"damage_healed":0,"gold_gain":0,"player_choice":"Fight","damage_taken":0,"max_hp_gain":0,"max_hp_loss":0,"event_name":"Colosseum","floor":27,"gold_loss":0},{"damage_healed":0,"gold_gain":0,"player_choice":"Fought Nobs","damage_taken":0,"max_hp_gain":0,"max_hp_loss":0,"event_name":"Colosseum","floor":27,"gold_loss":0}],"is_beta":false,"boss_relics":[{"not_picked":["Velvet Choker","Orrery"],"picked":"Cursed Key"}],"items_purged_floors":[25],"is_endless":false,"potions_floor_spawned":[7,8,11,13,16,21,27],"killed_by":"Colosseum Nobs","ascension_level":0}