{"gold_per_floor":[165,182,182,47,59,85,99,111,135],"floor_reached":9,"playtime":396,"items_purged":[],"score":72,"play_id":"70814706-5167-4a9b-b8d6-2756b59dc8b9","local_time":"20190214193749","is_ascension_mode":true,"campfire_choices":[],"neow_cost":"NONE","seed_source_timestamp":2480823074695,"circlet_count":0,"master_deck":["Defend_G","Defend_G","Defend_G+1","Defend_G+1","Strike_G","Strike_G","Strike_G","Strike_G","Strike_G","Survivor","Neutralize","Footwork","Outmaneuver+1","Flying Knee","Bullet Time","Quick Slash","Noxious Fumes","Prepared","Sucker Punch"],"relics":["Tiny House","PreservedInsect","War Paint"],"potions_floor_usage":[8],"damage_taken":[{"damage":1,"enemies":"Small Slimes","floor":1,"turns":5},{"damage":0,"enemies":"Cultist","floor":2,"turns":5},{"damage":0,"enemies":"2 Louse","floor":5,"turns":3},{"damage":36,"enemies":"Gremlin Nob","floor":6,"turns":6},{"damage":0,"enemies":"Large Slime","floor":7,"turns":5},{"damage":17,"enemies":"3 Louse","floor":8,"turns":4}],"seed_played":"4621553478374845882","potions_obtained":[{"floor":0,"key":"SkillPotion"},{"floor":1,"key":"EssenceOfSteel"},{"floor":8,"key":"Poison Potion"}],"is_trial":false,"path_per_floor":["M","M","?","$","M","E","M","M","T"],"character_chosen":"THE_SILENT","items_purchased":["Bullet Time"],"campfire_rested":0,"item_purchase_floors":[4],"current_hp_per_floor":[74,74,67,67,67,31,31,14,14],"gold":135,"neow_bonus":"BOSS_RELIC","is_prod":false,"is_daily":false,"chose_seed":false,"campfire_upgraded":0,"win_rate":0,"timestamp":1550191069,"path_taken":["M","M","?","$","M","E","M","M","T"],"build_version":"2019-01-23","purchased_purges":0,"victory":false,"max_hp_per_floor":[75,75,75,75,75,75,75,75,75],"card_choices":[{"not_picked":["Acrobatics","Dagger Throw"],"picked":"Footwork","floor":0},{"not_picked":["Dodge and Roll","Underhanded Strike"],"picked":"Outmaneuver","floor":1},{"not_picked":["Endless Agony","Concentrate"],"picked":"Flying Knee","floor":2},{"not_picked":["Tools of the Trade","Acrobatics"],"picked":"Quick Slash","floor":5},{"not_picked":["Infinite Blades","Setup"],"picked":"Noxious Fumes","floor":6},{"not_picked":["Blade Dance","Cloak And Dagger"],"picked":"Prepared","floor":7},{"not_picked":["Caltrops","Quick Slash"],"picked":"Sucker Punch","floor":8}],"player_experience":186229,"relics_obtained":[{"floor":6,"key":"PreservedInsect"},{"floor":9,"key":"War Paint"}],"event_choices":[{"cards_removed":["Defend_G"],"damage_healed":0,"gold_gain":0,"player_choice":"Card Removal","damage_taken":7,"max_hp_gain":0,"max_hp_loss":0,"event_name":"Golden Wing","floor":3,"gold_loss":0}],"is_beta":false,"boss_relics":[],"items_purged_floors":[],"is_endless":false,"potions_floor_spawned":[1,8],"ascension_level":2}