{"gold_per_floor":[160,176,186,186,206,206,176,192,218,218,229,243,275,62,62,162,162,102,114,114,39,57,57,74,74],"floor_reached":25,"playtime":3025,"items_purged":["Doubt"],"score":230,"play_id":"d61cc8cb-f582-408e-95c3-46043d8374b0","local_time":"20190304222923","is_ascension_mode":false,"campfire_choices":[{"floor":6,"key":"REST"},{"floor":15,"key":"REST"},{"data":"Capacitor","floor":23,"key":"SMITH"}],"neow_cost":"NONE","seed_source_timestamp":19258380533547,"circlet_count":0,"master_deck":["Defend_B","Defend_B","Defend_B","Defend_B","Zap","Dualcast+1","Redo","Coolheaded","Steam","BootSequence","Blizzard","Capacitor+1","Aggregate","Cold Snap","BootSequence","Defragment","Undo","Leap","Electrodynamics","Parasite","Injury","Melter+1","Rebound","Bite","Bite","Bite","Bite","Bite","Fusion+1","FTL+1"],"relics":["Tiny House","Anchor","Potion Belt","Strawberry","Calling Bell","Ornamental Fan","FossilizedHelix"],"potions_floor_usage":[11,11,13,13,16,16,25],"damage_taken":[{"damage":6,"enemies":"Jaw Worm","floor":1,"turns":5},{"damage":2,"enemies":"Small Slimes","floor":2,"turns":4},{"damage":3,"enemies":"Cultist","floor":3,"turns":5},{"damage":0,"enemies":"Red Slaver","floor":5,"turns":3},{"damage":0,"enemies":"Looter","floor":7,"turns":4},{"damage":0,"enemies":"Large Slime","floor":8,"turns":7},{"damage":0,"enemies":"3 Louse","floor":11,"turns":3},{"damage":20,"enemies":"Exordium Wildlife","floor":12,"turns":6},{"damage":8,"enemies":"Lagavulin","floor":13,"turns":8},{"damage":45,"enemies":"The Guardian","floor":16,"turns":19},{"damage":0,"enemies":"2 Thieves","floor":18,"turns":4},{"damage":5,"enemies":"Chosen","floor":19,"turns":8},{"damage":24,"enemies":"3 Cultists","floor":22,"turns":4},{"damage":27,"enemies":"Snake Plant","floor":24,"turns":5},{"damage":53,"enemies":"Book of Stabbing","floor":25,"turns":6}],"seed_played":"-2156142621071729819","potions_obtained":[{"floor":0,"key":"Explosive Potion"},{"floor":1,"key":"Explosive Potion"},{"floor":5,"key":"Energy Potion"},{"floor":11,"key":"AttackPotion"},{"floor":12,"key":"Poison Potion"},{"floor":19,"key":"Strength Potion"},{"floor":22,"key":"Ancient Potion"}],"is_trial":false,"path_per_floor":["?","?","M","$","?"],"character_chosen":"DEFECT","items_purchased":["Defragment","Undo","Leap","Block Potion"],"campfire_rested":2,"item_purchase_floors":[14,14,14,14],"current_hp_per_floor":[74,72,69,66,66,80,80,80,80,80,80,60,59,59,85,40,87,87,82,82,82,62,62,43,0],"gold":74,"neow_bonus":"BOSS_RELIC","is_prod":false,"is_daily":false,"chose_seed":false,"campfire_upgraded":1,"win_rate":0.0,"timestamp":1551734963,"path_taken":["M","M","M","?","M","R","M","M","T","?","M","?","E","?","R","BOSS","M","M","?","$","M","R","M","E"],"build_version":"2019-01-23","purchased_purges":1,"victory":false,"max_hp_per_floor":[80,80,80,80,80,80,80,80,80,80,80,80,87,87,87,87,87,87,87,87,87,87,87,87,87],"card_choices":[{"not_picked":["Hello World","Gash"],"picked":"Redo","floor":0},{"not_picked":["Steam","Go for the Eyes"],"picked":"FTL","floor":1},{"not_picked":["Redo","Barrage"],"picked":"Coolheaded","floor":2},{"not_picked":["Hologram","Beam Cell"],"picked":"Steam","floor":3},{"not_picked":["Steam","Ball Lightning"],"picked":"BootSequence","floor":5},{"not_picked":["Reboot","Doom and Gloom"],"picked":"Blizzard","floor":7},{"not_picked":["Glacier","Barrage"],"picked":"Capacitor","floor":8},{"not_picked":["Compile Driver","Barrage"],"picked":"Aggregate","floor":11},{"not_picked":["Sweeping Beam","Force Field"],"picked":"Cold Snap","floor":12},{"not_picked":["Coolheaded","Rebound"],"picked":"BootSequence","floor":13},{"not_picked":["Fission","Biased Cognition"],"picked":"Electrodynamics","floor":16},{"not_picked":["Aggregate+1","Auto Shields"],"picked":"Melter+1","floor":18},{"not_picked":["Static Discharge","Compile Driver"],"picked":"Rebound","floor":19},{"not_picked":["Beam Cell+1","Turbo"],"picked":"Fusion+1","floor":22},{"not_picked":["Turbo","Reprogram"],"picked":"FTL+1","floor":24}],"player_experience":10334,"relics_obtained":[{"floor":9,"key":"Potion Belt"},{"floor":13,"key":"Strawberry"},{"floor":17,"key":"Blood Vial"},{"floor":17,"key":"Ornamental Fan"},{"floor":17,"key":"FossilizedHelix"}],"event_choices":[{"damage_healed":0,"gold_gain":0,"player_choice":"Success","damage_taken":3,"relics_obtained":["Anchor"],"max_hp_gain":0,"max_hp_loss":0,"event_name":"Scrap Ooze","floor":4,"gold_loss":0},{"cards_removed":["FTL"],"damage_healed":0,"gold_gain":0,"player_choice":"Offered Uncommon","damage_taken":0,"max_hp_gain":0,"max_hp_loss":0,"event_name":"Bonfire Elementals","floor":10,"gold_loss":0},{"damage_healed":0,"gold_gain":0,"player_choice":"Became a vampire (Vial)","damage_taken":0,"max_hp_gain":0,"max_hp_loss":0,"event_name":"Vampires","floor":20,"relics_lost":["Blood Vial"],"gold_loss":0,"cards_obtained":["Bite","Bite","Bite","Bite","Bite"]}],"is_beta":false,"boss_relics":[{"not_picked":["Philosopher\u0027s Stone","White Beast Statue"],"picked":"Calling Bell"}],"items_purged_floors":[21],"is_endless":false,"potions_floor_spawned":[1,5,11,12,19,22],"killed_by":"Book of Stabbing","ascension_level":0}