{"gold_per_floor":[116,129,129,129,129,154,174,174],"floor_reached":8,"playtime":209,"items_purged":[],"score":112,"play_id":"2be06bfa-04bc-4e7d-9442-32ffd850d789","local_time":"20190211082149","is_ascension_mode":true,"campfire_choices":[],"neow_cost":"NONE","seed_source_timestamp":426658104598200,"circlet_count":0,"master_deck":["AscendersBane","Strike_B","Strike_B","Strike_B","Strike_B+1","Defend_B","Defend_B","Defend_B","Defend_B","Zap","Dualcast","Tempest","BootSequence","Ball Lightning+1","Gash","Ball Lightning"],"relics":["Cracked Core","Potion Belt"],"potions_floor_usage":[6,8],"damage_taken":[{"damage":0,"enemies":"Cultist","floor":1,"turns":2},{"damage":1,"enemies":"2 Louse","floor":2,"turns":3},{"damage":36,"enemies":"Gremlin Nob","floor":6,"turns":4},{"damage":0,"enemies":"Jaw Worm","floor":7,"turns":3},{"damage":30,"enemies":"Lagavulin","floor":8,"turns":3}],"seed_played":"-8585479416246607968","potions_obtained":[{"floor":2,"key":"PowerPotion"},{"floor":6,"key":"FocusPotion"}],"is_trial":false,"path_per_floor":["M","M","?","?","?","E","M","E"],"character_chosen":"DEFECT","items_purchased":[],"campfire_rested":0,"item_purchase_floors":[],"current_hp_per_floor":[64,63,63,42,65,29,29,0],"gold":174,"neow_bonus":"THREE_CARDS","is_prod":false,"is_daily":false,"chose_seed":false,"campfire_upgraded":0,"win_rate":0,"timestamp":1549902109,"path_taken":["M","?","?","?","?","E","M","E"],"build_version":"2019-01-23","purchased_purges":0,"victory":false,"max_hp_per_floor":[71,71,71,71,71,71,71,71],"card_choices":[{"not_picked":["Leap","Undo"],"picked":"Tempest","floor":0},{"not_picked":["Beam Cell","Hologram"],"picked":"BootSequence","floor":1},{"not_picked":["Reinforced Body","Chill"],"picked":"Ball Lightning","floor":2},{"not_picked":["Stack","Tempest"],"picked":"Gash","floor":6},{"not_picked":["Capacitor","Coolheaded"],"picked":"Ball Lightning","floor":7}],"player_experience":679489,"relics_obtained":[{"floor":6,"key":"Potion Belt"}],"event_choices":[{"damage_healed":0,"gold_gain":0,"player_choice":"Ignored","damage_taken":0,"max_hp_gain":0,"max_hp_loss":0,"event_name":"Liars Game","floor":3,"gold_loss":0},{"damage_healed":0,"gold_gain":0,"player_choice":"Entered Light","damage_taken":21,"max_hp_gain":0,"max_hp_loss":0,"event_name":"Shining Light","floor":4,"gold_loss":0,"cards_upgraded":["Ball Lightning","Strike_B"]},{"damage_healed":23,"gold_gain":0,"player_choice":"Banana","damage_taken":0,"max_hp_gain":0,"max_hp_loss":0,"event_name":"Big Fish","floor":5,"gold_loss":0}],"is_beta":false,"boss_relics":[],"items_purged_floors":[],"is_endless":false,"potions_floor_spawned":[2,6],"killed_by":"Lagavulin","ascension_level":20}