{"gold_per_floor":[109,109,34,52,70,70,100,100,123,150,196,208,240,284,296,405,417,441,453,481,508,540,580,592,638,650,721,751,763],"floor_reached":29,"playtime":1577,"items_purged":[],"score":380,"play_id":"12936804-a478-4f64-82ed-6c215ee4e870","local_time":"20181010004440","is_ascension_mode":true,"campfire_choices":[{"data":"Flame Barrier","floor":6,"key":"SMITH"},{"data":"Juggernaut","floor":15,"key":"SMITH"},{"data":"Spot Weakness","floor":24,"key":"SMITH"}],"neow_cost":"","seed_source_timestamp":294827661166977,"circlet_count":0,"master_deck":["Strike_R","Strike_R","Strike_R","Strike_R","Strike_R","Defend_R","Defend_R","Defend_R","Defend_R+1","Bash","Cleave","Flame Barrier+1","Clothesline","Immolate","Twin Strike+1","Thunderclap","Cleave","Juggernaut+1","Anger","Berserk","Carnage+1","Anger+1","Spot Weakness+1","Heavy Blade","Rupture","Headbutt","Armaments+1","Twin Strike"],"relics":["Burning Blood","Boot","MawBank","Blood Vial","Meat on the Bone","Blue Candle","Coffee Dripper","Ancient Tea Set","Dream Catcher","Mummified Hand","Tiny Chest"],"potions_floor_usage":[11,23,23,23,27,28,29],"damage_taken":[{"damage":2,"enemies":"Small Slimes","floor":1,"turns":5},{"damage":2,"enemies":"2 Louse","floor":4,"turns":3},{"damage":4,"enemies":"Cultist","floor":5,"turns":5},{"damage":28,"enemies":"Gremlin Nob","floor":7,"turns":4},{"damage":0,"enemies":"Gremlin Gang","floor":10,"turns":1},{"damage":15,"enemies":"3 Sentries","floor":11,"turns":3},{"damage":7,"enemies":"3 Louse","floor":13,"turns":2},{"damage":24,"enemies":"Gremlin Nob","floor":14,"turns":4},{"damage":21,"enemies":"Hexaghost","floor":16,"turns":9},{"damage":0,"enemies":"3 Byrds","floor":18,"turns":2},{"damage":27,"enemies":"2 Thieves","floor":20,"turns":4},{"damage":20,"enemies":"Snecko","floor":21,"turns":3},{"damage":33,"enemies":"Centurion and Healer","floor":22,"turns":4},{"damage":38,"enemies":"Book of Stabbing","floor":23,"turns":5},{"damage":0,"enemies":"Slavers","floor":25,"turns":1},{"damage":35,"enemies":"Book of Stabbing","floor":27,"turns":4},{"damage":26,"enemies":"Shelled Parasite and Fungi","floor":28,"turns":4},{"damage":27,"enemies":"Snake Plant","floor":29,"turns":2}],"seed_played":"2492719923707525029","potions_obtained":[{"floor":4,"key":"Dexterity Potion"},{"floor":7,"key":"SteroidPotion"},{"floor":14,"key":"EssenceOfSteel"},{"floor":16,"key":"FearPotion"},{"floor":23,"key":"Explosive Potion"},{"floor":25,"key":"Poison Potion"},{"floor":28,"key":"Fire Potion"}],"is_trial":false,"path_per_floor":["M","?","$","M","M","R","E","?","T","M","E","?","M","E","R","B",null,"M","$","M","M","M","E","R","E","T","E","M"],"character_chosen":"IRONCLAD","items_purchased":["Flame Barrier"],"campfire_rested":0,"item_purchase_floors":[3],"current_hp_per_floor":[80,85,85,85,85,85,63,46,46,52,43,36,49,45,45,44,85,85,85,64,52,39,21,21,41,41,26,20,0],"gold":763,"neow_bonus":"","is_prod":false,"is_daily":false,"chose_seed":false,"campfire_upgraded":3,"win_rate":0,"timestamp":1539157480,"path_taken":["M","?","$","M","M","R","E","?","T","?","E","?","?","E","R","BOSS","M","$","M","M","?","E","R","E","T","E","M","M"],"build_version":"2018-10-04v2","purchased_purges":0,"victory":false,"max_hp_per_floor":[80,85,85,85,85,85,85,85,85,85,85,85,85,85,85,85,85,85,85,85,85,85,85,85,85,85,85,85,85],"card_choices":[{"not_picked":["Clothesline","Thunderclap"],"picked":"Cleave","floor":1},{"not_picked":["Havoc","Warcry"],"picked":"Clothesline","floor":4},{"not_picked":["Sever Soul","Flex"],"picked":"Immolate","floor":5},{"not_picked":["Body Slam","Shockwave"],"picked":"Twin Strike","floor":7},{"not_picked":["Shrug It Off","Pummel"],"picked":"Thunderclap","floor":10},{"not_picked":["Perfected Strike","Rage"],"picked":"Cleave","floor":11},{"not_picked":["Thunderclap","Headbutt"],"picked":"Juggernaut","floor":13},{"not_picked":["Reckless Charge","Reaper"],"picked":"Anger","floor":14},{"not_picked":["Bludgeon","Reaper"],"picked":"Berserk","floor":16},{"not_picked":["Rampage","Body Slam"],"picked":"Carnage+1","floor":18},{"not_picked":["Shrug It Off","Twin Strike+1"],"picked":"Anger+1","floor":20},{"not_picked":["Flex","Warcry"],"picked":"Spot Weakness","floor":21},{"not_picked":["Armaments+1","Second Wind"],"picked":"Heavy Blade","floor":22},{"not_picked":["Sever Soul+1","Warcry"],"picked":"Rupture","floor":23},{"not_picked":["Pummel","Perfected Strike"],"picked":"Headbutt","floor":25},{"not_picked":["Twin Strike","Sword Boomerang"],"picked":"Armaments+1","floor":27},{"not_picked":["Hemokinesis","Exhume"],"picked":"Twin Strike","floor":28}],"player_experience":220671,"relics_obtained":[{"floor":7,"key":"Boot"},{"floor":9,"key":"MawBank"},{"floor":11,"key":"Blood Vial"},{"floor":14,"key":"Blue Candle"},{"floor":23,"key":"Ancient Tea Set"},{"floor":25,"key":"Dream Catcher"},{"floor":26,"key":"Mummified Hand"},{"floor":27,"key":"Tiny Chest"}],"event_choices":[{"event_name":"Big Fish","player_choice":"Donut","floor":2,"damage_taken":0},{"event_name":"Shining Light","player_choice":"Entered Light","floor":8,"damage_taken":0},{"event_name":"Scrap Ooze","player_choice":"success","floor":12,"damage_taken":7}],"is_beta":false,"boss_relics":[{"not_picked":["Tiny House","Runic Cube"],"picked":"Coffee Dripper"}],"items_purged_floors":[],"is_endless":false,"potions_floor_spawned":[4,7,14,16,23,25,28],"killed_by":"Snake Plant","ascension_level":3}