{"gold_per_floor":[109,129,143,4,24,24,34,34,334,334,42,42,42,42,42,114,114,129,129,92,17,33,33,33],"floor_reached":24,"playtime":918,"items_purged":[],"score":339,"play_id":"605de4b7-054d-4dcb-a10f-795504b1ff90","local_time":"20190222173505","is_ascension_mode":true,"campfire_choices":[{"data":"Fiend Fire","floor":6.0,"key":"SMITH"},{"data":"Warcry","floor":8.0,"key":"SMITH"},{"data":"Trip","floor":15.0,"key":"SMITH"},{"data":"Battle Trance","floor":23,"key":"SMITH"}],"neow_cost":"CURSE","seed_source_timestamp":81505640096593,"circlet_count":0,"master_deck":["AscendersBane","Strike_R","Strike_R","Strike_R","Strike_R","Defend_R","Defend_R","Defend_R","Defend_R","Bash+1","Clumsy","Wild Strike","Fiend Fire+1","Battle Trance+1","Shrug It Off","Headbutt","Warcry+1","Thunderclap","Trip+1","Double Tap","Power Through"],"special_seed":0,"relics":["Burning Blood","Old Coin","Orichalcum","Singing Bowl","Spirit Poop","Runic Pyramid"],"potions_floor_usage":[16],"damage_taken":[{"damage":9.0,"enemies":"Jaw Worm","floor":1.0,"turns":4.0},{"damage":7.0,"enemies":"Cultist","floor":2.0,"turns":4.0},{"damage":2.0,"enemies":"2 Louse","floor":3.0,"turns":4.0},{"damage":3.0,"enemies":"Looter","floor":5.0,"turns":2.0},{"damage":7.0,"enemies":"Exordium Thugs","floor":7.0,"turns":5.0},{"damage":40,"enemies":"Slime Boss","floor":16,"turns":6},{"damage":16,"enemies":"Spheric Guardian","floor":18,"turns":4},{"damage":16,"enemies":"Colosseum Slavers","floor":19,"turns":3},{"damage":0,"enemies":"Chosen","floor":22,"turns":3},{"damage":56,"enemies":"Slavers","floor":24,"turns":13}],"seed_played":"-9061150155029270950","potions_obtained":[{"floor":3.0,"key":"AttackPotion"},{"floor":7.0,"key":"Ancient Potion"}],"is_trial":false,"path_per_floor":["M","M","M","$","M","R","M","R","T","?","$","?","?","$","R","B",null,"M","?","$","?","M","R","E"],"character_chosen":"IRONCLAD","items_purchased":["Battle Trance","Shrug It Off","Orichalcum","Thunderclap","Trip","Power Through"],"campfire_rested":0,"item_purchase_floors":[4,4,11,11,11,20],"current_hp_per_floor":[79,78,82,82,85,85,84,84,84,84,84,84,84,84,84,50,79,71,61,61,61,69,69,13],"gold":33,"neow_bonus":"TWENTY_PERCENT_HP_BONUS","is_prod":false,"is_daily":false,"chose_seed":false,"campfire_upgraded":4,"win_rate":0,"timestamp":1550817305,"path_taken":["M","M","M","$","M","R","M","R","T","?","?","?","?","$","R","BOSS","M","?","$","?","M","R","E"],"build_version":"2019-01-23","purchased_purges":0,"victory":false,"max_hp_per_floor":[89,89,89,89,89,89,89,89,89,89,89,89,89,89,89,89,89,91,91,91,91,93,93,93],"card_choices":[{"not_picked":["Pommel Strike","Sentinel"],"picked":"Wild Strike","floor":1.0},{"not_picked":["Dropkick","Anger","Havoc"],"picked":"SKIP","floor":2.0},{"not_picked":["Shrug It Off","Rampage"],"picked":"Fiend Fire","floor":3.0},{"not_picked":["Heavy Blade","Shrug It Off"],"picked":"Headbutt","floor":5.0},{"not_picked":["Body Slam","Anger"],"picked":"Warcry","floor":7.0},{"not_picked":["Limit Break","Fiend Fire"],"picked":"Double Tap","floor":16},{"not_picked":["Pummel","Whirlwind","Havoc"],"picked":"Singing Bowl","floor":18},{"not_picked":["Warcry","Battle Trance","Perfected Strike"],"picked":"Singing Bowl","floor":22}],"player_experience":735974,"relics_obtained":[{"floor":9.0,"key":"Old Coin"}],"event_choices":[{"damage_healed":0.0,"max_hp_gain":0.0,"max_hp_loss":0.0,"gold_gain":0.0,"event_name":"Accursed Blacksmith","player_choice":"Forge","floor":10.0,"gold_loss":0.0,"damage_taken":0.0,"cards_upgraded":["Bash"]},{"damage_healed":0.0,"max_hp_gain":0.0,"max_hp_loss":0.0,"gold_gain":0.0,"event_name":"Big Fish","player_choice":"Box","floor":12.0,"gold_loss":0.0,"damage_taken":0.0,"relics_obtained":["Singing Bowl"],"cards_obtained":["Regret"]},{"cards_removed":["Regret"],"damage_healed":0.0,"max_hp_gain":0.0,"max_hp_loss":0.0,"gold_gain":0.0,"event_name":"Bonfire Elementals","player_choice":"Offered Curse","floor":13.0,"gold_loss":0.0,"damage_taken":0.0,"relics_obtained":["Spirit Poop"]},{"damage_healed":0,"gold_gain":0,"player_choice":"Fight","damage_taken":0,"max_hp_gain":0,"max_hp_loss":0,"event_name":"Colosseum","floor":19,"gold_loss":0},{"damage_healed":0,"gold_gain":0,"player_choice":"Fled From Nobs","damage_taken":0,"max_hp_gain":0,"max_hp_loss":0,"event_name":"Colosseum","floor":19,"gold_loss":0},{"cards_removed":["Strike_R"],"damage_healed":0,"gold_gain":0,"player_choice":"Gave Gold","damage_taken":0,"max_hp_gain":0,"max_hp_loss":0,"event_name":"Beggar","floor":21,"gold_loss":75}],"is_beta":false,"boss_relics":[{"not_picked":["Fusion Hammer","Busted Crown"],"picked":"Runic Pyramid"}],"items_purged_floors":[],"is_endless":false,"potions_floor_spawned":[3,7],"killed_by":"Slavers","ascension_level":17}