{"gold_per_floor":[119,132,82,82,82,82,129,145,145,159,178,194,214,229,229,229],"floor_reached":16,"playtime":702,"items_purged":[],"score":96,"play_id":"5b11d7c8-f0db-4b41-a44d-bde337b70c23","local_time":"20181213014408","is_ascension_mode":false,"campfire_choices":[{"data":"Zap","floor":6,"key":"SMITH"},{"floor":15,"key":"REST"}],"neow_cost":"NONE","seed_source_timestamp":1135154550012712,"circlet_count":0,"master_deck":["Strike_B","Strike_B","Strike_B","Defend_B","Defend_B","Defend_B","Defend_B","Zap+1","Dualcast","Stack","Capacitor","Loop","Leap","Cold Snap"],"relics":["Cracked Core","Potion Belt","Bottled Tornado"],"potions_floor_usage":[14],"damage_taken":[{"damage":5,"enemies":"Small Slimes","floor":1,"turns":4},{"damage":7,"enemies":"Jaw Worm","floor":2,"turns":4},{"damage":2,"enemies":"2 Louse","floor":8,"turns":3},{"damage":16,"enemies":"Exordium Thugs","floor":10,"turns":6},{"damage":8,"enemies":"Red Slaver","floor":11,"turns":4},{"damage":7,"enemies":"Looter","floor":12,"turns":4},{"damage":20,"enemies":"Exordium Thugs","floor":13,"turns":6},{"damage":8,"enemies":"Red Slaver","floor":14,"turns":3},{"damage":42,"enemies":"Hexaghost","floor":16,"turns":12}],"seed_played":"2811117310183646704","potions_obtained":[{"floor":2,"key":"Weak Potion"},{"floor":10,"key":"LiquidBronze"},{"floor":12,"key":"SkillPotion"},{"floor":14,"key":"EssenceOfSteel"}],"is_trial":false,"path_per_floor":["M","M","?","?","?","R","T","M","T","M","M","M","M","M","R","B"],"character_chosen":"DEFECT","items_purchased":[],"campfire_rested":1,"item_purchase_floors":[],"current_hp_per_floor":[77,70,70,75,75,75,75,73,73,57,49,42,22,14,40,0],"gold":229,"neow_bonus":"TEN_PERCENT_HP_BONUS","is_prod":false,"is_daily":false,"chose_seed":false,"campfire_upgraded":1,"win_rate":0.0,"timestamp":1544683448,"path_taken":["M","M","?","?","?","R","?","M","T","M","M","?","M","M","R","BOSS"],"build_version":"2018-12-06","purchased_purges":0,"victory":false,"max_hp_per_floor":[82,82,82,87,87,87,87,87,87,87,87,87,87,87,87,87],"card_choices":[{"not_picked":["Beam Cell","Gash"],"picked":"Stack","floor":1},{"not_picked":["Go for the Eyes","Lockon","Streamline"],"picked":"SKIP","floor":2},{"not_picked":["Skim","Chaos"],"picked":"Capacitor","floor":8},{"not_picked":["Skim","Sunder"],"picked":"Loop","floor":10},{"not_picked":["Beam Cell","Compile Driver","Machine Learning"],"picked":"SKIP","floor":11},{"not_picked":["Lockon","Stack"],"picked":"Leap","floor":12},{"not_picked":["Double Energy","Sweeping Beam","Heatsinks"],"picked":"SKIP","floor":13},{"not_picked":["Consume","Coolheaded"],"picked":"Cold Snap","floor":14}],"player_experience":277873,"relics_obtained":[{"floor":7,"key":"Potion Belt"},{"floor":9,"key":"Bottled Tornado"}],"event_choices":[{"cards_removed":["Strike_B"],"damage_healed":0,"gold_gain":0,"player_choice":"Card Removal","damage_taken":0,"max_hp_gain":0,"max_hp_loss":0,"event_name":"The Cleric","floor":3,"gold_loss":50},{"damage_healed":0,"gold_gain":0,"player_choice":"Donut","damage_taken":0,"max_hp_gain":5,"max_hp_loss":0,"event_name":"Big Fish","floor":4,"gold_loss":0},{"damage_healed":0,"gold_gain":0,"player_choice":"Ignored","damage_taken":0,"max_hp_gain":0,"max_hp_loss":0,"event_name":"Golden Wing","floor":5,"gold_loss":0}],"is_beta":false,"boss_relics":[],"items_purged_floors":[],"is_endless":false,"potions_floor_spawned":[2,10,12,14],"killed_by":"Hexaghost","ascension_level":0}