{"gold_per_floor":[117,117,192,86,105,139,151,180,180,180,221,221,260,281,281,412,412,427,448,473,118,118,154,154,189,189,189,224,224,149,164,164,164],"floor_reached":33,"playtime":1249,"items_purged":[],"score":552,"play_id":"88f67d18-731a-4284-83ff-6915e2e7586c","local_time":"20190301170320","is_ascension_mode":true,"campfire_choices":[{"floor":15,"key":"REST"},{"data":"Whirlwind","floor":24,"key":"SMITH"},{"data":"Limit Break","floor":27,"key":"SMITH"},{"data":"Demon Form","floor":32,"key":"SMITH"}],"neow_cost":"NONE","seed_source_timestamp":55766675176296,"circlet_count":0,"master_deck":["Strike_R","Strike_R","Strike_R","Strike_R","Strike_R","Defend_R","Defend_R","Defend_R","Defend_R","Bash","Perfected Strike","Shrug It Off","Evolve","Battle Trance","Spot Weakness","Whirlwind+1","Shrug It Off","Carnage","Limit Break+1","Parasite","Injury","Cleave","Thunderclap+1","RitualDagger","Demon Form+1"],"relics":["Burning Blood","NeowsBlessing","Bottled Tornado","Self Forming Clay","Blue Candle","Golden Idol","Bottled Flame","Happy Flower","Pantograph","Calling Bell","Bag of Marbles","Letter Opener","StoneCalendar","PreservedInsect","Lee\u0027s Waffle","Red Skull","Paper Frog","Mercury Hourglass","The Courier"],"potions_floor_usage":[8,11,16,19,23,28,31,33],"damage_taken":[{"damage":0,"enemies":"Small Slimes","floor":1,"turns":1},{"damage":0,"enemies":"Jaw Worm","floor":5,"turns":1},{"damage":0,"enemies":"Gremlin Nob","floor":6,"turns":1},{"damage":10,"enemies":"Cultist","floor":7,"turns":4},{"damage":27,"enemies":"Lagavulin","floor":8,"turns":7},{"damage":22,"enemies":"Gremlin Nob","floor":11,"turns":4},{"damage":23,"enemies":"3 Sentries","floor":13,"turns":8},{"damage":0,"enemies":"2 Fungi Beasts","floor":14,"turns":4},{"damage":53,"enemies":"Slime Boss","floor":16,"turns":12},{"damage":1,"enemies":"3 Byrds","floor":18,"turns":6},{"damage":14,"enemies":"Chosen","floor":19,"turns":6},{"damage":40,"enemies":"Shelled Parasite and Fungi","floor":20,"turns":7},{"damage":0,"enemies":"Slavers","floor":23,"turns":1},{"damage":26,"enemies":"Gremlin Leader","floor":25,"turns":4},{"damage":21,"enemies":"Book of Stabbing","floor":28,"turns":4},{"damage":12,"enemies":"Cultist and Chosen","floor":31,"turns":4},{"damage":96,"enemies":"Collector","floor":33,"turns":7}],"seed_played":"-8549527126628278277","potions_obtained":[{"floor":6,"key":"EssenceOfSteel"},{"floor":7,"key":"Weak Potion"},{"floor":14,"key":"Block Potion"},{"floor":16,"key":"AttackPotion"},{"floor":18,"key":"Fire Potion"},{"floor":23,"key":"SkillPotion"},{"floor":25,"key":"FearPotion"},{"floor":28,"key":"PowerPotion"}],"is_trial":false,"path_per_floor":["M","?","?","$","M","E","M","E","T","?","E","?","E","M","R","B",null,"M","M","M","$","?","E","R","E","T","R","E","?","?","M","R","B"],"character_chosen":"IRONCLAD","items_purchased":["Shrug It Off","Evolve","PreservedInsect","Lee\u0027s Waffle"],"campfire_rested":1,"item_purchase_floors":[4,4,21,21],"current_hp_per_floor":[78,78,67,67,73,79,75,54,54,54,38,31,14,20,42,20,61,66,58,24,81,75,81,81,61,61,61,46,73,73,67,67,0],"gold":164,"neow_bonus":"THREE_ENEMY_KILL","is_prod":false,"is_daily":false,"chose_seed":false,"campfire_upgraded":3,"win_rate":0,"timestamp":1551477800,"path_taken":["M","?","?","?","?","E","M","E","T","?","E","?","E","M","R","BOSS","M","M","M","$","?","E","R","E","T","R","E","?","?","?","R","BOSS"],"build_version":"2019-01-23","purchased_purges":0,"victory":false,"max_hp_per_floor":[80,80,80,80,80,80,80,80,80,74,74,74,74,74,74,74,74,74,74,74,81,81,81,81,81,81,81,81,81,81,81,81,81],"card_choices":[{"not_picked":["Armaments","Sword Boomerang"],"picked":"Perfected Strike","floor":1},{"not_picked":["Headbutt","Cleave"],"picked":"Battle Trance","floor":5},{"not_picked":["Body Slam","Evolve","Disarm"],"picked":"SKIP","floor":6},{"not_picked":["Burning Pact","Iron Wave"],"picked":"Spot Weakness","floor":7},{"not_picked":["True Grit","Spot Weakness"],"picked":"Whirlwind","floor":8},{"not_picked":["Infernal Blade","Reckless Charge"],"picked":"Shrug It Off","floor":11},{"not_picked":["Spot Weakness","Combust","Clash"],"picked":"SKIP","floor":13},{"not_picked":["Heavy Blade","Anger"],"picked":"Carnage","floor":14},{"not_picked":["Reaper","Fiend Fire"],"picked":"Limit Break","floor":16},{"not_picked":["Bloodletting","Clash+1","Sentinel+1"],"picked":"SKIP","floor":18},{"not_picked":["Perfected Strike","Pummel"],"picked":"Cleave","floor":19},{"not_picked":["Bloodletting","Clothesline"],"picked":"Thunderclap+1","floor":20},{"not_picked":["Wild Strike","Carnage","Rampage"],"picked":"SKIP","floor":23},{"not_picked":["Power Through+1","Headbutt"],"picked":"Demon Form","floor":25},{"not_picked":["Corruption","Iron Wave","Clash+1"],"picked":"SKIP","floor":28},{"not_picked":["Thunderclap+1","Havoc","Infernal Blade"],"picked":"SKIP","floor":31}],"player_experience":249416,"relics_obtained":[{"floor":6,"key":"Bottled Tornado"},{"floor":8,"key":"Self Forming Clay"},{"floor":9,"key":"Blue Candle"},{"floor":11,"key":"Bottled Flame"},{"floor":13,"key":"Pantograph"},{"floor":17,"key":"Bag of Marbles"},{"floor":17,"key":"Letter Opener"},{"floor":17,"key":"StoneCalendar"},{"floor":23,"key":"Red Skull"},{"floor":25,"key":"Paper Frog"},{"floor":26,"key":"Mercury Hourglass"},{"floor":28,"key":"The Courier"}],"event_choices":[{"damage_healed":0,"gold_gain":0,"player_choice":"Leave","damage_taken":0,"max_hp_gain":0,"max_hp_loss":0,"event_name":"The Cleric","floor":2,"gold_loss":0},{"damage_healed":0,"gold_gain":75,"player_choice":"Gather Gold","damage_taken":11,"max_hp_gain":0,"max_hp_loss":0,"event_name":"World of Goop","floor":3,"gold_loss":0},{"damage_healed":0,"gold_gain":0,"player_choice":"Lose Max HP","damage_taken":0,"relics_obtained":["Golden Idol"],"max_hp_gain":0,"max_hp_loss":6,"event_name":"Golden Idol","floor":10,"gold_loss":0},{"damage_healed":0,"gold_gain":0,"player_choice":"Success","damage_taken":7,"relics_obtained":["Happy Flower"],"max_hp_gain":0,"max_hp_loss":0,"event_name":"Scrap Ooze","floor":12,"gold_loss":0},{"damage_healed":0,"gold_gain":0,"player_choice":"Joined the Cult","damage_taken":6,"max_hp_gain":0,"max_hp_loss":0,"event_name":"Nest","floor":22,"gold_loss":0,"cards_obtained":["RitualDagger"]},{"damage_healed":27,"gold_gain":0,"player_choice":"Heal","damage_taken":0,"max_hp_gain":0,"max_hp_loss":0,"event_name":"The Library","floor":29,"gold_loss":0},{"cards_removed":["Pain"],"damage_healed":0,"gold_gain":0,"player_choice":"Gave Gold","damage_taken":0,"max_hp_gain":0,"max_hp_loss":0,"event_name":"Beggar","floor":30,"gold_loss":75}],"is_beta":false,"boss_relics":[{"not_picked":["Orrery","Coffee Dripper"],"picked":"Calling Bell"}],"items_purged_floors":[],"is_endless":false,"potions_floor_spawned":[6,7,14,16,18,23,25,28],"killed_by":"Collector","ascension_level":9}