{"gold_per_floor":[118,133,50,50,61,88,88,118,141,141,154,154,154],"floor_reached":13,"playtime":339,"items_purged":[],"score":186,"play_id":"5b0d03a4-f2cd-4816-a5f4-7b061f823e3f","local_time":"20190209224816","is_ascension_mode":true,"campfire_choices":[{"data":"Hyperbeam","floor":7,"key":"SMITH"},{"data":"Defragment","floor":10,"key":"SMITH"}],"neow_cost":"PERCENT_DAMAGE","seed_source_timestamp":305714822225000,"circlet_count":0,"master_deck":["AscendersBane","Strike_B","Strike_B","Strike_B","Strike_B","Defend_B","Defend_B","Defend_B","Defend_B","Zap","Dualcast","Hyperbeam+1","Defragment+1","Ball Lightning","Self Repair","Hologram","Rip and Tear","Storm","Static Discharge"],"relics":["Cracked Core","Mercury Hourglass","Potion Belt","Question Card","Pen Nib","Blood Vial"],"potions_floor_usage":[6,8],"damage_taken":[{"damage":0,"enemies":"Cultist","floor":1,"turns":2},{"damage":12,"enemies":"Jaw Worm","floor":2,"turns":2},{"damage":0,"enemies":"2 Louse","floor":5,"turns":1},{"damage":11,"enemies":"Gremlin Nob","floor":6,"turns":3},{"damage":7,"enemies":"3 Sentries","floor":8,"turns":3},{"damage":7,"enemies":"2 Fungi Beasts","floor":11,"turns":3},{"damage":15,"enemies":"Gremlin Gang","floor":13,"turns":2}],"seed_played":"-8423481328821181331","potions_obtained":[{"floor":1,"key":"Energy Potion"},{"floor":2,"key":"Poison Potion"},{"floor":11,"key":"Ancient Potion"}],"is_trial":false,"path_per_floor":["M","M","$","T","M","E","R","E","T","R","M","?","M"],"character_chosen":"DEFECT","items_purchased":["Self Repair"],"campfire_rested":0,"item_purchase_floors":[3],"current_hp_per_floor":[46,34,34,34,34,30,30,30,30,30,30,12,0],"gold":154,"neow_bonus":"THREE_RARE_CARDS","is_prod":false,"is_daily":false,"chose_seed":false,"campfire_upgraded":2,"win_rate":0,"timestamp":1549781296,"path_taken":["M","M","$","?","M","E","R","E","T","R","M","?","M"],"build_version":"2019-01-23","purchased_purges":0,"victory":false,"max_hp_per_floor":[71,71,71,71,71,71,71,71,71,71,71,71,71],"card_choices":[{"not_picked":["Meteor Strike","Thunder Strike"],"picked":"Hyperbeam","floor":0},{"not_picked":["Static Discharge","Coolheaded"],"picked":"Defragment","floor":1},{"not_picked":["Cold Snap","Beam Cell"],"picked":"Ball Lightning","floor":2},{"not_picked":["Sweeping Beam","Compile Driver"],"picked":"Hologram","floor":5},{"not_picked":["Undo","Meteor Strike"],"picked":"Rip and Tear","floor":6},{"not_picked":["Turbo","Redo"],"picked":"Storm","floor":8},{"not_picked":["Go for the Eyes","Turbo","Force Field"],"picked":"Static Discharge","floor":11}],"player_experience":673388,"relics_obtained":[{"floor":4,"key":"Mercury Hourglass"},{"floor":6,"key":"Potion Belt"},{"floor":8,"key":"Question Card"},{"floor":9,"key":"Pen Nib"}],"event_choices":[{"damage_healed":0,"gold_gain":0,"player_choice":"Success","damage_taken":18,"relics_obtained":["Blood Vial"],"max_hp_gain":0,"max_hp_loss":0,"event_name":"Scrap Ooze","floor":12,"gold_loss":0}],"is_beta":false,"boss_relics":[],"items_purged_floors":[],"is_endless":false,"potions_floor_spawned":[1,2,11],"killed_by":"Gremlin Gang","ascension_level":20}