{"gold_per_floor":[114,133,133,151,164,164,198,225,225,225,238,238,265,277,277,378,378,389,389,3,14,29,55,85,100,100,100],"floor_reached":27,"playtime":1214,"items_purged":["Defend_B"],"score":257,"play_id":"ac96af3c-0a11-4081-9101-4a380eed6812","local_time":"20181031143819","is_ascension_mode":true,"campfire_choices":[{"data":"Chaos","floor":6,"key":"SMITH"},{"data":"Zap","floor":10,"key":"SMITH"},{"floor":12,"key":"RECALL"},{"data":"Capacitor","floor":15,"key":"SMITH"},{"floor":24,"key":"DIG"}],"neow_cost":"NONE","seed_source_timestamp":1828986245818364,"circlet_count":0,"master_deck":["Strike_B","Strike_B","Strike_B","Defend_B","Defend_B","Zap+1","Dualcast","Reboot","Conserve Battery","Self Repair","Capacitor+1","Chaos+1","Genetic Algorithm","Storm","Fission","Barrage","Echo Form","Leap+1","BootSequence","Barrage","Auto Shields"],"relics":["Cracked Core","Oddly Smooth Stone","DataDisk","Question Card","PreservedInsect","Inserter","Shovel","Juzu Bracelet","Tiny Chest"],"potions_floor_usage":[16,25],"damage_taken":[{"damage":0,"enemies":"Cultist","floor":1,"turns":3},{"damage":0,"enemies":"Small Slimes","floor":2,"turns":3},{"damage":0,"enemies":"Jaw Worm","floor":4,"turns":4},{"damage":7,"enemies":"Blue Slaver","floor":5,"turns":3},{"damage":22,"enemies":"3 Sentries","floor":7,"turns":9},{"damage":42,"enemies":"Gremlin Gang","floor":11,"turns":4},{"damage":3,"enemies":"Lagavulin","floor":13,"turns":7},{"damage":6,"enemies":"Looter","floor":14,"turns":4},{"damage":18,"enemies":"Hexaghost","floor":16,"turns":7},{"damage":6,"enemies":"Spheric Guardian","floor":18,"turns":5},{"damage":27,"enemies":"Shell Parasite","floor":21,"turns":5},{"damage":8,"enemies":"Centurion and Healer","floor":22,"turns":6},{"damage":37,"enemies":"Gremlin Leader","floor":23,"turns":6},{"damage":23,"enemies":"Snake Plant","floor":25,"turns":6},{"damage":19,"enemies":"Snecko","floor":27,"turns":4}],"seed_played":"-3560782976652969272","potions_obtained":[{"floor":2,"key":"Energy Potion"},{"floor":5,"key":"Strength Potion"},{"floor":11,"key":"FearPotion"},{"floor":21,"key":"Explosive Potion"}],"is_trial":false,"path_per_floor":["M","M","?","M","M","R","E","T","T","R","M","R","E","M","R","B",null,"M","?","$","M","M","E","R","M","T","M"],"character_chosen":"DEFECT","items_purchased":["Shovel"],"campfire_rested":0,"item_purchase_floors":[20],"current_hp_per_floor":[75,75,68,75,75,75,60,60,60,60,25,25,29,30,30,12,75,75,75,75,62,61,31,31,15,15,0],"gold":100,"neow_bonus":"ONE_RANDOM_RARE_CARD","is_prod":false,"is_daily":false,"chose_seed":false,"campfire_upgraded":3,"win_rate":0,"timestamp":1541011099,"path_taken":["M","?","?","M","M","R","E","?","T","R","M","R","E","M","R","BOSS","M","?","$","?","M","E","R","M","T","M"],"build_version":"2018-10-30","purchased_purges":1,"victory":false,"max_hp_per_floor":[75,75,75,75,75,75,75,75,75,75,75,75,75,75,75,75,75,75,75,75,75,75,75,75,75,75,75],"card_choices":[{"not_picked":["Redo","Skim"],"picked":"Conserve Battery","floor":1},{"not_picked":["Stack","Reinforced Body"],"picked":"Self Repair","floor":2},{"not_picked":["Steam","Sweeping Beam"],"picked":"Capacitor","floor":4},{"not_picked":["Beam Cell","Auto Shields"],"picked":"Chaos","floor":5},{"not_picked":["Go for the Eyes","Sunder"],"picked":"Genetic Algorithm","floor":7},{"not_picked":["Redo","Stack","Recycle"],"picked":"Storm","floor":11},{"not_picked":["Hyperbeam","Hello World","Force Field"],"picked":"Fission","floor":13},{"not_picked":["Conserve Battery","Ball Lightning","Static Discharge"],"picked":"Barrage","floor":14},{"not_picked":["Fission","Core Surge","Machine Learning"],"picked":"Echo Form","floor":16},{"not_picked":["Conserve Battery","Sweeping Beam","Double Energy"],"picked":"Leap+1","floor":18},{"not_picked":["Chill","Reprogram","Cold Snap"],"picked":"BootSequence","floor":21},{"not_picked":["Ball Lightning","Sunder","Streamline"],"picked":"Barrage","floor":22},{"not_picked":["FTL","Streamline","Redo","Doom and Gloom"],"picked":"SKIP","floor":23},{"not_picked":["Go for the Eyes","Hyperbeam","Sunder"],"picked":"Auto Shields","floor":25}],"player_experience":320634,"relics_obtained":[{"floor":7,"key":"Oddly Smooth Stone"},{"floor":8,"key":"DataDisk"},{"floor":9,"key":"Question Card"},{"floor":13,"key":"PreservedInsect"},{"floor":23,"key":"Juzu Bracelet"},{"floor":24,"key":"Tiny Chest"}],"event_choices":[{"cards_removed":["Defend_B"],"damage_healed":0,"gold_gain":0,"player_choice":"Card Removal","damage_taken":7,"max_hp_gain":0,"max_hp_loss":0,"event_name":"Golden Wing","floor":3,"gold_loss":0},{"cards_removed":["Strike_B"],"damage_healed":0,"gold_gain":0,"player_choice":"Purged","damage_taken":0,"max_hp_gain":0,"max_hp_loss":0,"event_name":"Purifier","floor":19,"gold_loss":0}],"is_beta":true,"boss_relics":[{"not_picked":["Snecko Eye","Ectoplasm"],"picked":"Inserter"}],"items_purged_floors":[20],"is_endless":false,"potions_floor_spawned":[2,5,11,13,21,22,23],"killed_by":"Snecko","ascension_level":1}