{"path_per_floor":["M","$","M","?","?","R","E","M","T","E","R","M","R","M","R","B",null,"M","M","?","$","?","E","R"],"character_chosen":"THE_SILENT","items_purchased":["Noxious Fumes","Question Card"],"gold_per_floor":[118,41,61,61,26,26,66,79,103,146,146,132,132,145,145,236,236,256,280,280,38,38,69,69,69],"floor_reached":25,"campfire_rested":2,"playtime":1540,"item_purchase_floors":[2,21],"current_hp_per_floor":[65,65,49,49,67,67,49,49,49,25,46,39,39,33,33,31,62,48,40,40,40,40,5,26,0],"items_purged":[],"gold":69,"score":401,"play_id":"268727b4-1a4d-474f-875d-44dd76f4fc3a","local_time":"20180622224443","is_prod":false,"is_daily":false,"chose_seed":false,"is_ascension_mode":true,"campfire_upgraded":3,"win_rate":0,"timestamp":1529700283,"campfire_choices":[{"data":"Neutralize","floor":6,"key":"SMITH"},{"floor":11,"key":"REST"},{"data":"Malaise","floor":13,"key":"SMITH"},{"data":"Catalyst","floor":15,"key":"SMITH"},{"floor":24,"key":"REST"}],"path_taken":["M","$","M","?","?","R","E","?","T","E","R","M","R","M","R","BOSS","M","M","?","$","?","E","R","?"],"build_version":"2018-06-21","seed_source_timestamp":435584884671249,"purchased_purges":0,"circlet_count":0,"victory":false,"master_deck":["Defend_G","Defend_G","Defend_G","Defend_G","Defend_G","Strike_G","Strike_G","Strike_G","Strike_G","Survivor","Neutralize+1","AscendersBane","Endless Agony","Noxious Fumes","Malaise+1","Crippling Poison","Catalyst+1","Well Laid Plans","Deadly Poison","Predator","After Image","Deflect","Dodge and Roll","Malaise+1","Die Die Die","Infinite Blades"],"max_hp_per_floor":[72,72,72,72,72,72,72,72,72,72,72,72,72,72,72,72,72,72,72,72,72,72,72,72,72],"relics":["Ring of the Snake","Golden Idol","Blood Vial","Boot","Bottled Lightning","Empty Cage","Question Card","Turnip"],"card_choices":[{"not_picked":["Outmaneuver","Terror"],"picked":"Endless Agony","floor":1},{"not_picked":["Accuracy","Bane"],"picked":"Malaise","floor":3},{"not_picked":["Tactician","Venomology"],"picked":"Crippling Poison","floor":7},{"not_picked":["Terror","Outmaneuver"],"picked":"Catalyst","floor":8},{"not_picked":["Eviscerate","Bane"],"picked":"Well Laid Plans","floor":10},{"not_picked":["Flechettes","Bane"],"picked":"Deadly Poison","floor":12},{"not_picked":["Backflip","Quick Slash"],"picked":"Predator","floor":14},{"not_picked":["Unload","Tactician"],"picked":"After Image","floor":16},{"not_picked":["Finisher","Slice"],"picked":"Deflect","floor":18},{"not_picked":["Dagger Throw","Finisher"],"picked":"Dodge and Roll","floor":19},{"not_picked":["Blur","Terror","Choke"],"picked":"Infinite Blades","floor":23}],"player_experience":651436,"potions_floor_usage":[7,16,18,23,23],"damage_taken":[{"damage":0,"enemies":"Small Slimes","floor":1,"turns":5},{"damage":16,"enemies":"Jaw Worm","floor":3,"turns":4},{"damage":18,"enemies":"Lagavulin","floor":7,"turns":13},{"damage":2,"enemies":"2 Louse","floor":8,"turns":3},{"damage":26,"enemies":"3 Sentries","floor":10,"turns":6},{"damage":9,"enemies":"Exordium Thugs","floor":12,"turns":5},{"damage":8,"enemies":"Red Slaver","floor":14,"turns":4},{"damage":4,"enemies":"Hexaghost","floor":16,"turns":8},{"damage":16,"enemies":"Spheric Guardian","floor":18,"turns":5},{"damage":10,"enemies":"Shell Parasite","floor":19,"turns":7},{"damage":37,"enemies":"Gremlin Leader","floor":23,"turns":10},{"damage":35,"enemies":"Cultist and Chosen","floor":25,"turns":6}],"relics_obtained":[{"floor":7,"key":"Blood Vial"},{"floor":9,"key":"Boot"},{"floor":10,"key":"Bottled Lightning"},{"floor":23,"key":"Turnip"}],"event_choices":[{"event_name":"Golden Idol","player_choice":"Take Wound","floor":4,"damage_taken":0},{"event_name":"The Cleric","player_choice":"Healed","floor":5,"damage_taken":0},{"event_name":"Duplicator","player_choice":"One dupe","floor":20,"damage_taken":0},{"event_name":"Match and Keep!","player_choice":"1 cards matched","floor":22,"damage_taken":0},{"event_name":"Match and Keep!","player_choice":"1 cards matched","floor":22,"damage_taken":0}],"boss_relics":[{"not_picked":["Calling Bell","Lizard Tail"],"picked":"Empty Cage"}],"items_purged_floors":[],"is_endless":false,"potions_floor_spawned":[3,7,10,14,18,19,23],"seed_played":"7743790629323588089","killed_by":"Cultist and Chosen","ascension_level":15,"potions_obtained":[{"floor":3,"key":"AttackPotion"},{"floor":7,"key":"FearPotion"},{"floor":10,"key":"SkillPotion"},{"floor":14,"key":"LiquidBronze"},{"floor":18,"key":"GhostInAJar"},{"floor":19,"key":"SpeedPotion"},{"floor":23,"key":"Strength Potion"}],"is_trial":false}