{"gold_per_floor":[111,124,124,89,103,132,132,157,157,170,170,47,76,89,89,167,167,178,178,178,192,212,239,256,289,346,346,346],"floor_reached":28,"playtime":1377,"items_purged":[],"score":599,"play_id":"c20ecbe8-4273-42d4-9e27-bf7434c19c2d","local_time":"20180809205406","is_ascension_mode":true,"campfire_choices":[{"data":"Go for the Eyes","floor":7,"key":"SMITH"},{"floor":11,"key":"REST"},{"floor":15,"key":"REST"},{"floor":27,"key":"REST"}],"neow_cost":"NONE","seed_source_timestamp":2514289592373451,"circlet_count":0,"master_deck":["Defend_B","Defend_B","Defend_B","Defend_B","Zap+1","Dualcast","AscendersBane","White Noise","Compile Driver","Barrage","Go for the Eyes+1","Rip and Tear","Hologram","Ball Lightning","Cold Snap","Leap","Ball Lightning","Rebound","Rainbow","Compile Driver","BootSequence","Bite","Bite","Bite","Bite","Bite","Stack","Capacitor","Loop","Reinforced Body","Beam Cell+1"],"relics":["Cracked Core","Kunai","Ginger","StoneCalendar","Juzu Bracelet","Velvet Choker","Omamori","Anchor","Tiny Chest"],"potions_floor_usage":[6,13,13,16,23,23],"damage_taken":[{"damage":2,"enemies":"Jaw Worm","floor":1,"turns":2},{"damage":0,"enemies":"2 Louse","floor":2,"turns":3},{"damage":6,"enemies":"Cultist","floor":5,"turns":4},{"damage":25,"enemies":"Lagavulin","floor":6,"turns":5},{"damage":21,"enemies":"3 Sentries","floor":8,"turns":6},{"damage":5,"enemies":"2 Fungi Beasts","floor":10,"turns":3},{"damage":22,"enemies":"Lagavulin","floor":13,"turns":6},{"damage":0,"enemies":"3 Louse","floor":14,"turns":3},{"damage":0,"enemies":"Slime Boss","floor":16,"turns":6},{"damage":4,"enemies":"Spheric Guardian","floor":18,"turns":3},{"damage":4,"enemies":"3 Byrds","floor":21,"turns":4},{"damage":0,"enemies":"Cultist and Chosen","floor":22,"turns":6},{"damage":24,"enemies":"Gremlin Leader","floor":23,"turns":5},{"damage":8,"enemies":"Centurion and Healer","floor":24,"turns":6},{"damage":42,"enemies":"Book of Stabbing","floor":25,"turns":6},{"damage":24,"enemies":"Snake Plant","floor":28,"turns":2}],"seed_played":"1252646697131570974","potions_obtained":[{"floor":1,"key":"Strength Potion"},{"floor":8,"key":"AttackPotion"},{"floor":10,"key":"SteroidPotion"},{"floor":14,"key":"AttackPotion"},{"floor":16,"key":"FocusPotion"},{"floor":21,"key":"Swift Potion"},{"floor":24,"key":"Energy Potion"}],"is_trial":false,"path_per_floor":["M","M","?","?","M","E","R","E","T","M","R","$","E","M","R","B",null,"M","?","?","M","M","E","M","E","T","R"],"character_chosen":"DEFECT","items_purchased":["Ball Lightning","Cold Snap","Leap"],"campfire_rested":3,"item_purchase_floors":[12,12,12],"current_hp_per_floor":[62,62,62,71,65,40,40,19,19,14,35,35,13,13,34,34,62,58,58,49,49,49,31,35,5,5,19,0],"gold":346,"neow_bonus":"UPGRADE_CARD","is_prod":false,"is_daily":false,"chose_seed":false,"campfire_upgraded":1,"win_rate":0,"timestamp":1533840846,"path_taken":["M","M","?","?","?","E","R","E","T","M","R","$","E","M","R","BOSS","M","?","?","M","M","E","M","E","T","R","M"],"build_version":"2018-08-02","purchased_purges":0,"victory":false,"max_hp_per_floor":[71,71,71,71,71,71,71,71,71,71,71,71,71,71,71,71,71,71,71,49,49,49,49,49,49,49,49,49],"card_choices":[{"not_picked":["Stack","Sweeping Beam"],"picked":"White Noise","floor":1},{"not_picked":["Double Energy","Loop"],"picked":"Compile Driver","floor":2},{"not_picked":["Gash","Reinforced Body"],"picked":"Barrage","floor":5},{"not_picked":["Double Energy","Melter"],"picked":"Go for the Eyes","floor":6},{"not_picked":["Heatsinks","Consume"],"picked":"Rip and Tear","floor":8},{"not_picked":["Blizzard","Hello World"],"picked":"Hologram","floor":10},{"not_picked":["Loop","Beam Cell"],"picked":"Ball Lightning","floor":13},{"not_picked":["Melter","Thunder Strike"],"picked":"Rebound","floor":14},{"not_picked":["Reboot","Meteor Strike"],"picked":"Rainbow","floor":16},{"not_picked":["Streamline","Darkness"],"picked":"Compile Driver","floor":18},{"not_picked":["Ball Lightning","Hologram"],"picked":"Stack","floor":21},{"not_picked":["Steam","Hyperbeam"],"picked":"Capacitor","floor":22},{"not_picked":["Redo","Fission"],"picked":"Loop","floor":23},{"not_picked":["Undo","Conserve Battery"],"picked":"Reinforced Body","floor":24},{"not_picked":["Barrage","Leap"],"picked":"Beam Cell+1","floor":25}],"player_experience":937842,"relics_obtained":[{"floor":6,"key":"Kunai"},{"floor":8,"key":"Ginger"},{"floor":9,"key":"StoneCalendar"},{"floor":13,"key":"Juzu Bracelet"},{"floor":23,"key":"Omamori"},{"floor":25,"key":"Anchor"},{"floor":26,"key":"Tiny Chest"}],"event_choices":[{"event_name":"Scrap Ooze","player_choice":"unsuccessful","floor":3,"damage_taken":0},{"event_name":"The Cleric","player_choice":"Healed","floor":4,"damage_taken":0},{"event_name":"The Library","player_choice":"Read","floor":19,"damage_taken":0},{"event_name":"Vampires","player_choice":"Became a vampire","floor":20,"damage_taken":0}],"is_beta":false,"boss_relics":[{"not_picked":["Fusion Hammer","Busted Crown"],"picked":"Velvet Choker"}],"items_purged_floors":[],"is_endless":false,"potions_floor_spawned":[1,8,10,14,16,21,24],"killed_by":"Snake Plant","ascension_level":15}