{"gold_per_floor":[118,33,33,33,33,51,51,63,88,49,81,101,101,115,115,193,193,204,18,18,32,50,50],"floor_reached":23,"playtime":778,"items_purged":[],"score":382,"play_id":"589bc800-06cf-41f8-bf89-9104cd1cbdb5","local_time":"20181127225641","is_ascension_mode":true,"campfire_choices":[{"data":"Storm of Steel","floor":7.0,"key":"SMITH"},{"data":"Neutralize","floor":15.0,"key":"SMITH"}],"neow_cost":"NONE","seed_source_timestamp":390365561705065,"circlet_count":0,"master_deck":["AscendersBane","Defend_G","Defend_G","Defend_G+1","Defend_G+1","Defend_G","Strike_G","Strike_G","Strike_G","Strike_G","Strike_G","Survivor","Neutralize+1","Storm of Steel+1","Footwork+1","Blur","Choke","Corpse Explosion","Backflip","Mayhem","Crippling Poison"],"special_seed":0,"relics":["Ring of the Snake","Tough Bandages","War Paint","Omamori","Snecko Eye"],"potions_floor_usage":[23],"damage_taken":[{"damage":0.0,"enemies":"Cultist","floor":1.0,"turns":3.0},{"damage":0.0,"enemies":"Jaw Worm","floor":6.0,"turns":4.0},{"damage":0.0,"enemies":"2 Louse","floor":8.0,"turns":2.0},{"damage":7.0,"enemies":"Lagavulin","floor":11.0,"turns":5.0},{"damage":9.0,"enemies":"Exordium Wildlife","floor":12.0,"turns":6.0},{"damage":0.0,"enemies":"Looter","floor":14.0,"turns":3.0},{"damage":26.0,"enemies":"The Guardian","floor":16.0,"turns":22.0},{"damage":15.0,"enemies":"Chosen","floor":18.0,"turns":6.0},{"damage":14.0,"enemies":"2 Thieves","floor":21.0,"turns":3.0},{"damage":0.0,"enemies":"Snecko","floor":22.0,"turns":4.0},{"damage":41,"enemies":"Slavers","floor":23,"turns":3}],"seed_played":"-3830853112265351510","potions_obtained":[{"floor":6.0,"key":"SkillPotion"},{"floor":8.0,"key":"SpeedPotion"},{"floor":12.0,"key":"Fire Potion"},{"floor":14.0,"key":"Dexterity Potion"},{"floor":22.0,"key":"Dexterity Potion"}],"is_trial":false,"path_per_floor":["M","$","?","T","$","M","R","M","T","$","E","M","?","M","R","B",null,"M","$","?","M","M","E"],"character_chosen":"THE_SILENT","items_purchased":["Footwork","Choke","Mayhem"],"campfire_rested":0,"item_purchase_floors":[2,10,19],"current_hp_per_floor":[59,59,59,59,59,59,59,59,59,59,52,43,43,43,43,17,54,39,39,39,25,25,0],"gold":50,"neow_bonus":"ONE_RANDOM_RARE_CARD","is_prod":false,"is_daily":false,"chose_seed":false,"campfire_upgraded":2,"win_rate":0,"timestamp":1543388201,"path_taken":["M","?","?","?","$","M","R","M","T","?","E","M","?","M","R","BOSS","M","$","?","M","M","E"],"build_version":"2018-11-15","purchased_purges":0,"victory":false,"max_hp_per_floor":[66,66,66,66,66,66,66,66,66,66,66,66,66,66,66,66,66,66,66,66,66,66,66],"card_choices":[{"not_picked":["Prepared","Dagger Spray","Eviscerate"],"picked":"SKIP","floor":1.0},{"not_picked":["Deflect","Blade Dance","Sucker Punch"],"picked":"SKIP","floor":6.0},{"not_picked":["Tactician","Prepared"],"picked":"Blur","floor":8.0},{"not_picked":["Distraction","Poisoned Stab","Deadly Poison"],"picked":"SKIP","floor":11.0},{"not_picked":["Expertise","Tactician","Acrobatics"],"picked":"SKIP","floor":12.0},{"not_picked":["Dagger Spray","Dodge and Roll","Quick Slash"],"picked":"SKIP","floor":14.0},{"not_picked":["Bullet Time","Venomology"],"picked":"Corpse Explosion","floor":16.0},{"not_picked":["Caltrops","Infinite Blades"],"picked":"Backflip","floor":18.0},{"not_picked":["Quick Slash","Bane","All Out Attack"],"picked":"SKIP","floor":21.0},{"not_picked":["Flying Knee+1","Choke+1"],"picked":"Crippling Poison","floor":22.0}],"player_experience":680519,"relics_obtained":[{"floor":4.0,"key":"Tough Bandages"},{"floor":9.0,"key":"War Paint"},{"floor":11.0,"key":"Omamori"}],"event_choices":[{"damage_healed":0.0,"max_hp_gain":0.0,"max_hp_loss":0.0,"gold_gain":0.0,"event_name":"The Cleric","player_choice":"Leave","floor":3.0,"gold_loss":0.0,"damage_taken":0.0},{"damage_healed":0.0,"max_hp_gain":0.0,"max_hp_loss":0.0,"gold_gain":0.0,"event_name":"Living Wall","player_choice":"Grow","floor":13.0,"gold_loss":0.0,"damage_taken":0.0,"cards_upgraded":["Footwork"]},{"damage_healed":0.0,"max_hp_gain":0.0,"max_hp_loss":0.0,"gold_gain":0.0,"event_name":"Beggar","player_choice":"Ignored","floor":20.0,"gold_loss":0.0,"damage_taken":0.0}],"is_beta":false,"boss_relics":[{"not_picked":["Eternal Feather","Calling Bell"],"picked":"Snecko Eye"}],"items_purged_floors":[],"is_endless":false,"potions_floor_spawned":[6,8,12,14,22],"killed_by":"Slavers","ascension_level":20}