{"path_per_floor":["M","$","M","?","M","R","?","E","T","R","E","M","?","?","R","B",null,"M","$","M","M","M","R","?","$","T","E"],"character_chosen":"IRONCLAD","items_purchased":["Paper Frog","Shrug It Off"],"gold_per_floor":[113,38,48,48,64,64,99,168,219,219,253,278,238,238,238,358,358,379,25,45,61,82,82,82,58,58,102,102],"floor_reached":28,"campfire_rested":2,"playtime":1186,"current_hp_per_floor":[75,75,72,72,74,74,50,22,22,44,32,27,27,12,34,40,66,51,51,52,37,34,34,34,34,34,17,0],"items_purged":["Strike_R","Strike_R"],"gold":102,"score":400,"play_id":"e7cd1e71-968b-45f8-8814-529565e623a2","local_time":"20180414213048","is_prod":false,"is_daily":false,"chose_seed":false,"is_ascension_mode":true,"campfire_upgraded":2,"timestamp":1523734248,"path_taken":["M","$","M","?","M","R","?","E","T","R","E","M","?","?","R","BOSS","M","$","M","M","M","R","?","?","T","E","M"],"build_version":"2018-04-12","seed_source_timestamp":221767915921338,"purchased_purges":2,"victory":false,"master_deck":["Strike_R","Strike_R","Strike_R","Defend_R+1","Defend_R","Defend_R","Defend_R","Bash+1","Headbutt","Feel No Pain","Hemokinesis+1","Twin Strike+1","Limit Break","Flame Barrier+1","Battle Trance","Offering","Ghostly Armor+1","Whirlwind+1","Injury","Shrug It Off"],"max_hp_per_floor":[80,80,80,74,74,74,74,74,74,74,74,74,74,74,74,74,74,74,74,74,74,74,74,74,74,74,74,74],"relics":["Burning Blood","Juzu Bracelet","Golden Idol","Odd Mushroom","Tiny Chest","Pen Nib","Blood Vial","Sozu","Paper Frog","Dodecahedron","Ancient Tea Set"],"card_choices":[{"not_picked":["Cleave","Evolve"],"picked":"Headbutt","floor":1},{"not_picked":["Entrench","Flex"],"picked":"Feel No Pain","floor":3},{"not_picked":["Armaments","Fire Breathing"],"picked":"Hemokinesis","floor":5},{"not_picked":["Sword Boomerang","Perfected Strike"],"picked":"Twin Strike","floor":7},{"not_picked":["Twin Strike","Fire Breathing"],"picked":"Limit Break","floor":8},{"not_picked":["Body Slam","Thunderclap"],"picked":"Flame Barrier","floor":11},{"not_picked":["Searing Blow","Armaments"],"picked":"Battle Trance","floor":12},{"not_picked":["Dark Embrace","Brutality"],"picked":"Offering","floor":16},{"not_picked":["Clothesline","Flame Barrier"],"picked":"Ghostly Armor","floor":18},{"not_picked":["Wild Strike","Ghostly Armor"],"picked":"Whirlwind","floor":22}],"player_experience":287626,"potions_floor_usage":[8,16,16,20],"damage_taken":[{"damage":3,"enemies":"Small Slimes","floor":1,"turns":4},{"damage":9,"enemies":"2 Louse","floor":3,"turns":3},{"damage":1,"enemies":"Cultist","floor":5,"turns":3},{"damage":30,"enemies":"The Mushroom Lair","floor":7,"turns":5},{"damage":34,"enemies":"Lagavulin","floor":8,"turns":6},{"damage":18,"enemies":"Gremlin Nob","floor":11,"turns":3},{"damage":13,"enemies":"Red Slaver","floor":12,"turns":4},{"damage":2,"enemies":"Slime Boss","floor":16,"turns":7},{"damage":23,"enemies":"2 Thieves","floor":18,"turns":3},{"damage":13,"enemies":"Shell Parasite","floor":20,"turns":3},{"damage":23,"enemies":"Snake Plant","floor":21,"turns":4},{"damage":11,"enemies":"3 Cultists","floor":22,"turns":5},{"damage":25,"enemies":"Slavers","floor":27,"turns":6},{"damage":20,"enemies":"Sentry and Sphere","floor":28,"turns":5}],"event_choices":[{"event_name":"Golden Idol","player_choice":"Lose Max HP","floor":4,"damage_taken":0},{"event_name":"Mushrooms","player_choice":"Fought Mushrooms","floor":7,"damage_taken":0},{"event_name":"The Woman in Blue","player_choice":"Bought 3 Potions","floor":13,"damage_taken":0},{"event_name":"Shining Light","player_choice":"Entered Light","floor":14,"damage_taken":0},{"event_name":"Accursed Blacksmith","player_choice":"Forge","floor":24,"damage_taken":0}],"boss_relics":[{"not_picked":["Pandora\u0027s Box","Philosopher\u0027s Stone"],"picked":"Sozu"}],"potions_floor_spawned":[3,5,16,18,21,27],"seed_played":"103991619973699045","killed_by":"Sentry and Sphere","ascension_level":7,"is_trial":false}