{"gold_per_floor":[119,134,154,0,11,11,41,59,82,115,130,130,130,30,30,135,135,147,22,42,58,74,74,99,116,116,116,145,158,170,20,20,115,115,135,235,235,254,254,254,272,272,272,272,272,272,97,97,97,97],"floor_reached":51,"playtime":3430,"items_purged":["Strike_R","Strike_R","Strike_R","Injury","Strike_R"],"score":722,"play_id":"881dc6fc-e5ae-4eb9-98c9-c0899ae85d6c","local_time":"20190307010947","is_ascension_mode":false,"campfire_choices":[{"data":"Pommel Strike","floor":6,"key":"SMITH"},{"data":"Whirlwind","floor":12,"key":"SMITH"},{"floor":15,"key":"REST"},{"data":"Heavy Blade","floor":23,"key":"SMITH"},{"data":"Demon Form","floor":27,"key":"SMITH"},{"data":"Bash","floor":32,"key":"SMITH"},{"data":"Flame Barrier","floor":40,"key":"SMITH"},{"data":"Iron Wave","floor":42,"key":"SMITH"},{"floor":44,"key":"REST"},{"floor":46,"key":"REST"},{"data":"Trip","floor":49,"key":"SMITH"}],"neow_cost":"TEN_PERCENT_HP_LOSS","seed_source_timestamp":47634132385782,"circlet_count":0,"master_deck":["Strike_R+1","Defend_R","Defend_R","Defend_R","Defend_R","Bash+1","Heavy Blade+1","Flame Barrier+1","Iron Wave+1","True Grit+1","Whirlwind+1","Flame Barrier+1","Offering","Demon Form+1","Shockwave+1","True Grit+1","Ghostly Armor+1","Trip+1"],"relics":["Burning Blood","Gambling Chip","Bag of Preparation","Strawberry","Bag of Marbles","Cursed Key","Bronze Scales","War Paint","Juzu Bracelet","Lizard Tail","Ginger"],"potions_floor_usage":[7,24,28,50,50],"damage_taken":[{"damage":15,"enemies":"Jaw Worm","floor":1,"turns":5},{"damage":0,"enemies":"2 Louse","floor":2,"turns":2},{"damage":0,"enemies":"Small Slimes","floor":3,"turns":3},{"damage":4,"enemies":"Blue Slaver","floor":5,"turns":5},{"damage":33,"enemies":"Lagavulin","floor":7,"turns":6},{"damage":0,"enemies":"2 Fungi Beasts","floor":8,"turns":4},{"damage":27,"enemies":"Gremlin Nob","floor":10,"turns":4},{"damage":0,"enemies":"Large Slime","floor":11,"turns":7},{"damage":43,"enemies":"Slime Boss","floor":16,"turns":10},{"damage":0,"enemies":"3 Byrds","floor":18,"turns":3},{"damage":14,"enemies":"2 Thieves","floor":20,"turns":4},{"damage":1,"enemies":"Snecko","floor":21,"turns":6},{"damage":11,"enemies":"Shelled Parasite and Fungi","floor":22,"turns":4},{"damage":18,"enemies":"Book of Stabbing","floor":24,"turns":6},{"damage":6,"enemies":"3 Cultists","floor":25,"turns":4},{"damage":6,"enemies":"Gremlin Leader","floor":28,"turns":4},{"damage":6,"enemies":"Snecko","floor":29,"turns":4},{"damage":9,"enemies":"Snake Plant","floor":30,"turns":3},{"damage":9,"enemies":"Automaton","floor":33,"turns":6},{"damage":16,"enemies":"3 Shapes","floor":35,"turns":3},{"damage":15,"enemies":"Mind Bloom Boss Battle","floor":36,"turns":5},{"damage":0,"enemies":"3 Darklings","floor":38,"turns":3},{"damage":40,"enemies":"4 Shapes","floor":41,"turns":8},{"damage":60,"enemies":"Awakened One","floor":50,"turns":10}],"seed_played":"5340288716137288543","potions_obtained":[{"floor":3,"key":"SteroidPotion"},{"floor":5,"key":"LiquidBronze"},{"floor":7,"key":"Dexterity Potion"},{"floor":8,"key":"FairyPotion"},{"floor":10,"key":"Strength Potion"},{"floor":24,"key":"Ancient Potion"},{"floor":29,"key":"FearPotion"}],"is_trial":false,"path_per_floor":["M","M","M","$","M","R","E","M","T","E","M","R","?","$","R","B",null,"M","$","M","M","M","R","E","M","T","R","E","M","M","$","R","B",null,"M","?","$","M","?","R","M","R","T","R","$","R","$","?","R","B",null],"character_chosen":"IRONCLAD","items_purchased":["Flame Barrier"],"campfire_rested":3,"item_purchase_floors":[4],"current_hp_per_floor":[63,69,72,72,72,72,45,51,58,37,43,43,27,27,50,13,79,79,79,71,76,71,71,59,59,59,59,59,59,56,56,56,53,79,69,60,60,66,66,66,32,32,32,55,55,78,78,78,78,24],"gold":97,"neow_bonus":"ONE_RARE_RELIC","is_prod":false,"is_daily":false,"chose_seed":false,"campfire_upgraded":8,"win_rate":0,"timestamp":1551949787,"path_taken":["M","M","M","$","M","R","E","M","T","E","M","R","?","$","R","BOSS","M","$","M","M","M","R","E","M","T","R","E","M","M","$","R","BOSS","M","?","$","M","?","R","M","R","T","R","$","R","?","?","R","BOSS"],"build_version":"2019-01-23","purchased_purges":5,"victory":true,"max_hp_per_floor":[72,72,72,72,72,72,72,72,79,79,79,79,79,79,79,79,79,79,79,79,79,79,79,79,79,79,79,79,79,79,79,79,79,79,79,79,79,79,79,79,79,79,79,79,79,79,79,79,79,79],"card_choices":[{"not_picked":["Dropkick","Seeing Red"],"picked":"Heavy Blade","floor":1},{"not_picked":["Iron Wave","Thunderclap"],"picked":"Pommel Strike","floor":2},{"not_picked":["Clash","Metallicize","Infernal Blade"],"picked":"SKIP","floor":3},{"not_picked":["Combust","Uppercut"],"picked":"Iron Wave","floor":5},{"not_picked":["Warcry","Perfected Strike","Havoc"],"picked":"SKIP","floor":7},{"not_picked":["Body Slam","Feel No Pain"],"picked":"True Grit","floor":8},{"not_picked":["Battle Trance","Immolate"],"picked":"Whirlwind","floor":10},{"not_picked":["Dual Wield","True Grit"],"picked":"Flame Barrier","floor":11},{"not_picked":["Feed","Dark Embrace"],"picked":"Offering","floor":16},{"not_picked":["Sword Boomerang+1","Iron Wave","Headbutt"],"picked":"SKIP","floor":18},{"not_picked":["Corruption+1","Rage","Perfected Strike"],"picked":"SKIP","floor":20},{"not_picked":["Clash+1","Flex+1"],"picked":"Demon Form","floor":21},{"not_picked":["Thunderclap+1","Iron Wave","Warcry"],"picked":"SKIP","floor":22},{"not_picked":["Heavy Blade","Perfected Strike"],"picked":"Shockwave","floor":24},{"not_picked":["Rampage","Rupture","Combust"],"picked":"SKIP","floor":25},{"not_picked":["Rupture","Rampage","Infernal Blade"],"picked":"SKIP","floor":28},{"not_picked":["Rupture","Rampage","Infernal Blade"],"picked":"SKIP","floor":28},{"not_picked":["Carnage","Sentinel"],"picked":"True Grit+1","floor":29},{"not_picked":["Havoc+1","Headbutt+1"],"picked":"Ghostly Armor+1","floor":30},{"not_picked":["Shockwave+1","Headbutt","Whirlwind"],"picked":"SKIP","floor":35},{"not_picked":["Pommel Strike+1","Twin Strike","Feel No Pain+1"],"picked":"SKIP","floor":38},{"not_picked":["Twin Strike","Heavy Blade","Hemokinesis+1"],"picked":"SKIP","floor":41},{"not_picked":["Swift Strike","Bandage Up"],"picked":"Trip","floor":48}],"player_experience":328954,"relics_obtained":[{"floor":7,"key":"Bag of Preparation"},{"floor":9,"key":"Strawberry"},{"floor":10,"key":"Bag of Marbles"},{"floor":24,"key":"Bronze Scales"},{"floor":26,"key":"War Paint"},{"floor":28,"key":"Juzu Bracelet"},{"floor":36,"key":"Ginger"}],"event_choices":[{"damage_healed":0,"gold_gain":0,"player_choice":"Entered Light","damage_taken":16,"max_hp_gain":0,"max_hp_loss":0,"event_name":"Shining Light","floor":13,"gold_loss":0,"cards_upgraded":["Strike_R","Flame Barrier"]},{"damage_healed":0,"gold_gain":0,"player_choice":"Fight","damage_taken":0,"max_hp_gain":0,"max_hp_loss":0,"event_name":"MindBloom","floor":36,"gold_loss":0},{"cards_removed":["Pommel Strike"],"damage_healed":0,"gold_gain":0,"player_choice":"Removed Attack","damage_taken":0,"max_hp_gain":0,"max_hp_loss":0,"event_name":"Falling","floor":39,"gold_loss":0},{"damage_healed":0,"gold_gain":0,"player_choice":"Memory 1","damage_taken":0,"max_hp_gain":0,"max_hp_loss":0,"event_name":"SensoryStone","floor":48,"gold_loss":0}],"is_beta":false,"boss_relics":[{"not_picked":["Coffee Dripper","Tiny House"],"picked":"Cursed Key"},{"not_picked":["Fusion Hammer","Black Star"],"picked":"Lizard Tail"}],"items_purged_floors":[4,14,19,31,47],"is_endless":false,"potions_floor_spawned":[3,5,7,8,10,21,22,24,25,29,36],"ascension_level":0}