{"gold_per_floor":[115,115,115,115,130,164,181,193,245,22,22,22,36,51,51,147,147,161,180,192,192,192,192,212,212,212,212],"floor_reached":27,"playtime":897,"items_purged":[],"score":300,"play_id":"43a8ab19-4ee0-4890-9228-d2b6a97fffab","local_time":"20181112033123","is_ascension_mode":true,"campfire_choices":[{"data":"Inflame","floor":11,"key":"SMITH"},{"data":"Heavy Blade","floor":15,"key":"SMITH"},{"floor":23,"key":"REST"},{"data":"Corruption","floor":25,"key":"SMITH"}],"neow_cost":"NONE","seed_source_timestamp":118714164805775,"circlet_count":0,"master_deck":["Strike_R+1","Strike_R","Strike_R+1","Strike_R","Strike_R+1","Defend_R","Defend_R","Defend_R","Defend_R","Bash","Iron Wave+1","True Grit","Inflame+1","Heavy Blade+1","Rupture","Evolve","Immolate","Heavy Blade","Rupture","Offering","Warcry","Inflame","Bludgeon","Writhe","Corruption+1"],"relics":["Burning Blood","NeowsBlessing","FaceOfCleric","Pantograph","Whetstone","Mark of Pain","Smiling Mask","Mercury Hourglass"],"potions_floor_usage":[19,20],"damage_taken":[{"damage":0,"enemies":"Small Slimes","floor":1,"turns":1},{"damage":0,"enemies":"2 Louse","floor":5,"turns":1},{"damage":0,"enemies":"Gremlin Nob","floor":6,"turns":1},{"damage":0,"enemies":"Cultist","floor":7,"turns":2},{"damage":11,"enemies":"Lots of Slimes","floor":8,"turns":5},{"damage":6,"enemies":"Exordium Thugs","floor":13,"turns":3},{"damage":11,"enemies":"Looter","floor":14,"turns":4},{"damage":79,"enemies":"The Guardian","floor":16,"turns":11},{"damage":18,"enemies":"Chosen","floor":18,"turns":4},{"damage":13,"enemies":"Shell Parasite","floor":19,"turns":3},{"damage":29,"enemies":"Centurion and Healer","floor":20,"turns":4},{"damage":20,"enemies":"Colosseum Slavers","floor":21,"turns":2},{"damage":43,"enemies":"Snake Plant","floor":24,"turns":5},{"damage":19,"enemies":"Snecko","floor":27,"turns":3}],"seed_played":"6716074510611447974","potions_obtained":[{"floor":1,"key":"Ancient Potion"},{"floor":7,"key":"EssenceOfSteel"},{"floor":8,"key":"BloodPotion"},{"floor":16,"key":"GamblersBrew"},{"floor":18,"key":"Dexterity Potion"}],"is_trial":false,"path_per_floor":["M","$","?","?","M","E","M","M","T","$","R","$","M","M","R","B",null,"M","M","M","?","?","R","M","R","T","M"],"character_chosen":"IRONCLAD","items_purchased":["Evolve","Immolate"],"campfire_rested":1,"item_purchase_floors":[10,10],"current_hp_per_floor":[80,80,64,64,71,78,83,79,79,79,79,79,80,76,76,14,69,58,52,38,25,25,52,16,16,16,0],"gold":212,"neow_bonus":"THREE_ENEMY_KILL","is_prod":false,"is_daily":false,"chose_seed":false,"campfire_upgraded":3,"win_rate":0,"timestamp":1542022283,"path_taken":["M","$","?","?","?","E","M","M","T","?","R","?","?","M","R","BOSS","M","M","M","?","?","R","M","R","T","M"],"build_version":"2018-11-08","purchased_purges":0,"victory":false,"max_hp_per_floor":[80,80,80,80,81,82,83,84,84,84,84,84,85,86,86,87,87,88,89,90,91,91,91,92,92,92,92],"card_choices":[{"not_picked":["Intimidate","Sword Boomerang"],"picked":"Iron Wave","floor":1},{"not_picked":["Headbutt","Clothesline"],"picked":"True Grit","floor":5},{"not_picked":["Entrench","Headbutt"],"picked":"Inflame","floor":6},{"not_picked":["Fire Breathing","Hemokinesis"],"picked":"Heavy Blade","floor":7},{"not_picked":["Twin Strike","Dual Wield"],"picked":"Rupture","floor":8},{"not_picked":["Bludgeon","Twin Strike"],"picked":"Heavy Blade","floor":13},{"not_picked":["Body Slam","Combust"],"picked":"Rupture","floor":14},{"not_picked":["Reaper","Dark Embrace"],"picked":"Offering","floor":16},{"not_picked":["Perfected Strike","Sword Boomerang"],"picked":"Warcry","floor":18},{"not_picked":["Cleave","Flex"],"picked":"Inflame","floor":19},{"not_picked":["Wild Strike","Headbutt"],"picked":"Bludgeon","floor":20},{"not_picked":["Warcry+1","Clothesline+1"],"picked":"Corruption","floor":24}],"player_experience":401753,"relics_obtained":[{"floor":6,"key":"Pantograph"},{"floor":9,"key":"Whetstone"},{"floor":26,"key":"Mercury Hourglass"}],"event_choices":[{"damage_healed":0,"gold_gain":0,"player_choice":"Entered Light","damage_taken":16,"max_hp_gain":0,"max_hp_loss":0,"event_name":"Shining Light","floor":3,"gold_loss":0,"cards_upgraded":["Iron Wave","Strike_R"]},{"damage_healed":0,"gold_gain":0,"player_choice":"Trade","damage_taken":0,"relics_obtained":["FaceOfCleric"],"max_hp_gain":0,"max_hp_loss":0,"event_name":"FaceTrader","floor":4,"gold_loss":0},{"damage_healed":0,"gold_gain":0,"player_choice":"Fight","damage_taken":0,"max_hp_gain":0,"max_hp_loss":0,"event_name":"Colosseum","floor":21,"gold_loss":0},{"damage_healed":0,"gold_gain":0,"player_choice":"Fled From Nobs","damage_taken":0,"max_hp_gain":0,"max_hp_loss":0,"event_name":"Colosseum","floor":21,"gold_loss":0},{"damage_healed":0,"gold_gain":0,"player_choice":"Opened","damage_taken":0,"relics_obtained":["Smiling Mask"],"max_hp_gain":0,"max_hp_loss":0,"event_name":"The Mausoleum","floor":22,"gold_loss":0,"cards_obtained":["Writhe"]}],"is_beta":false,"boss_relics":[{"not_picked":["Ectoplasm","Runic Pyramid"],"picked":"Mark of Pain"}],"items_purged_floors":[],"is_endless":false,"potions_floor_spawned":[1,7,8,14,16,18],"killed_by":"Snecko","ascension_level":5}