{"gold_per_floor":[114,114,128,128,145,145,155,171,197,197,216,216,244,119,119,218,218,231,231,231,27,38,38,57,75,75,75],"floor_reached":27,"playtime":2220,"items_purged":["Defend_B","Defend_B"],"score":215,"play_id":"a3e8786f-3944-422d-9bf7-1e1f17dcbd48","local_time":"20180901152253","is_ascension_mode":false,"campfire_choices":[{"data":"Zap","floor":6.0,"key":"SMITH"},{"data":"Dualcast","floor":10,"key":"SMITH"},{"data":"Chaos","floor":12,"key":"SMITH"},{"data":"Redo","floor":15,"key":"SMITH"},{"data":"Redo","floor":23,"key":"SMITH"}],"neow_cost":"","seed_source_timestamp":0,"circlet_count":0,"master_deck":["Strike_B","Strike_B","Strike_B","Strike_B","Defend_B","Defend_B","Zap+1","Dualcast+1","Cold Snap","Sweeping Beam","Chaos+1","Conserve Battery","BootSequence","White Noise+1","Redo+1","Amplify","Self Repair","Beam Cell","Redo+1","Melter","Lockon+1"],"special_seed":0,"relics":["Cracked Core","Calipers","Art of War","Torii","Inserter","The Courier"],"potions_floor_usage":[8,16,16,22,24,24],"damage_taken":[{"damage":1.0,"enemies":"Cultist","floor":1.0,"turns":3.0},{"damage":4.0,"enemies":"Jaw Worm","floor":3.0,"turns":4.0},{"damage":0.0,"enemies":"2 Louse","floor":5.0,"turns":2.0},{"damage":5.0,"enemies":"Red Slaver","floor":7.0,"turns":5.0},{"damage":0,"enemies":"Lots of Slimes","floor":8,"turns":3},{"damage":4,"enemies":"Gremlin Gang","floor":11,"turns":2},{"damage":6,"enemies":"3 Sentries","floor":13,"turns":6},{"damage":29,"enemies":"Hexaghost","floor":16,"turns":15},{"damage":13,"enemies":"Shell Parasite","floor":18,"turns":7},{"damage":21,"enemies":"2 Thieves","floor":22,"turns":4},{"damage":47,"enemies":"3 Cultists","floor":24,"turns":4},{"damage":1,"enemies":"Chosen and Byrds","floor":25,"turns":6},{"damage":27,"enemies":"Centurion and Healer","floor":27,"turns":4}],"seed_played":"-1649166628044840142","potions_obtained":[{"floor":7,"key":"SkillPotion"},{"floor":11,"key":"SkillPotion"},{"floor":13,"key":"EntropicBrew"},{"floor":24,"key":"Strength Potion"}],"is_trial":false,"path_per_floor":["M","T","M","?","M","R","M","M","T","R","M","R","E","$","R","B",null,"M","?","?","$","M","R","M","M","T"],"character_chosen":"DEFECT","items_purchased":["Redo","Self Repair","Beam Cell"],"campfire_rested":0,"item_purchase_floors":[14,21,21],"current_hp_per_floor":[74,74,70,70,70,70,65,65,65,65,61,61,55,55,55,33,75,62,62,62,62,48,48,15,21,21,0],"gold":75,"neow_bonus":"","is_prod":false,"is_daily":false,"chose_seed":false,"campfire_upgraded":5,"win_rate":0.0,"timestamp":1535840573,"path_taken":["M","?","M","?","?","R","?","M","T","R","M","R","E","?","R","BOSS","M","?","?","$","M","R","M","M","T","?"],"build_version":"2018-08-30","purchased_purges":2,"victory":false,"max_hp_per_floor":[75,75,75,75,75,75,75,75,75,75,75,75,75,75,75,75,75,75,75,75,75,75,75,75,75,75,75],"card_choices":[{"not_picked":["Go for the Eyes","Double Energy"],"picked":"Cold Snap","floor":1.0},{"not_picked":["BootSequence","Stack"],"picked":"Sweeping Beam","floor":3.0},{"not_picked":["Amplify","Barrage"],"picked":"Chaos","floor":5.0},{"not_picked":["Chaos","Doom and Gloom"],"picked":"Conserve Battery","floor":7},{"not_picked":["Cold Snap","Beam Cell","Sweeping Beam"],"picked":"SKIP","floor":8},{"not_picked":["Reprogram","Cold Snap"],"picked":"BootSequence","floor":11},{"not_picked":["Sweeping Beam","Consume"],"picked":"White Noise","floor":13},{"not_picked":["Seek","Buffer"],"picked":"Amplify","floor":16},{"not_picked":["Double Energy","Sweeping Beam","BootSequence"],"picked":"SKIP","floor":18},{"not_picked":["Hologram","Double Energy"],"picked":"Redo","floor":22},{"not_picked":["White Noise","Sweeping Beam"],"picked":"Melter","floor":24},{"not_picked":["Fusion","Stack"],"picked":"Lockon+1","floor":25}],"player_experience":224418,"relics_obtained":[{"floor":2.0,"key":"Calipers"},{"floor":9,"key":"Art of War"},{"floor":13,"key":"Torii"},{"floor":26,"key":"The Courier"}],"event_choices":[{"event_name":"Liars Game","player_choice":"disagreed","floor":4.0,"damage_taken":0.0},{"event_name":"Ghosts","player_choice":"Ignored","floor":19,"damage_taken":0},{"event_name":"Upgrade Shrine","player_choice":"Upgraded","floor":20,"damage_taken":0}],"is_beta":false,"boss_relics":[{"not_picked":["Coffee Dripper","Ectoplasm"],"picked":"Inserter"}],"items_purged_floors":[14,21],"is_endless":false,"potions_floor_spawned":[7,11,13,16,18,24],"killed_by":"Centurion and Healer","ascension_level":0}