{"gold_per_floor":[112,112,112,112,112,140,160,191,191,209,209,220,233,245,245,342,342,361,378,156,172,172,205,205,231,231,247,261,286,297,171,171,270,270,289,303,315,60,60,87,87,114,141,141,151,151,183,203,203,203,203,203,16,45,45],"floor_reached":55,"playtime":3466,"items_purged":["Strike_R","Strike_R"],"score":1103,"play_id":"794a5ab6-9684-4204-8d0a-a91bbc11405c","local_time":"20190217110658","is_ascension_mode":true,"campfire_choices":[{"data":"Body Slam","floor":11.0,"key":"SMITH"},{"data":"Armaments","floor":15.0,"key":"SMITH"},{"data":"Barricade","floor":24.0,"key":"SMITH"},{"data":"Body Slam","floor":32.0,"key":"SMITH"},{"data":"Madness","floor":41.0,"key":"SMITH"},{"data":"Madness","floor":46.0,"key":"SMITH"},{"floor":49.0,"key":"RECALL"},{"data":"Berserk","floor":52.0,"key":"SMITH"}],"neow_cost":"TEN_PERCENT_HP_LOSS","seed_source_timestamp":0,"circlet_count":0,"master_deck":["Strike_R+1","Defend_R","Defend_R","Defend_R","Bash","Body Slam+1","Shrug It Off+1","Body Slam+1","Flame Barrier","Flame Barrier","Armaments+1","Iron Wave","Iron Wave","Spot Weakness","Barricade+1","Body Slam+1","Demon Form","Impervious","Metallicize+1","Body Slam+1","Battle Trance+1","Shrug It Off+1","Berserk+1","Ghostly Armor","Madness+1","Madness+1","Warcry+1","Battle Trance+1","Body Slam+1","Mayhem","Evolve+1"],"special_seed":0,"relics":["Burning Blood","Prayer Wheel","Self Forming Clay","StoneCalendar","Mercury Hourglass","Runic Cube","Bronze Scales","Thread and Needle","Meat on the Bone","Charon\u0027s Ashes","Velvet Choker","Mummified Hand","Question Card","Bird Faced Urn","Pen Nib","War Paint","Lantern"],"potions_floor_usage":[55],"damage_taken":[{"damage":6.0,"enemies":"Cultist","floor":1.0,"turns":3.0},{"damage":30.0,"enemies":"3 Sentries","floor":6.0,"turns":10.0},{"damage":1.0,"enemies":"Jaw Worm","floor":7.0,"turns":3.0},{"damage":22.0,"enemies":"Gremlin Nob","floor":8.0,"turns":5.0},{"damage":0.0,"enemies":"2 Louse","floor":10.0,"turns":2.0},{"damage":0.0,"enemies":"Exordium Wildlife","floor":12.0,"turns":2.0},{"damage":0.0,"enemies":"Lots of Slimes","floor":13.0,"turns":3.0},{"damage":5.0,"enemies":"Gremlin Gang","floor":14.0,"turns":3.0},{"damage":21.0,"enemies":"The Guardian","floor":16.0,"turns":12.0},{"damage":0.0,"enemies":"Shell Parasite","floor":18.0,"turns":5.0},{"damage":7.0,"enemies":"Chosen","floor":19.0,"turns":5.0},{"damage":12.0,"enemies":"3 Cultists","floor":21.0,"turns":4.0},{"damage":32.0,"enemies":"Gremlin Leader","floor":23.0,"turns":7.0},{"damage":8.0,"enemies":"Slavers","floor":25.0,"turns":6.0},{"damage":1.0,"enemies":"Centurion and Healer","floor":27.0,"turns":7.0},{"damage":20.0,"enemies":"Snake Plant","floor":28.0,"turns":3.0},{"damage":30.0,"enemies":"Gremlin Leader","floor":29.0,"turns":7.0},{"damage":0.0,"enemies":"3 Cultists","floor":30.0,"turns":4.0},{"damage":2.0,"enemies":"Automaton","floor":33.0,"turns":8.0},{"damage":34.0,"enemies":"3 Darklings","floor":35.0,"turns":4.0},{"damage":0.0,"enemies":"3 Shapes","floor":36.0,"turns":3.0},{"damage":0.0,"enemies":"Sphere and 2 Shapes","floor":37.0,"turns":7.0},{"damage":23.0,"enemies":"Reptomancer","floor":40.0,"turns":6.0},{"damage":0.0,"enemies":"Giant Head","floor":42.0,"turns":6.0},{"damage":12.0,"enemies":"Spire Growth","floor":45.0,"turns":5.0},{"damage":8.0,"enemies":"Nemesis","floor":47.0,"turns":7.0},{"damage":0.0,"enemies":"3 Darklings","floor":48.0,"turns":7.0},{"damage":63.0,"enemies":"Time Eater","floor":50.0,"turns":10.0},{"damage":31,"enemies":"Shield and Spear","floor":54,"turns":4},{"damage":75,"enemies":"The Heart","floor":55,"turns":8}],"seed_played":"8750602247013908857","potions_obtained":[{"floor":6.0,"key":"AttackPotion"},{"floor":12.0,"key":"Ancient Potion"},{"floor":13.0,"key":"Block Potion"},{"floor":16.0,"key":"Explosive Potion"},{"floor":23.0,"key":"EssenceOfSteel"},{"floor":27.0,"key":"BloodPotion"},{"floor":29.0,"key":"Regen Potion"},{"floor":37.0,"key":"FairyPotion"}],"is_trial":false,"path_per_floor":["M","?","?","?","?","E","M","E","T","M","R","M","M","M","R","B",null,"M","M","$","M","?","E","R","E","T","M","M","E","M","$","R","B",null,"M","M","M","$","?","E","R","E","T","?","M","R","E","M","R","B",null,"R","$","E","B"],"character_chosen":"IRONCLAD","items_purchased":["Bronze Scales","Shrug It Off","Mummified Hand","Mayhem"],"campfire_rested":0,"item_purchase_floors":[20,31,38,53],"current_hp_per_floor":[72,65,65,65,51,27,32,16,16,22,22,28,34,35,35,20,59,65,64,64,58,58,32,32,30,30,47,45,33,51,51,51,55,68,52,58,64,64,55,50,50,56,56,56,54,54,58,70,70,46,66,66,66,49,0],"gold":45,"neow_bonus":"ONE_RARE_RELIC","is_prod":false,"is_daily":false,"chose_seed":false,"campfire_upgraded":7,"win_rate":0,"timestamp":1550390818,"path_taken":["M","?","?","?","?","E","M","E","T","M","R","?","?","M","R","BOSS","M","M","$","M","?","E","R","E","T","?","M","E","M","$","R","BOSS","M","M","M","$","?","E","R","E","T","?","M","R","E","M","R","BOSS","R","$","E","BOSS"],"build_version":"2019-01-23","purchased_purges":2,"victory":false,"max_hp_per_floor":[72,72,72,72,72,72,72,72,72,72,72,72,72,72,72,72,72,72,72,72,72,72,72,72,72,72,72,72,72,72,72,72,72,72,72,72,72,72,72,72,72,72,72,72,72,72,72,72,72,72,72,72,72,72,72],"card_choices":[{"not_picked":["Sword Boomerang","Thunderclap"],"picked":"Body Slam","floor":1.0},{"not_picked":["Clash","Reaper"],"picked":"Shrug It Off","floor":1.0},{"not_picked":["Burning Pact","Hemokinesis"],"picked":"Body Slam","floor":6.0},{"not_picked":["Spot Weakness","Warcry"],"picked":"Flame Barrier","floor":7.0},{"not_picked":["Rupture","Infernal Blade","Hemokinesis"],"picked":"SKIP","floor":7.0},{"not_picked":["Perfected Strike","Flex"],"picked":"Flame Barrier","floor":8.0},{"not_picked":["Fire Breathing","Body Slam"],"picked":"Armaments","floor":10.0},{"not_picked":["True Grit","Thunderclap","Bludgeon"],"picked":"SKIP","floor":10.0},{"not_picked":["Perfected Strike","Warcry","Wild Strike"],"picked":"SKIP","floor":12.0},{"not_picked":["Bloodletting","Heavy Blade","Power Through"],"picked":"SKIP","floor":12.0},{"not_picked":["Heavy Blade","Wild Strike"],"picked":"Iron Wave","floor":13.0},{"not_picked":["Anger","Cleave","Heavy Blade"],"picked":"SKIP","floor":13.0},{"not_picked":["Havoc","Warcry"],"picked":"Iron Wave","floor":14.0},{"not_picked":["Uppercut","Armaments"],"picked":"Spot Weakness","floor":14.0},{"not_picked":["Double Tap","Offering"],"picked":"Barricade","floor":16.0},{"not_picked":["Clothesline","Iron Wave","Warcry"],"picked":"SKIP","floor":18.0},{"not_picked":["Corruption+1","Wild Strike","Twin Strike"],"picked":"SKIP","floor":18.0},{"not_picked":["Havoc","True Grit"],"picked":"Body Slam","floor":19.0},{"not_picked":["Flex","Burning Pact","Combust"],"picked":"SKIP","floor":19.0},{"not_picked":["Clothesline","Flame Barrier"],"picked":"Demon Form","floor":21.0},{"not_picked":["Perfected Strike","Wild Strike","Sword Boomerang+1"],"picked":"SKIP","floor":21.0},{"not_picked":["Evolve","Metallicize"],"picked":"Impervious","floor":23.0},{"not_picked":["Perfected Strike+1","Rampage","Fiend Fire"],"picked":"SKIP","floor":25.0},{"not_picked":["Dropkick","Havoc+1","Thunderclap"],"picked":"SKIP","floor":27.0},{"not_picked":["Heavy Blade","Flex","Intimidate"],"picked":"SKIP","floor":27.0},{"not_picked":["Pommel Strike+1","Dropkick"],"picked":"Metallicize+1","floor":28.0},{"not_picked":["Clash","Clothesline","Armaments"],"picked":"SKIP","floor":28.0},{"not_picked":["Pommel Strike","Carnage"],"picked":"Body Slam+1","floor":29.0},{"not_picked":["Demon Form","Thunderclap"],"picked":"Battle Trance","floor":30.0},{"not_picked":["Sword Boomerang","Clash+1","Heavy Blade"],"picked":"SKIP","floor":30.0},{"not_picked":["Brutality","Feed"],"picked":"Berserk","floor":33.0},{"not_picked":["Power Through","Headbutt+1","True Grit+1"],"picked":"SKIP","floor":35.0},{"not_picked":["Havoc","Perfected Strike+1","Headbutt"],"picked":"SKIP","floor":35.0},{"not_picked":["Havoc+1","Blood for Blood"],"picked":"Ghostly Armor","floor":36.0},{"not_picked":["Iron Wave+1","Second Wind","Cleave+1"],"picked":"SKIP","floor":36.0},{"not_picked":["Flex+1","Havoc","Whirlwind"],"picked":"SKIP","floor":37.0},{"not_picked":["Berserk","Warcry+1","Havoc+1"],"picked":"SKIP","floor":37.0},{"not_picked":["Pummel","Rage"],"picked":"Warcry+1","floor":40.0},{"not_picked":["Armaments","Reaper","Wild Strike","Heavy Blade+1"],"picked":"SKIP","floor":42.0},{"not_picked":["Perfected Strike+1","Pommel Strike","Clothesline+1"],"picked":"Battle Trance+1","floor":45.0},{"not_picked":["Spot Weakness","Sword Boomerang","Perfected Strike","Havoc+1"],"picked":"SKIP","floor":45.0},{"not_picked":["Combust+1","Armaments","Thunderclap","Uppercut"],"picked":"SKIP","floor":47.0},{"not_picked":["Combust","Headbutt","Armaments+1"],"picked":"Body Slam+1","floor":48.0},{"not_picked":["True Grit+1","Infernal Blade","Fire Breathing","Brutality"],"picked":"SKIP","floor":48.0},{"not_picked":["Clothesline","Battle Trance+1","Corruption"],"picked":"Evolve+1","floor":54}],"player_experience":307037,"relics_obtained":[{"floor":6.0,"key":"Self Forming Clay"},{"floor":8.0,"key":"StoneCalendar"},{"floor":9.0,"key":"Mercury Hourglass"},{"floor":23.0,"key":"Thread and Needle"},{"floor":25.0,"key":"Meat on the Bone"},{"floor":29.0,"key":"Charon\u0027s Ashes"},{"floor":40.0,"key":"Question Card"},{"floor":42.0,"key":"Bird Faced Urn"},{"floor":43.0,"key":"Pen Nib"},{"floor":47.0,"key":"War Paint"},{"floor":54,"key":"Lantern"}],"event_choices":[{"cards_removed":["Strike_R"],"damage_healed":0.0,"max_hp_gain":0.0,"max_hp_loss":0.0,"gold_gain":0.0,"event_name":"Golden Wing","player_choice":"Card Removal","floor":2.0,"gold_loss":0.0,"damage_taken":7.0},{"cards_removed":["Defend_R"],"damage_healed":0.0,"max_hp_gain":0.0,"max_hp_loss":0.0,"gold_gain":0.0,"event_name":"Living Wall","player_choice":"Forget","floor":3.0,"gold_loss":0.0,"damage_taken":0.0},{"damage_healed":0.0,"max_hp_gain":0.0,"max_hp_loss":0.0,"gold_gain":0.0,"event_name":"Liars Game","player_choice":"Ignored","floor":4.0,"gold_loss":0.0,"damage_taken":0.0},{"damage_healed":0.0,"max_hp_gain":0.0,"max_hp_loss":0.0,"gold_gain":0.0,"event_name":"Shining Light","player_choice":"Entered Light","floor":5.0,"gold_loss":0.0,"damage_taken":14.0,"cards_upgraded":["Shrug It Off","Strike_R"]},{"damage_healed":0.0,"max_hp_gain":0.0,"max_hp_loss":0.0,"gold_gain":0.0,"event_name":"Upgrade Shrine","player_choice":"Upgraded","floor":22.0,"gold_loss":0.0,"damage_taken":0.0,"cards_upgraded":["Body Slam"]},{"damage_healed":0.0,"max_hp_gain":0.0,"max_hp_loss":0.0,"gold_gain":0.0,"event_name":"Winding Halls","player_choice":"Embrace Madness","floor":39.0,"gold_loss":0.0,"damage_taken":9.0,"cards_obtained":["Madness","Madness"]},{"cards_removed":["Strike_R"],"damage_healed":0.0,"max_hp_gain":0.0,"max_hp_loss":0.0,"gold_gain":0.0,"event_name":"Purifier","player_choice":"Purged","floor":44.0,"gold_loss":0.0,"damage_taken":0.0}],"is_beta":false,"boss_relics":[{"not_picked":["Cursed Key","Eternal Feather"],"picked":"Runic Cube"},{"not_picked":["Astrolabe","Black Star"],"picked":"Velvet Choker"}],"items_purged_floors":[20,31],"is_endless":false,"potions_floor_spawned":[6,12,13,16,23,27,29,37,40,45],"killed_by":"The Heart","ascension_level":6}