{"gold_per_floor":[116,116,141,157,176,176,176,201,272,77,100,100,100,70,70,198,198,123],"floor_reached":18,"playtime":778,"items_purged":["Injury"],"score":152,"play_id":"025afd19-ca43-435a-829e-2e6f13cfabb7","local_time":"20190224074548","is_ascension_mode":false,"campfire_choices":[{"data":"Footwork","floor":6,"key":"SMITH"},{"data":"Catalyst","floor":12,"key":"SMITH"},{"data":"Caltrops","floor":15,"key":"SMITH"}],"neow_cost":"NONE","seed_source_timestamp":990590295382759,"circlet_count":0,"master_deck":["Defend_G","Defend_G","Defend_G","Defend_G","Defend_G","Strike_G","Strike_G","Strike_G","Survivor","Neutralize","Footwork+1","Deadly Poison","Catalyst+1","Caltrops+1","Blur","Poisoned Stab","Burst"],"relics":["Ring of the Snake","NeowsBlessing","Golden Idol","Sundial","Incense Burner","Empty Cage"],"potions_floor_usage":[16,16,16,16,16,16,18],"damage_taken":[{"damage":0,"enemies":"Jaw Worm","floor":1,"turns":1},{"damage":0,"enemies":"2 Louse","floor":3,"turns":1},{"damage":0,"enemies":"Small Slimes","floor":4,"turns":1},{"damage":4,"enemies":"2 Fungi Beasts","floor":5,"turns":6},{"damage":1,"enemies":"Blue Slaver","floor":8,"turns":4},{"damage":19,"enemies":"Exordium Thugs","floor":11,"turns":7},{"damage":0,"enemies":"Looter","floor":14,"turns":4},{"damage":23,"enemies":"Slime Boss","floor":16,"turns":15},{"damage":14,"enemies":"2 Thieves","floor":18,"turns":4}],"seed_played":"-1125051803545171420","potions_obtained":[{"floor":4,"key":"EntropicBrew"},{"floor":8,"key":"PowerPotion"},{"floor":11,"key":"SpeedPotion"},{"floor":16,"key":"Dexterity Potion"}],"is_trial":false,"path_per_floor":["M","?","M","M","M","R","?","M","T","$","M","R","?","M","R","B",null,"M"],"character_chosen":"THE_SILENT","items_purchased":["Catalyst","Caltrops"],"campfire_rested":0,"item_purchase_floors":[10,10],"current_hp_per_floor":[70,70,70,70,66,66,66,65,65,65,46,46,46,46,46,23,70,56],"gold":123,"neow_bonus":"THREE_ENEMY_KILL","is_prod":false,"is_daily":false,"chose_seed":false,"campfire_upgraded":3,"win_rate":0,"timestamp":1551012348,"path_taken":["M","?","M","M","M","R","?","M","T","$","M","R","?","M","R","BOSS","M"],"build_version":"2019-01-23","purchased_purges":1,"victory":false,"max_hp_per_floor":[70,70,70,70,70,70,70,70,70,70,70,70,70,70,70,70,70,70],"card_choices":[{"not_picked":["Underhanded Strike","Masterful Stab","Concentrate"],"picked":"SKIP","floor":1},{"not_picked":["Calculated Gamble","Dash"],"picked":"Footwork","floor":3},{"not_picked":["Quick Slash","Infinite Blades","Reflex"],"picked":"SKIP","floor":4},{"not_picked":["Underhanded Strike","Quick Slash"],"picked":"Deadly Poison","floor":5},{"not_picked":["Backstab","Flying Knee","Acrobatics"],"picked":"SKIP","floor":8},{"not_picked":["Deflect","Underhanded Strike"],"picked":"Blur","floor":11},{"not_picked":["Blade Dance","Dodge and Roll"],"picked":"Poisoned Stab","floor":14},{"not_picked":["Wraith Form v2","Grand Finale"],"picked":"Burst","floor":16}],"player_experience":483579,"relics_obtained":[{"floor":9,"key":"Sundial"}],"event_choices":[{"damage_healed":0,"gold_gain":0,"player_choice":"Take Wound","damage_taken":0,"relics_obtained":["Golden Idol"],"max_hp_gain":0,"max_hp_loss":0,"event_name":"Golden Idol","floor":2,"gold_loss":0,"cards_obtained":["Injury"]},{"damage_healed":0,"gold_gain":0,"player_choice":"Ignored","damage_taken":0,"max_hp_gain":0,"max_hp_loss":0,"event_name":"Liars Game","floor":7,"gold_loss":0},{"damage_healed":0,"gold_gain":0,"player_choice":"Searched \u00271\u0027 times","damage_taken":0,"relics_obtained":["Incense Burner"],"max_hp_gain":0,"max_hp_loss":0,"event_name":"Dead Adventurer","floor":13,"gold_loss":0}],"is_beta":false,"boss_relics":[{"not_picked":["Fusion Hammer","Lizard Tail"],"picked":"Empty Cage"}],"items_purged_floors":[10],"is_endless":false,"potions_floor_spawned":[4,8,11,16],"killed_by":"2 Thieves","ascension_level":0}