{"path_per_floor":["M","M","?","M","$","R","?","$","T","M","M","M","R","M","R","B",null,"M","?","M","T","$","R","E","R","T","M","M","R","M","M","R","B",null,"M","M","M","$","M","R","E","$","T","E","R","$","T","M","R","B"],"character_chosen":"THE_SILENT","items_purchased":["Toxic Egg 2","Dodge and Roll","Block Potion","Well Laid Plans","Malaise","Dodge and Roll","Blur"],"gold_per_floor":[116,129,304,318,5,5,65,14,14,26,41,11,11,25,25,127,127,138,83,93,93,41,41,74,74,74,85,105,105,118,136,136,241,241,256,269,282,27,39,39,66,40,64,92,92,24,24,38,38,38],"floor_reached":51,"campfire_rested":4,"playtime":3764,"current_hp_per_floor":[60,53,53,53,53,53,32,32,32,30,24,21,42,44,44,30,63,52,52,36,36,36,36,48,48,48,29,28,28,18,7,30,17,63,56,34,34,34,15,39,38,38,38,40,40,40,40,42,67,67],"items_purged":["Doubt","Infinite Blades"],"gold":38,"score":1270,"play_id":"da439239-325b-476d-a568-3d8032addba3","local_time":"20180327191928","is_prod":false,"is_daily":false,"is_ascension_mode":true,"campfire_upgraded":6,"timestamp":1522145968,"path_taken":["M","M","?","M","$","R","?","$","T","M","M","M","R","?","R","BOSS","M","?","M","?","?","R","E","R","T","M","M","R","M","?","R","BOSS","M","M","?","?","M","R","E","$","T","E","R","$","?","M","R","BOSS"],"build_version":"2018-03-22v2","purchased_purges":2,"victory":true,"master_deck":["Survivor+1","Neutralize+1","AscendersBane","Dash","Noxious Fumes+1","Noxious Fumes+1","Footwork+1","Dodge and Roll+1","Outmaneuver+1","Deflect+1","Burst+1","Quick Slash","Backflip+1","Cloak And Dagger+1","Prepared+1","PiercingWail+1","Crippling Poison+1","Sucker Punch","Prepared+1","Acrobatics+1","Reflex+1","Heel Hook+1","Malaise+1","Malaise+1","Concentrate+1","Adrenaline+1","Deflect+1","Cloak And Dagger+1","Slice+1","Well Laid Plans+1","Malaise+1","Tactician+1","Dodge and Roll+1","Blur+1"],"max_hp_per_floor":[70,70,70,70,70,70,70,70,70,72,72,72,72,74,74,74,74,74,74,76,76,76,76,76,76,76,76,76,76,76,78,78,78,78,78,78,78,78,80,80,80,80,80,82,82,82,82,84,84,84],"relics":["Ring of the Snake","Singing Bowl","Toxic Egg 2","Tingsha","Calipers","Pandora\u0027s Box","Tiny Chest","Unceasing Top","Pen Nib","Torii","Lizard Tail","Thread and Needle","Anchor","Frozen Egg 2","Ginger"],"card_choices":[{"not_picked":["Underhanded Strike","Dagger Throw"],"picked":"Dash","floor":1},{"not_picked":["Deflect","Leg Sweep"],"picked":"Noxious Fumes","floor":2},{"not_picked":["Die Die Die","Flying Knee"],"picked":"Noxious Fumes","floor":4},{"not_picked":["Cloak And Dagger","PiercingWail"],"picked":"Footwork","floor":7},{"not_picked":["Backstab","Dagger Throw"],"picked":"Outmaneuver","floor":11},{"not_picked":["Slice","Masterful Stab"],"picked":"Deflect","floor":12},{"not_picked":["Storm of Steel","Bullet Time"],"picked":"Burst","floor":16},{"not_picked":["Dodge and Roll","Sucker Punch"],"picked":"Reflex","floor":18},{"not_picked":["Poisoned Stab","Prepared"],"picked":"Heel Hook","floor":24},{"not_picked":["Terror","Backflip"],"picked":"Malaise","floor":27},{"not_picked":["Skewer","Acrobatics"],"picked":"Malaise","floor":28},{"not_picked":["Eviscerate","PiercingWail"],"picked":"Concentrate","floor":30},{"not_picked":["Unload","Tactician"],"picked":"Adrenaline","floor":33},{"not_picked":["Deadly Poison","Slice"],"picked":"Deflect","floor":35},{"not_picked":["Dagger Throw","Setup"],"picked":"Cloak And Dagger","floor":36},{"not_picked":["Cloak And Dagger","Poisoned Stab"],"picked":"Slice","floor":37},{"not_picked":["Cloak And Dagger","Flechettes"],"picked":"Tactician","floor":41}],"player_experience":373410,"potions_floor_usage":[7,14,16,24,24,27,33,50,50,50],"damage_taken":[{"damage":3,"enemies":"Jaw Worm","floor":1,"turns":6},{"damage":7,"enemies":"Small Slimes","floor":2,"turns":4},{"damage":0,"enemies":"Cultist","floor":4,"turns":5},{"damage":21,"enemies":"Lagavulin Event","floor":7,"turns":8},{"damage":4,"enemies":"Exordium Wildlife","floor":10,"turns":5},{"damage":6,"enemies":"3 Louse","floor":11,"turns":4},{"damage":3,"enemies":"Looter","floor":12,"turns":4},{"damage":0,"enemies":"Exordium Thugs","floor":14,"turns":5},{"damage":14,"enemies":"The Guardian","floor":16,"turns":12},{"damage":11,"enemies":"Chosen","floor":18,"turns":7},{"damage":18,"enemies":"3 Byrds","floor":20,"turns":6},{"damage":0,"enemies":"Gremlin Leader","floor":24,"turns":7},{"damage":19,"enemies":"Cultist and Chosen","floor":27,"turns":6},{"damage":1,"enemies":"Snake Plant","floor":28,"turns":5},{"damage":10,"enemies":"Slaver and Parasite","floor":30,"turns":7},{"damage":13,"enemies":"Chosen and Byrds","floor":31,"turns":8},{"damage":13,"enemies":"Collector","floor":33,"turns":10},{"damage":7,"enemies":"3 Darklings","floor":35,"turns":5},{"damage":22,"enemies":"3 Shapes","floor":36,"turns":5},{"damage":0,"enemies":"Maw","floor":37,"turns":7},{"damage":21,"enemies":"3 Darklings","floor":39,"turns":4},{"damage":1,"enemies":"Nemesis","floor":41,"turns":7},{"damage":0,"enemies":"Giant Head","floor":44,"turns":8},{"damage":0,"enemies":"Sphere and 2 Shapes","floor":48,"turns":6},{"damage":0,"enemies":"Awakened One","floor":50,"turns":17}],"event_choices":[{"event_name":"Liars Game","player_choice":"agreed","floor":3,"damage_taken":0},{"event_name":"Dead Adventurer","player_choice":"Searched \u00273\u0027 times","floor":7,"damage_taken":0},{"event_name":"Addict","player_choice":"Obtained Relic","floor":19,"damage_taken":0}],"boss_relics":[{"not_picked":["Cursed Key","Eternal Feather"],"picked":"Pandora\u0027s Box"},{"not_picked":["Tiny House","Snecko Eye"],"picked":"Lizard Tail"}],"potions_floor_spawned":[4,7,11,16,20,24,30,36,48],"seed_played":"-4389503465623103961","ascension_level":12,"is_trial":false}