{"gold_per_floor":[11,31,31,48,48,76,76,92,165,192,192,205,166,146],"floor_reached":14,"playtime":395,"items_purged":[],"score":190,"play_id":"ce60db44-57a5-4a3c-a334-06cfde18ef66","local_time":"20181001115106","is_ascension_mode":true,"campfire_choices":[{"floor":7,"key":"REST"}],"neow_cost":"NO_GOLD","seed_source_timestamp":1446173528364307,"circlet_count":0,"master_deck":["Strike_B","Strike_B","Strike_B","Defend_B","Defend_B","Defend_B","Zap","Dualcast","AscendersBane","Sweeping Beam","Streamline","Double Energy","Sunder","Capacitor","Streamline","FTL","Undo+1"],"relics":["Cracked Core","Calipers","Toxic Egg 2","Orichalcum"],"potions_floor_usage":[12,12],"damage_taken":[{"damage":3,"enemies":"2 Louse","floor":1,"turns":2},{"damage":5,"enemies":"Small Slimes","floor":2,"turns":3},{"damage":1,"enemies":"Cultist","floor":4,"turns":3},{"damage":50,"enemies":"3 Sentries","floor":6,"turns":8},{"damage":1,"enemies":"2 Fungi Beasts","floor":8,"turns":2},{"damage":30,"enemies":"Lagavulin","floor":10,"turns":6},{"damage":6,"enemies":"Exordium Wildlife","floor":12,"turns":2},{"damage":5,"enemies":"Looter","floor":14,"turns":1}],"seed_played":"1934343595825720672","potions_obtained":[{"floor":4,"key":"GamblersBrew"},{"floor":6,"key":"Ancient Potion"},{"floor":10,"key":"Explosive Potion"}],"is_trial":false,"path_per_floor":["M","M","?","M","?","E","R","M","T","E","?","M","$"],"character_chosen":"DEFECT","items_purchased":["Undo+1"],"campfire_rested":1,"item_purchase_floors":[13],"current_hp_per_floor":[61,56,45,44,67,17,38,37,37,7,7,1,1,0],"gold":146,"neow_bonus":"REMOVE_TWO","is_prod":false,"is_daily":false,"chose_seed":false,"campfire_upgraded":0,"win_rate":0,"timestamp":1538409066,"path_taken":["M","M","?","M","?","E","R","M","T","E","?","?","?","M"],"build_version":"2018-09-27","purchased_purges":0,"victory":false,"max_hp_per_floor":[71,71,71,71,71,71,71,71,71,71,71,71,71,71],"card_choices":[{"not_picked":["Reprogram","Aggregate"],"picked":"Sweeping Beam","floor":1},{"not_picked":["Conserve Battery","Steam"],"picked":"Streamline","floor":2},{"not_picked":["Reinforced Body","Scrape"],"picked":"Double Energy","floor":4},{"not_picked":["Hologram","Rebound"],"picked":"Sunder","floor":6},{"not_picked":["Steam Power","Hello World"],"picked":"Capacitor","floor":8},{"not_picked":["Consume+1","Cold Snap"],"picked":"Streamline","floor":10},{"not_picked":["Gash","Barrage"],"picked":"FTL","floor":12}],"player_experience":293431,"relics_obtained":[{"floor":6,"key":"Calipers"},{"floor":9,"key":"Toxic Egg 2"},{"floor":10,"key":"Orichalcum"}],"event_choices":[{"event_name":"Scrap Ooze","player_choice":"unsuccessful","floor":3,"damage_taken":11},{"event_name":"Big Fish","player_choice":"Banana","floor":5,"damage_taken":0},{"event_name":"Golden Idol","player_choice":"Ignored","floor":11,"damage_taken":0}],"is_beta":false,"boss_relics":[],"items_purged_floors":[],"is_endless":false,"potions_floor_spawned":[4,6,10],"killed_by":"Looter","ascension_level":18}