{"gold_per_floor":[114,125,125,146,169,23,56,56,56,56,89,114,79,97,97,220,220,241,241,71,95,20,36,59,59,114,42,42,42,78,101,101,229,229,248,11,11,24,38,72,37,60,60,60,60,60,96,121,133,145,157,169,28,63,63],"floor_reached":55,"playtime":4863,"items_purged":["Injury","Strike_B"],"score":1045,"play_id":"5a62286f-6f59-467b-b0ab-951c2e71173c","local_time":"20181117051215","is_ascension_mode":true,"campfire_choices":[{"data":"Recycle","floor":10,"key":"SMITH"},{"data":"Defragment","floor":15,"key":"SMITH"},{"data":"Zap","floor":28,"key":"SMITH"},{"floor":32,"key":"RECALL"},{"data":"Defragment","floor":46,"key":"SMITH"},{"data":"Tempest","floor":49,"key":"SMITH"},{"data":"Coolheaded","floor":52,"key":"SMITH"}],"neow_cost":"PERCENT_DAMAGE","seed_source_timestamp":56156287457982,"circlet_count":0,"master_deck":["Strike_B","Defend_B","Defend_B","Defend_B","Zap+1","Dualcast+1","Glacier","Recycle+1","Barrage","Undo","Capacitor","Self Repair","Blizzard","Reinforced Body","Defragment+1","Conserve Battery","Echo Form","Self Repair+1","Ghostly","Ghostly","Ghostly","Ghostly","Ghostly+1","White Noise","Ball Lightning","FTL","Glacier","Fusion","Ball Lightning","Hologram","Leap","Tempest+1","Core Surge","Leap+1","Electrodynamics","Coolheaded+1","Cold Snap","Redo+1","Stack+1","Defragment+1","FTL+1","Madness","Madness","Hello World","Go for the Eyes+1","Buffer","Barrage+1"],"relics":["Cracked Core","Golden Idol","Omamori","Meat on the Bone","Busted Crown","War Paint","WarpedTongs","Letter Opener","Inserter","Torii","Mummified Hand","SsserpentHead","MawBank","Symbiotic Virus"],"potions_floor_usage":[11,16,39,39,50,55,55],"damage_taken":[{"damage":4,"enemies":"Small Slimes","floor":1,"turns":3},{"damage":2,"enemies":"Cultist","floor":2,"turns":4},{"damage":1,"enemies":"Jaw Worm","floor":4,"turns":4},{"damage":15,"enemies":"Exordium Thugs","floor":5,"turns":5},{"damage":14,"enemies":"Gremlin Nob","floor":7,"turns":5},{"damage":34,"enemies":"3 Sentries","floor":11,"turns":12},{"damage":0,"enemies":"Large Slime","floor":12,"turns":5},{"damage":8,"enemies":"Blue Slaver","floor":14,"turns":5},{"damage":12,"enemies":"Slime Boss","floor":16,"turns":15},{"damage":18,"enemies":"Spheric Guardian","floor":18,"turns":6},{"damage":8,"enemies":"Chosen","floor":21,"turns":8},{"damage":2,"enemies":"Centurion and Healer","floor":23,"turns":9},{"damage":40,"enemies":"3 Cultists","floor":24,"turns":8},{"damage":18,"enemies":"Gremlin Leader","floor":30,"turns":8},{"damage":8,"enemies":"Shelled Parasite and Fungi","floor":31,"turns":5},{"damage":8,"enemies":"Automaton","floor":33,"turns":10},{"damage":3,"enemies":"3 Darklings","floor":35,"turns":7},{"damage":1,"enemies":"Orb Walker","floor":38,"turns":6},{"damage":5,"enemies":"Sphere and 2 Shapes","floor":39,"turns":5},{"damage":4,"enemies":"Giant Head","floor":40,"turns":11},{"damage":2,"enemies":"3 Darklings","floor":42,"turns":4},{"damage":3,"enemies":"Nemesis","floor":47,"turns":9},{"damage":30,"enemies":"Spire Growth","floor":48,"turns":5},{"damage":27,"enemies":"Donu and Deca","floor":50,"turns":7},{"damage":18,"enemies":"Shield and Spear","floor":54,"turns":7},{"damage":60,"enemies":"The Heart","floor":55,"turns":11}],"seed_played":"8211315366623668825","potions_obtained":[{"floor":1,"key":"Swift Potion"},{"floor":2,"key":"GamblersBrew"},{"floor":11,"key":"FearPotion"},{"floor":12,"key":"GamblersBrew"},{"floor":16,"key":"FocusPotion"},{"floor":24,"key":"Block Potion"},{"floor":40,"key":"Block Potion"},{"floor":42,"key":"PowerPotion"},{"floor":54,"key":"Regen Potion"}],"is_trial":false,"path_per_floor":["M","M","?","M","M","$","E","?","T","R","E","M","$","M","R","B",null,"M","?","$","M","?","M","M","?","T","$","R","?","E","M","R","B",null,"M","$","?","M","M","E","$","M","T","?","?","R","E","M","R","B",null,"R","$","E","B"],"character_chosen":"DEFECT","items_purchased":["Capacitor","Defragment","White Noise","Ball Lightning","Hologram","Electrodynamics","Coolheaded","Cold Snap","Defragment","Buffer"],"campfire_rested":0,"item_purchase_floors":[6,13,20,27,27,36,36,36,41,53],"current_hp_per_floor":[60,58,58,57,42,42,28,89,89,89,62,69,69,68,68,63,83,72,44,44,44,44,44,33,33,33,33,33,33,44,44,44,44,44,44,44,44,44,44,44,44,44,44,38,38,38,44,43,43,44,44,44,44,43,0],"gold":63,"neow_bonus":"TWENTY_PERCENT_HP_BONUS","is_prod":false,"is_daily":false,"chose_seed":false,"campfire_upgraded":6,"win_rate":0,"timestamp":1542427935,"path_taken":["M","M","?","M","M","$","E","?","T","R","E","M","$","?","R","BOSS","M","?","?","?","?","M","M","?","T","$","R","?","E","M","R","BOSS","M","$","?","?","M","E","$","M","T","?","?","R","E","M","R","BOSS","R","$","E","BOSS"],"build_version":"2018-11-15","purchased_purges":2,"victory":false,"max_hp_per_floor":[89,89,89,89,89,89,89,89,89,89,89,89,89,89,89,89,89,89,44,44,44,44,44,44,44,44,44,44,44,44,44,44,44,44,44,44,44,44,44,44,44,44,44,44,44,44,44,44,44,44,44,44,44,44,44],"card_choices":[{"not_picked":["Force Field","Sweeping Beam"],"picked":"Glacier","floor":1},{"not_picked":["Gash","Rebound"],"picked":"Recycle","floor":2},{"not_picked":["Redo","Stack"],"picked":"Barrage","floor":4},{"not_picked":["Conserve Battery","Compile Driver"],"picked":"Undo","floor":5},{"not_picked":["BootSequence","Hologram"],"picked":"Self Repair","floor":7},{"not_picked":["Turbo","Stack"],"picked":"Blizzard","floor":11},{"not_picked":["Hologram","Scrape"],"picked":"Reinforced Body","floor":12},{"not_picked":["Auto Shields","Gash"],"picked":"Conserve Battery","floor":14},{"not_picked":["Reboot","Creative AI"],"picked":"Echo Form","floor":16},{"not_picked":[],"picked":"Self Repair+1","floor":18},{"not_picked":["Beam Cell"],"picked":"SKIP","floor":21},{"not_picked":[],"picked":"Ball Lightning","floor":23},{"not_picked":[],"picked":"FTL","floor":24},{"not_picked":[],"picked":"Leap","floor":30},{"not_picked":[],"picked":"Tempest","floor":31},{"not_picked":[],"picked":"Core Surge","floor":33},{"not_picked":[],"picked":"Leap+1","floor":35},{"not_picked":[],"picked":"Redo+1","floor":38},{"not_picked":[],"picked":"Stack+1","floor":39},{"not_picked":["Beam Cell"],"picked":"SKIP","floor":40},{"not_picked":["Beam Cell"],"picked":"SKIP","floor":40},{"not_picked":[],"picked":"FTL+1","floor":42},{"not_picked":[],"picked":"Hello World","floor":47},{"not_picked":[],"picked":"Go for the Eyes+1","floor":48},{"not_picked":[],"picked":"Barrage+1","floor":54}],"player_experience":419753,"relics_obtained":[{"floor":7,"key":"Omamori"},{"floor":11,"key":"Meat on the Bone"},{"floor":26,"key":"War Paint"},{"floor":30,"key":"Letter Opener"},{"floor":40,"key":"Torii"},{"floor":43,"key":"Mummified Hand"},{"floor":47,"key":"MawBank"},{"floor":54,"key":"Symbiotic Virus"}],"event_choices":[{"damage_healed":0,"gold_gain":0,"player_choice":"Take Wound","damage_taken":0,"relics_obtained":["Golden Idol"],"max_hp_gain":0,"max_hp_loss":0,"event_name":"Golden Idol","floor":3,"gold_loss":0,"cards_obtained":["Injury"]},{"damage_healed":61,"gold_gain":0,"player_choice":"Full Heal","damage_taken":0,"max_hp_gain":0,"max_hp_loss":0,"event_name":"Wheel of Change","floor":8,"gold_loss":0},{"damage_healed":0,"gold_gain":0,"player_choice":"Became a Ghost","damage_taken":0,"max_hp_gain":0,"max_hp_loss":45,"event_name":"Ghosts","floor":19,"gold_loss":0,"cards_obtained":["Ghostly","Ghostly","Ghostly","Ghostly","Ghostly"]},{"cards_removed":["Defend_B"],"damage_healed":0,"gold_gain":0,"player_choice":"Gave Gold","damage_taken":0,"max_hp_gain":0,"max_hp_loss":0,"event_name":"Beggar","floor":22,"gold_loss":75},{"damage_healed":0,"gold_gain":0,"cards_transformed":["Strike_B","Strike_B"],"player_choice":"Became Test Subject","damage_taken":0,"max_hp_gain":0,"max_hp_loss":0,"event_name":"Drug Dealer","floor":25,"gold_loss":0,"cards_obtained":["Glacier","Fusion"]},{"damage_healed":0,"gold_gain":0,"player_choice":"Rummage","damage_taken":0,"relics_obtained":["WarpedTongs"],"max_hp_gain":0,"max_hp_loss":0,"event_name":"Accursed Blacksmith","floor":29,"gold_loss":0,"cards_obtained":["Pain"]},{"damage_healed":0,"gold_gain":0,"player_choice":"Full Heal","damage_taken":0,"max_hp_gain":0,"max_hp_loss":0,"event_name":"Wheel of Change","floor":37,"gold_loss":0},{"damage_healed":0,"gold_gain":0,"player_choice":"Embrace Madness","damage_taken":6,"max_hp_gain":0,"max_hp_loss":0,"event_name":"Winding Halls","floor":44,"gold_loss":0,"cards_obtained":["Madness","Madness"]},{"damage_healed":0,"gold_gain":0,"player_choice":"Trade","damage_taken":0,"relics_obtained":["SsserpentHead"],"max_hp_gain":0,"max_hp_loss":0,"event_name":"FaceTrader","floor":45,"gold_loss":0}],"is_beta":true,"boss_relics":[{"not_picked":["Black Star","Runic Dome"],"picked":"Busted Crown"},{"not_picked":["FrozenCore","Calling Bell"],"picked":"Inserter"}],"items_purged_floors":[6,20],"is_endless":false,"potions_floor_spawned":[1,2,11,12,16,24,30,35,38,40,42,54],"killed_by":"The Heart","ascension_level":7}