{"gold_per_floor":[112,131,11,21,21,51,61,61,84,102,102,17,30,63,63,168,168,143,162,181,199,199],"floor_reached":22,"playtime":1210,"items_purged":[],"score":300,"play_id":"60b12663-504e-4c33-b2cb-186986ea61e4","local_time":"20190214041056","is_ascension_mode":true,"campfire_choices":[{"data":"Noxious Fumes","floor":8,"key":"SMITH"},{"data":"Terror","floor":11,"key":"SMITH"},{"data":"Footwork","floor":15,"key":"SMITH"}],"neow_cost":"NONE","seed_source_timestamp":669808918820700,"circlet_count":0,"master_deck":["Defend_G","Defend_G","Defend_G","Defend_G","Defend_G","Strike_G","Strike_G+1","Strike_G","Strike_G","Strike_G","Survivor","Neutralize","Footwork+1","All Out Attack","Noxious Fumes+1","Underhanded Strike+1","Escape Plan","Choke","Flechettes","Terror+1","PiercingWail","Skewer","Prepared","Doppelganger","After Image","Prepared+1","All Out Attack+1","Backflip","Crippling Poison+1"],"relics":["Ring of the Serpent","Vajra","Bag of Preparation","Whetstone","Ancient Tea Set"],"potions_floor_usage":[6,10,14,20,22],"damage_taken":[{"damage":7,"enemies":"Small Slimes","floor":1,"turns":5},{"damage":0,"enemies":"2 Louse","floor":2,"turns":4},{"damage":9,"enemies":"Jaw Worm","floor":4,"turns":4},{"damage":3,"enemies":"3 Sentries","floor":6,"turns":7},{"damage":0,"enemies":"Lots of Slimes","floor":7,"turns":1},{"damage":0,"enemies":"Gremlin Gang","floor":10,"turns":2},{"damage":0,"enemies":"Blue Slaver","floor":13,"turns":3},{"damage":20,"enemies":"Lagavulin","floor":14,"turns":5},{"damage":0,"enemies":"Slime Boss","floor":16,"turns":3},{"damage":24,"enemies":"2 Thieves","floor":18,"turns":5},{"damage":13,"enemies":"Spheric Guardian","floor":19,"turns":6},{"damage":14,"enemies":"3 Cultists","floor":20,"turns":4},{"damage":16,"enemies":"Shelled Parasite and Fungi","floor":21,"turns":7},{"damage":11,"enemies":"Masked Bandits","floor":22,"turns":3}],"seed_played":"-5802444340539475927","potions_obtained":[{"floor":1,"key":"Poison Potion"},{"floor":2,"key":"Explosive Potion"},{"floor":4,"key":"PowerPotion"},{"floor":13,"key":"Regen Potion"},{"floor":19,"key":"Ancient Potion"},{"floor":21,"key":"FearPotion"}],"is_trial":false,"path_per_floor":["M","M","$","M","?","E","M","R","T","M","R","$","M","E","R","B",null,"M","M","M","M","?"],"character_chosen":"THE_SILENT","items_purchased":["Noxious Fumes","Underhanded Strike","PiercingWail","Skewer"],"campfire_rested":0,"item_purchase_floors":[3,3,12,12],"current_hp_per_floor":[70,70,70,61,28,25,25,25,25,25,25,25,25,19,19,19,77,53,40,26,10,0],"gold":199,"neow_bonus":"TEN_PERCENT_HP_BONUS","is_prod":false,"is_daily":false,"chose_seed":false,"campfire_upgraded":3,"win_rate":0,"timestamp":1550146256,"path_taken":["M","M","$","M","?","E","M","R","T","M","R","$","M","E","R","BOSS","M","M","M","M","?"],"build_version":"2019-01-23","purchased_purges":0,"victory":false,"max_hp_per_floor":[77,77,77,77,77,77,77,77,77,77,77,77,77,77,77,77,77,77,77,77,77,77],"card_choices":[{"not_picked":["Endless Agony","Masterful Stab"],"picked":"Footwork","floor":1},{"not_picked":["Prepared","Blade Dance"],"picked":"All Out Attack","floor":2},{"not_picked":["Prepared","Cloak And Dagger"],"picked":"Escape Plan","floor":4},{"not_picked":["Dagger Throw","Poisoned Stab"],"picked":"Choke","floor":6},{"not_picked":["Quick Slash","Tactician"],"picked":"Flechettes","floor":7},{"not_picked":["Sucker Punch","Acrobatics"],"picked":"Terror","floor":10},{"not_picked":["Slice","Outmaneuver"],"picked":"Prepared","floor":13},{"not_picked":["Catalyst","Slice"],"picked":"Doppelganger","floor":14},{"not_picked":["Venomology","Storm of Steel"],"picked":"After Image","floor":16},{"not_picked":["Dodge and Roll","Deflect"],"picked":"Prepared+1","floor":18},{"not_picked":["Sucker Punch+1","Flying Knee"],"picked":"All Out Attack+1","floor":19},{"not_picked":["Dodge and Roll","Terror"],"picked":"Backflip","floor":20},{"not_picked":["Dodge and Roll","Caltrops"],"picked":"Crippling Poison+1","floor":21}],"player_experience":690658,"relics_obtained":[{"floor":6,"key":"Bag of Preparation"},{"floor":9,"key":"Whetstone"},{"floor":14,"key":"Ancient Tea Set"}],"event_choices":[{"damage_healed":0,"gold_gain":0,"player_choice":"Success","damage_taken":33,"relics_obtained":["Vajra"],"max_hp_gain":0,"max_hp_loss":0,"event_name":"Scrap Ooze","floor":5,"gold_loss":0},{"damage_healed":0,"gold_gain":0,"player_choice":"Fought Bandits","damage_taken":0,"max_hp_gain":0,"max_hp_loss":0,"event_name":"Masked Bandits","floor":22,"gold_loss":0}],"is_beta":false,"boss_relics":[{"not_picked":["WristBlade","Coffee Dripper"],"picked":"Ring of the Serpent"}],"items_purged_floors":[],"is_endless":false,"potions_floor_spawned":[1,2,4,13,19,21],"killed_by":"Masked Bandits","ascension_level":4}