{"path_per_floor":["M","$","?","M","?","R","M","M","T","$","M","M","M","?","R","B",null,"M"],"character_chosen":"IRONCLAD","items_purchased":["Thunderclap","Pommel Strike"],"gold_per_floor":[119,49,49,66,66,66,78,93,143,68,85,99,115,115,115,214,214,225],"floor_reached":19,"campfire_rested":0,"playtime":781,"current_hp_per_floor":[40,40,40,30,30,30,27,33,33,33,33,26,20,40,40,9,62,14],"items_purged":["Strike_R"],"gold":225,"score":201,"play_id":"641c4ced-669b-4958-ace7-3ab00ce46d91","is_prod":false,"is_daily":false,"is_ascension_mode":true,"campfire_upgraded":2,"path_taken":["M","$","?","M","?","R","?","M","T","$","?","M","M","?","R","BOSS","M","M"],"build_version":"2018-02-08-PROD1","purchased_purges":1,"victory":false,"master_deck":["Strike_R","Strike_R","Strike_R","Defend_R","Defend_R","Defend_R","Bash","Thunderclap+1","Pommel Strike","Entrench+1","Headbutt","Rampage","Shrug It Off","Entrench+1","Parasite","Demon Form","Seeing Red","Iron Wave","Body Slam","Dropkick","Battle Trance"],"max_hp_per_floor":[80,80,80,80,80,80,80,80,80,80,80,80,80,80,80,80,80,80],"relics":["Burning Blood","Art of War","Orrery"],"card_choices":[{"not_picked":["Havoc","Flame Barrier"],"picked":"Entrench"},{"not_picked":["Clash","Iron Wave"],"picked":"Headbutt"},{"not_picked":["Thunderclap","Feel No Pain"],"picked":"Rampage"},{"not_picked":["Bludgeon","Flex"],"picked":"Shrug It Off"},{"not_picked":["Anger","Rampage"],"picked":"Entrench"},{"not_picked":["Berserk","Limit Break"],"picked":"Demon Form"},{"not_picked":["Clothesline","Heavy Blade"],"picked":"Seeing Red"},{"not_picked":["Body Slam","Sword Boomerang"],"picked":"Iron Wave"},{"not_picked":["Flex","Feel No Pain"],"picked":"Body Slam"},{"not_picked":["Clash","Sword Boomerang"],"picked":"Dropkick"},{"not_picked":["Feel No Pain","Heavy Blade"],"picked":"Battle Trance"}],"player_experience":185068,"potions_floor_usage":[16,16,16],"damage_taken":[{"damage":6,"enemies":"Cultist","floor":1,"turns":4},{"damage":16,"enemies":"Blue Slaver","floor":4,"turns":3},{"damage":9,"enemies":"Jaw Worm","floor":7,"turns":3},{"damage":0,"enemies":"Large Slime","floor":8,"turns":5},{"damage":6,"enemies":"3 Louse","floor":11,"turns":2},{"damage":13,"enemies":"Exordium Thugs","floor":12,"turns":3},{"damage":12,"enemies":"Gremlin Gang","floor":13,"turns":2},{"damage":37,"enemies":"The Guardian","floor":16,"turns":13},{"damage":54,"enemies":"3 Byrds","floor":18,"turns":6},{"damage":22,"enemies":"Spheric Guardian","floor":19,"turns":3}],"event_choices":[{"event_name":"The Lab","player_choice":"Got Potions","floor":3,"damage_taken":0},{"event_name":"Living Wall","player_choice":"Grow","floor":5,"damage_taken":0},{"event_name":"Mushrooms","player_choice":"Healed and dodged fight","floor":14,"damage_taken":0}],"boss_relics":[{"not_picked":["Eternal Feather","Philosopher\u0027s Stone"],"picked":"Orrery"}],"potions_floor_spawned":[7,8,13,16],"seed_played":"-2110489965705052777","killed_by":"Spheric Guardian","ascension_level":5,"is_trial":false}