{"gold_per_floor":[210,222,120,120,195,222,222,42,42,55,55,4,4,19,19,114,114,124,42,42,58,72,72,88,88,115,115,130,130,145,145,145,248,248,268,268,287,287,297,328,328,237,237,247,247,247,247,347,347,347,347,347,7,39,39],"floor_reached":55,"playtime":3106,"items_purged":["Defend_B"],"score":725,"play_id":"e5306247-95c7-49f2-945f-4a17972e3ee0","local_time":"20181228172915","is_ascension_mode":false,"campfire_choices":[{"floor":11,"key":"REST"},{"floor":13,"key":"REST"},{"data":"Defragment","floor":15,"key":"SMITH"},{"floor":23,"key":"RECALL"},{"floor":25,"key":"REST"},{"floor":27,"key":"REST"},{"floor":29,"key":"REST"},{"floor":32,"key":"REST"},{"floor":41,"key":"REST"},{"floor":46,"key":"REST"},{"floor":49,"key":"REST"},{"floor":52,"key":"REST"}],"neow_cost":"NONE","seed_source_timestamp":280206486216401,"circlet_count":0,"master_deck":["Strike_B","Strike_B+1","Strike_B","Strike_B","Defend_B","Defend_B","Defend_B","Zap","Dualcast+1","Cold Snap+1","Defragment+1","Cold Snap","Darkness+1","Apotheosis+1","Conserve Battery+1","Cold Snap","Cold Snap","Multi-Cast+1","Capacitor+1","Glacier+1","Chill+1","Conserve Battery+1","Fission+1","Cold Snap","Conserve Battery+1","Doom and Gloom+1","Capacitor","Conserve Battery+1","Multi-Cast+1"],"relics":["Cracked Core","DataDisk","Toxic Egg 2","Shuriken","Fusion Hammer","Pen Nib","Black Star","Blood Vial","Ancient Tea Set","Question Card","Prayer Wheel","FossilizedHelix","Happy Flower","Oddly Smooth Stone"],"potions_floor_usage":[6,24,37,47,50],"damage_taken":[{"damage":0,"enemies":"Small Slimes","floor":1,"turns":3},{"damage":5,"enemies":"2 Louse","floor":2,"turns":3},{"damage":18,"enemies":"Gremlin Nob","floor":6,"turns":4},{"damage":3,"enemies":"Jaw Worm","floor":10,"turns":3},{"damage":12,"enemies":"3 Louse","floor":14,"turns":4},{"damage":10,"enemies":"Hexaghost","floor":16,"turns":7},{"damage":17,"enemies":"3 Byrds","floor":18,"turns":5},{"damage":0,"enemies":"Chosen","floor":21,"turns":5},{"damage":8,"enemies":"Shelled Parasite and Fungi","floor":22,"turns":5},{"damage":0,"enemies":"Snake Plant","floor":24,"turns":4},{"damage":15,"enemies":"Centurion and Healer","floor":28,"turns":5},{"damage":1,"enemies":"Cultist and Chosen","floor":30,"turns":7},{"damage":6,"enemies":"Champ","floor":33,"turns":9},{"damage":10,"enemies":"3 Shapes","floor":35,"turns":5},{"damage":0,"enemies":"Orb Walker","floor":37,"turns":4},{"damage":0,"enemies":"Maw","floor":39,"turns":6},{"damage":26,"enemies":"Giant Head","floor":40,"turns":12},{"damage":17,"enemies":"Jaw Worm Horde","floor":44,"turns":8},{"damage":0,"enemies":"Spire Growth","floor":47,"turns":1},{"damage":0,"enemies":"Mind Bloom Boss Battle","floor":48,"turns":8},{"damage":17,"enemies":"Awakened One","floor":50,"turns":14},{"damage":32,"enemies":"Shield and Spear","floor":54,"turns":11},{"damage":46,"enemies":"The Heart","floor":55,"turns":2}],"seed_played":"3515084572497393748","potions_obtained":[{"floor":2,"key":"Strength Potion"},{"floor":6,"key":"Ancient Potion"},{"floor":21,"key":"Energy Potion"},{"floor":44,"key":"SmokeBomb"},{"floor":48,"key":"AttackPotion"}],"is_trial":false,"path_per_floor":["M","M","$","?","?","E","?","$","T","M","R","$","R","M","R","B",null,"M","$","?","M","M","R","M","R","T","R","M","R","M","$","R","B",null,"M","?","M","?","M","E","R","?","T","M","?","R","M","?","R","B",null,"R","$","E","B"],"character_chosen":"DEFECT","items_purchased":["Cold Snap","Apotheosis+1","Cold Snap","Capacitor","FossilizedHelix","Conserve Battery+1"],"campfire_rested":10,"item_purchase_floors":[3,8,12,19,53,53],"current_hp_per_floor":[75,70,70,67,56,38,23,23,23,20,42,42,64,52,52,42,75,58,58,58,58,50,50,50,72,72,75,60,75,74,74,75,69,75,65,65,65,65,65,39,61,61,61,46,46,68,70,72,75,58,75,75,75,43,0],"gold":39,"neow_bonus":"HUNDRED_GOLD","is_prod":false,"is_daily":false,"chose_seed":false,"campfire_upgraded":1,"win_rate":0,"timestamp":1546036155,"path_taken":["M","M","$","?","?","E","?","$","T","M","R","?","R","M","R","BOSS","M","$","?","M","M","R","M","R","T","R","M","R","?","$","R","BOSS","M","?","?","?","M","E","R","?","T","?","?","R","M","?","R","BOSS","R","$","E","BOSS"],"build_version":"2018-12-20","purchased_purges":1,"victory":false,"max_hp_per_floor":[75,75,75,75,75,75,75,75,75,75,75,75,75,75,75,75,75,75,75,75,75,75,75,75,75,75,75,75,75,75,75,75,75,75,75,75,75,75,75,75,75,75,75,75,75,75,75,75,75,75,75,75,75,75,75],"card_choices":[{"not_picked":["Stack","Force Field"],"picked":"Cold Snap","floor":1},{"not_picked":["Coolheaded","Hologram"],"picked":"Defragment","floor":2},{"not_picked":["Force Field","Beam Cell"],"picked":"Darkness","floor":6},{"not_picked":["Beam Cell","Rip and Tear"],"picked":"Conserve Battery+1","floor":10},{"not_picked":["Turbo+1","Auto Shields+1"],"picked":"Cold Snap","floor":14},{"not_picked":["All For One","Core Surge"],"picked":"Multi-Cast+1","floor":16},{"not_picked":["Hologram+1","Compile Driver+1","Stack+1"],"picked":"SKIP","floor":18},{"not_picked":["Skim+1","Stack+1","Storm"],"picked":"SKIP","floor":21},{"not_picked":["Compile Driver","Barrage"],"picked":"Glacier+1","floor":22},{"not_picked":["Ball Lightning","Beam Cell","Steam+1"],"picked":"SKIP","floor":24},{"not_picked":["Ball Lightning","Streamline+1"],"picked":"Chill+1","floor":28},{"not_picked":["Streamline","Fusion+1"],"picked":"Conserve Battery+1","floor":30},{"not_picked":["Amplify+1","Meteor Strike"],"picked":"Fission+1","floor":33},{"not_picked":["Leap+1","Barrage"],"picked":"Cold Snap","floor":35},{"not_picked":["Doom and Gloom","Static Discharge","Conserve Battery+1"],"picked":"SKIP","floor":37},{"not_picked":["Go for the Eyes+1","Beam Cell"],"picked":"Conserve Battery+1","floor":39},{"not_picked":["Compile Driver+1","Steam+1"],"picked":"Doom and Gloom+1","floor":40},{"not_picked":["Beam Cell+1","Cold Snap","Coolheaded+1"],"picked":"Capacitor","floor":44},{"not_picked":["Beam Cell+1","Ball Lightning","Steam+1"],"picked":"Multi-Cast+1","floor":54}],"player_experience":357033,"relics_obtained":[{"floor":6,"key":"Toxic Egg 2"},{"floor":9,"key":"Shuriken"},{"floor":26,"key":"Pen Nib"},{"floor":40,"key":"Blood Vial"},{"floor":40,"key":"Ancient Tea Set"},{"floor":48,"key":"Prayer Wheel"},{"floor":54,"key":"Happy Flower"},{"floor":54,"key":"Oddly Smooth Stone"}],"event_choices":[{"damage_healed":0,"gold_gain":0,"player_choice":"Success","damage_taken":3,"relics_obtained":["DataDisk"],"max_hp_gain":0,"max_hp_loss":0,"event_name":"Scrap Ooze","floor":4,"gold_loss":0},{"damage_healed":0,"gold_gain":75,"player_choice":"Gather Gold","damage_taken":11,"max_hp_gain":0,"max_hp_loss":0,"event_name":"World of Goop","floor":5,"gold_loss":0},{"damage_healed":0,"gold_gain":0,"player_choice":"Entered Light","damage_taken":15,"max_hp_gain":0,"max_hp_loss":0,"event_name":"Shining Light","floor":7,"gold_loss":0,"cards_upgraded":["Strike_B","Cold Snap"]},{"damage_healed":0,"gold_gain":0,"player_choice":"Upgraded","damage_taken":0,"max_hp_gain":0,"max_hp_loss":0,"event_name":"Upgrade Shrine","floor":20,"gold_loss":0,"cards_upgraded":["Capacitor"]},{"damage_healed":0,"gold_gain":0,"player_choice":"Forge","damage_taken":0,"max_hp_gain":0,"max_hp_loss":0,"event_name":"Accursed Blacksmith","floor":36,"gold_loss":0,"cards_upgraded":["Dualcast"]},{"damage_healed":0,"gold_gain":0,"player_choice":"Memory 1","damage_taken":0,"max_hp_gain":0,"max_hp_loss":0,"event_name":"SensoryStone","floor":38,"gold_loss":0},{"damage_healed":0,"gold_gain":0,"player_choice":"Paid Gold","damage_taken":0,"relics_obtained":["Question Card"],"max_hp_gain":0,"max_hp_loss":0,"event_name":"WeMeetAgain","floor":42,"gold_loss":91},{"damage_healed":0,"gold_gain":0,"player_choice":"Ignored","damage_taken":0,"max_hp_gain":0,"max_hp_loss":0,"event_name":"Mysterious Sphere","floor":45,"gold_loss":0},{"damage_healed":0,"gold_gain":0,"player_choice":"Fight","damage_taken":0,"max_hp_gain":0,"max_hp_loss":0,"event_name":"MindBloom","floor":48,"gold_loss":0}],"is_beta":false,"boss_relics":[{"not_picked":["Velvet Choker","Coffee Dripper"],"picked":"Fusion Hammer"},{"not_picked":["Philosopher\u0027s Stone","Calling Bell"],"picked":"Black Star"}],"items_purged_floors":[3],"is_endless":false,"potions_floor_spawned":[2,6,21,44,48],"killed_by":"The Heart","ascension_level":0}