{"gold_per_floor":[115,168,118,134,150,163,180,193,193,207,207,226,226,242,242,242],"floor_reached":16,"playtime":592,"items_purged":[],"score":98,"play_id":"1df5b32d-28cf-45d0-9a2e-e6224883b4ab","local_time":"20180915041002","is_ascension_mode":false,"campfire_choices":[{"floor":15,"key":"REST"}],"neow_cost":"","seed_source_timestamp":172167049516790,"circlet_count":0,"master_deck":["Strike_R","Strike_R","Strike_R","Strike_R","Strike_R","Defend_R","Defend_R","Defend_R","Defend_R","Bash","Flex","Twin Strike","Clash+1","Sword Boomerang","Headbutt","Heavy Blade","Pommel Strike"],"relics":["Burning Blood","Lantern","Sundial"],"potions_floor_usage":[10,16,16],"damage_taken":[{"damage":5,"enemies":"Cultist","floor":1,"turns":4},{"damage":0,"enemies":"2 Louse","floor":4,"turns":2},{"damage":5,"enemies":"Small Slimes","floor":5,"turns":3},{"damage":8,"enemies":"3 Louse","floor":6,"turns":4},{"damage":19,"enemies":"Gremlin Gang","floor":7,"turns":5},{"damage":0,"enemies":"2 Fungi Beasts","floor":8,"turns":2},{"damage":11,"enemies":"Large Slime","floor":10,"turns":4},{"damage":22,"enemies":"Exordium Thugs","floor":12,"turns":4},{"damage":7,"enemies":"Gremlin Gang","floor":14,"turns":3},{"damage":74,"enemies":"The Guardian","floor":16,"turns":9}],"seed_played":"-9083645275418700627","potions_obtained":[{"floor":1,"key":"GamblersBrew"},{"floor":7,"key":"SpeedPotion"},{"floor":8,"key":"SteroidPotion"},{"floor":10,"key":"EssenceOfSteel"}],"is_trial":false,"path_per_floor":["M","T","$","M","M","M","M","M","T","M","?","M","?","M","R"],"character_chosen":"IRONCLAD","items_purchased":["Flex"],"campfire_rested":1,"item_purchase_floors":[3],"current_hp_per_floor":[80,80,80,80,80,78,65,71,71,66,66,50,50,49,73,0],"gold":242,"neow_bonus":"","is_prod":false,"is_daily":false,"chose_seed":false,"campfire_upgraded":0,"win_rate":0,"timestamp":1536999002,"path_taken":["M","?","$","M","M","M","M","?","T","M","?","M","?","M","R","BOSS"],"build_version":"2018-09-06","purchased_purges":0,"victory":false,"max_hp_per_floor":[80,80,80,80,80,80,80,80,80,80,80,80,80,80,80,80],"card_choices":[{"not_picked":["Shockwave","Power Through","Flame Barrier"],"picked":"SKIP","floor":1},{"not_picked":["Thunderclap","Perfected Strike","Combust"],"picked":"SKIP","floor":4},{"not_picked":["Flex","Perfected Strike"],"picked":"Twin Strike","floor":5},{"not_picked":["True Grit","Body Slam"],"picked":"Clash","floor":6},{"not_picked":["Perfected Strike","Rampage"],"picked":"Sword Boomerang","floor":7},{"not_picked":["Clothesline","Dual Wield","Pummel"],"picked":"SKIP","floor":8},{"not_picked":["Barricade","Iron Wave"],"picked":"Headbutt","floor":10},{"not_picked":["Havoc","Dual Wield"],"picked":"Heavy Blade","floor":12},{"not_picked":["Flame Barrier","Feed"],"picked":"Pommel Strike","floor":14}],"player_experience":144122,"relics_obtained":[{"floor":2,"key":"Lantern"},{"floor":9,"key":"Sundial"}],"event_choices":[{"event_name":"Liars Game","player_choice":"disagreed","floor":11,"damage_taken":0},{"event_name":"Accursed Blacksmith","player_choice":"Forge","floor":13,"damage_taken":0}],"is_beta":false,"boss_relics":[],"items_purged_floors":[],"is_endless":false,"potions_floor_spawned":[1,7,8,10],"killed_by":"The Guardian","ascension_level":0}