{"path_per_floor":["M","M","M","?","M","E","M","R","T","R","M","M","M","?","R","B",null,"M","M","$","?","M","R"],"character_chosen":"IRONCLAD","items_purchased":["Bottled Flame"],"gold_per_floor":[115,135,155,155,172,198,210,210,262,262,282,293,306,270,270,373,373,393,380,55,55,65,65,65],"floor_reached":24,"campfire_rested":2,"playtime":1359,"current_hp_per_floor":[70,69,67,51,49,29,30,30,30,30,27,29,19,19,43,59,75,70,46,46,46,17,41,0],"items_purged":["Strike_R"],"gold":65,"score":273,"play_id":"35a594d4-0492-458f-839a-3d8e708d8f7b","local_time":"20180414211051","is_prod":false,"is_daily":false,"chose_seed":false,"is_ascension_mode":true,"campfire_upgraded":2,"timestamp":1523733051,"path_taken":["M","M","M","?","M","E","M","R","T","R","M","M","M","?","R","BOSS","M","M","$","?","M","R","E"],"build_version":"2018-04-12","seed_source_timestamp":220396402485017,"purchased_purges":1,"victory":false,"master_deck":["Strike_R","Strike_R","Strike_R","Strike_R+1","Defend_R","Defend_R","Defend_R","Defend_R+1","Bash+1","Body Slam","Carnage","Metallicize+1","Carnage","Dropkick","Shockwave+1","Clothesline","Double Tap","Twin Strike+1","Flame Barrier","Havoc+1"],"max_hp_per_floor":[80,80,80,80,80,80,80,80,80,80,80,80,80,80,80,80,80,80,80,80,80,80,80,80],"relics":["Burning Blood","Pantograph","Ancient Tea Set","Snecko Eye","Bottled Flame"],"card_choices":[{"not_picked":["Reckless Charge","Flex"],"picked":"Body Slam","floor":1},{"not_picked":["Sever Soul","Flex"],"picked":"Carnage","floor":2},{"not_picked":["Flex","Rupture"],"picked":"Metallicize","floor":3},{"not_picked":["Blood for Blood","Anger"],"picked":"Carnage","floor":5},{"not_picked":["Inflame","Combust"],"picked":"Dropkick","floor":6},{"not_picked":["Clash","Cleave"],"picked":"Shockwave","floor":7},{"not_picked":["Dropkick","Metallicize"],"picked":"Clothesline","floor":13},{"not_picked":["Fiend Fire","Berserk"],"picked":"Double Tap","floor":16},{"not_picked":["Pommel Strike","Corruption"],"picked":"Twin Strike","floor":18},{"not_picked":["Perfected Strike","Pommel Strike"],"picked":"Flame Barrier","floor":19},{"not_picked":["Infernal Blade","Cleave"],"picked":"Havoc","floor":22}],"player_experience":286267,"potions_floor_usage":[16,16,16],"damage_taken":[{"damage":8,"enemies":"Small Slimes","floor":1,"turns":4},{"damage":7,"enemies":"2 Louse","floor":2,"turns":3},{"damage":8,"enemies":"Jaw Worm","floor":3,"turns":4},{"damage":8,"enemies":"Looter","floor":5,"turns":4},{"damage":26,"enemies":"Gremlin Nob","floor":6,"turns":5},{"damage":5,"enemies":"Blue Slaver","floor":7,"turns":4},{"damage":9,"enemies":"Large Slime","floor":11,"turns":2},{"damage":4,"enemies":"3 Louse","floor":12,"turns":5},{"damage":16,"enemies":"Gremlin Gang","floor":13,"turns":4},{"damage":15,"enemies":"Hexaghost","floor":16,"turns":8},{"damage":11,"enemies":"Chosen","floor":18,"turns":3},{"damage":30,"enemies":"2 Thieves","floor":19,"turns":4},{"damage":35,"enemies":"Slaver and Parasite","floor":22,"turns":6},{"damage":47,"enemies":"Gremlin Leader","floor":24,"turns":12}],"event_choices":[{"event_name":"Shining Light","player_choice":"Entered Light","floor":4,"damage_taken":0},{"event_name":"World of Goop","player_choice":"Left","floor":14,"damage_taken":0},{"event_name":"Drug Dealer","player_choice":"Ignored","floor":21,"damage_taken":0}],"boss_relics":[{"not_picked":["White Beast Statue","Tiny House"],"picked":"Snecko Eye"}],"potions_floor_spawned":[2,12,13,16,18,22],"seed_played":"-4880600547659754118","killed_by":"Gremlin Leader","ascension_level":7,"is_trial":false}