{"gold_per_floor":[118,193,61,61,77,77,108,108,183,217,230,245,278,278,278,379,379,394,394,30,129,139,167,179,204,228,245,133,133,167,186,186,281,281,298,69,291,291,61,61,94,94,94,94,128,128,154,80,80,80],"floor_reached":50,"playtime":3137,"items_purged":[],"score":775,"play_id":"857daf9b-9129-4da3-82e1-1a78a65e6bc7","local_time":"20181009231045","is_ascension_mode":true,"campfire_choices":[{"data":"Anger","floor":6,"key":"SMITH"},{"data":"Spot Weakness","floor":8,"key":"SMITH"},{"data":"Pummel","floor":15,"key":"SMITH"},{"data":"Whirlwind","floor":29,"key":"SMITH"},{"floor":32,"key":"REST"},{"floor":40,"key":"REST"},{"floor":44,"key":"REST"},{"floor":46,"key":"REST"},{"floor":49,"key":"REST"}],"neow_cost":"NONE","seed_source_timestamp":287629989996305,"circlet_count":0,"master_deck":["Strike_R","Strike_R+1","Strike_R+1","Strike_R","Strike_R","Defend_R","Defend_R","Defend_R","Defend_R","Bash","True Grit","Pommel Strike","Burning Pact","Anger+1","Spot Weakness+1","Evolve","Combust","True Grit+1","Pummel+1","Double Tap+1","Second Wind+1","J.A.X.+1","Apotheosis+1","Searing Blow+1","Ghostly Armor+1","Burning Pact+1","Iron Wave","Whirlwind+1","Battle Trance+1","Twin Strike+1","Feed","Fire Breathing+1","Dual Wield+1","Secret Weapon+1","PanicButton+1","Purity+1","Cleave","Combust","Blind+1","Combust+1","Metallicize+1","Flex+1","Rupture"],"relics":["Burning Blood","Vajra","Anchor","Toxic Egg 2","Red Skull","Mercury Hourglass","Busted Crown","Happy Flower","Darkstone Periapt","Gremlin Horn","Juzu Bracelet","Red Mask","Fusion Hammer","TheAbacus","Boot","Peace Pipe","Ornamental Fan","Turnip","Kunai"],"potions_floor_usage":[10,11,23,25,25,27,33,41,41,50,50],"damage_taken":[{"damage":7,"enemies":"Small Slimes","floor":1,"turns":3},{"damage":7,"enemies":"2 Louse","floor":5,"turns":3},{"damage":28,"enemies":"Lagavulin","floor":7,"turns":4},{"damage":15,"enemies":"3 Sentries","floor":10,"turns":5},{"damage":0,"enemies":"Cultist","floor":11,"turns":2},{"damage":2,"enemies":"2 Fungi Beasts","floor":12,"turns":3},{"damage":24,"enemies":"Lagavulin","floor":13,"turns":7},{"damage":4,"enemies":"Slime Boss","floor":16,"turns":5},{"damage":26,"enemies":"Spheric Guardian","floor":18,"turns":4},{"damage":15,"enemies":"3 Byrds","floor":22,"turns":4},{"damage":26,"enemies":"Slavers","floor":23,"turns":3},{"damage":20,"enemies":"Snecko","floor":24,"turns":4},{"damage":15,"enemies":"Book of Stabbing","floor":25,"turns":4},{"damage":11,"enemies":"Shelled Parasite and Fungi","floor":27,"turns":3},{"damage":4,"enemies":"Masked Bandits","floor":30,"turns":2},{"damage":0,"enemies":"3 Cultists","floor":31,"turns":1},{"damage":22,"enemies":"Automaton","floor":33,"turns":6},{"damage":12,"enemies":"3 Darklings","floor":35,"turns":2},{"damage":57,"enemies":"Giant Head","floor":41,"turns":8},{"damage":3,"enemies":"Mind Bloom Boss Battle","floor":42,"turns":3},{"damage":22,"enemies":"Nemesis","floor":45,"turns":5},{"damage":29,"enemies":"2 Orb Walkers","floor":47,"turns":4},{"damage":75,"enemies":"Donu and Deca","floor":50,"turns":6}],"seed_played":"-6007006314775007391","potions_obtained":[{"floor":7,"key":"GamblersBrew"},{"floor":10,"key":"Fruit Juice"},{"floor":11,"key":"LiquidBronze"},{"floor":13,"key":"BloodPotion"},{"floor":16,"key":"Energy Potion"},{"floor":22,"key":"Weak Potion"},{"floor":24,"key":"Block Potion"},{"floor":27,"key":"LiquidBronze"},{"floor":33,"key":"SpeedPotion"},{"floor":35,"key":"SpeedPotion"},{"floor":41,"key":"SkillPotion"},{"floor":47,"key":"Explosive Potion"}],"is_trial":false,"path_per_floor":["M","?","$","?","M","R","E","R","T","E","M","M","E","?","R","B",null,"M","?","$","?","M","E","M","E","T","M","$","R","?","M","R","B",null,"M","$","?","?","$","R","E","?","T","R","E","R","E","$","R"],"character_chosen":"IRONCLAD","items_purchased":["Pommel Strike","Burning Pact","Apotheosis+1","Happy Flower","Whirlwind","Battle Trance+1","Dual Wield+1","TheAbacus","Cleave","Combust","Blind+1","Rupture"],"campfire_rested":5,"item_purchase_floors":[3,3,20,20,28,28,36,36,39,39,39,48],"current_hp_per_floor":[79,68,68,52,51,51,29,29,29,20,31,35,17,45,45,47,85,65,65,65,65,56,44,30,21,21,16,16,16,18,24,49,33,85,79,79,79,69,69,85,34,37,37,62,46,71,48,48,73,0],"gold":80,"neow_bonus":"RANDOM_COMMON_RELIC","is_prod":false,"is_daily":false,"chose_seed":false,"campfire_upgraded":4,"win_rate":0,"timestamp":1539151845,"path_taken":["M","?","$","?","?","R","E","R","T","E","M","M","E","?","R","BOSS","M","?","$","?","M","E","M","E","T","M","$","R","?","M","R","BOSS","M","?","?","?","$","R","E","?","T","R","E","R","E","$","R","BOSS"],"build_version":"2018-10-04v2","purchased_purges":0,"victory":false,"max_hp_per_floor":[80,80,80,80,80,80,80,80,80,80,85,85,85,85,85,85,85,85,85,85,85,85,85,85,85,85,85,85,85,85,85,85,85,85,85,85,85,85,85,85,85,85,85,85,85,85,85,85,85,85],"card_choices":[{"not_picked":["Seeing Red","Evolve"],"picked":"True Grit","floor":1},{"not_picked":["Clash","Searing Blow"],"picked":"Anger","floor":5},{"not_picked":["Shrug It Off","Flex"],"picked":"Spot Weakness","floor":7},{"not_picked":["Battle Trance+1","Sever Soul"],"picked":"Evolve","floor":10},{"not_picked":["Burning Pact+1","Flex+1"],"picked":"Combust","floor":11},{"not_picked":["Pommel Strike","Anger"],"picked":"True Grit+1","floor":12},{"not_picked":["Reckless Charge","Iron Wave"],"picked":"Pummel","floor":13},{"not_picked":["Immolate","Juggernaut"],"picked":"Double Tap+1","floor":16},{"not_picked":[],"picked":"Second Wind+1","floor":18},{"not_picked":[],"picked":"Searing Blow+1","floor":22},{"not_picked":[],"picked":"Ghostly Armor+1","floor":23},{"not_picked":[],"picked":"Burning Pact+1","floor":24},{"not_picked":[],"picked":"Iron Wave","floor":25},{"not_picked":["Perfected Strike"],"picked":"SKIP","floor":27},{"not_picked":[],"picked":"Twin Strike+1","floor":30},{"not_picked":["Sword Boomerang"],"picked":"SKIP","floor":31},{"not_picked":[],"picked":"Feed","floor":33},{"not_picked":[],"picked":"Fire Breathing+1","floor":35},{"not_picked":[],"picked":"Secret Weapon+1","floor":38},{"not_picked":[],"picked":"PanicButton+1","floor":38},{"not_picked":[],"picked":"Purity+1","floor":38},{"not_picked":["Perfected Strike"],"picked":"SKIP","floor":41},{"not_picked":[],"picked":"Combust+1","floor":42},{"not_picked":[],"picked":"Metallicize+1","floor":45},{"not_picked":[],"picked":"Flex+1","floor":47}],"player_experience":216825,"relics_obtained":[{"floor":7,"key":"Anchor"},{"floor":9,"key":"Toxic Egg 2"},{"floor":10,"key":"Red Skull"},{"floor":13,"key":"Mercury Hourglass"},{"floor":23,"key":"Darkstone Periapt"},{"floor":25,"key":"Gremlin Horn"},{"floor":26,"key":"Juzu Bracelet"},{"floor":30,"key":"Red Mask"},{"floor":41,"key":"Boot"},{"floor":42,"key":"Peace Pipe"},{"floor":43,"key":"Ornamental Fan"},{"floor":45,"key":"Turnip"},{"floor":47,"key":"Kunai"}],"event_choices":[{"event_name":"World of Goop","player_choice":"Gather Gold","floor":2,"damage_taken":0},{"event_name":"Shining Light","player_choice":"Entered Light","floor":4,"damage_taken":0},{"event_name":"Big Fish","player_choice":"Banana","floor":14,"damage_taken":0},{"event_name":"Drug Dealer","player_choice":"Got JAX","floor":19,"damage_taken":0},{"event_name":"Nest","player_choice":"Stole From Cult","floor":21,"damage_taken":0},{"event_name":"Masked Bandits","player_choice":"Fought Bandits","floor":30,"damage_taken":0},{"event_name":"Tomb of Lord Red Mask","player_choice":"Wore Mask","floor":37,"damage_taken":0},{"event_name":"SensoryStone","player_choice":"Memory 3","floor":38,"damage_taken":0},{"event_name":"MindBloom","player_choice":"Fight","floor":42,"damage_taken":0}],"is_beta":false,"boss_relics":[{"not_picked":["Astrolabe","Lizard Tail"],"picked":"Busted Crown"},{"not_picked":["Sozu","Philosopher\u0027s Stone"],"picked":"Fusion Hammer"}],"items_purged_floors":[],"is_endless":false,"potions_floor_spawned":[7,10,11,13,16,22,24,27,33,35,41,47],"killed_by":"Donu and Deca","ascension_level":3}