{"gold_per_floor":[116,128,25,25,39,39,74,93,93,93,93,107,107,11,11,110,110,135,148,148,35,35,35,58,58,58,94,94,94,94,94],"floor_reached":31,"playtime":673,"items_purged":["Strike_R"],"score":552,"play_id":"e00d2858-ed87-403f-893b-ebfdc1fbcd31","local_time":"20190203200545","is_ascension_mode":true,"campfire_choices":[{"data":"Armaments","floor":6,"key":"SMITH"},{"floor":11,"key":"REST"},{"data":"Sword Boomerang","floor":13,"key":"SMITH"},{"floor":15,"key":"REST"},{"data":"1","floor":23,"key":"LIFT"},{"data":"True Grit","floor":25,"key":"SMITH"}],"neow_cost":"NONE","seed_source_timestamp":1142221367085,"circlet_count":0,"master_deck":["AscendersBane","Strike_R+1","Strike_R+1","Strike_R","Defend_R","Defend_R","Defend_R","Defend_R","Bash","Sword Boomerang","Armaments+1","Sword Boomerang+1","Sword Boomerang","Thunderclap","True Grit+1","Sword Boomerang","Metallicize","Writhe","Ghostly Armor","Flex"],"relics":["Burning Blood","Boot","Golden Idol","Pen Nib","Matryoshka","Sozu","CultistMask","Girya","Whetstone","Frozen Egg 2","PreservedInsect","MutagenicStrength","Happy Flower","Bottled Tornado"],"potions_floor_usage":[7,16],"damage_taken":[{"damage":14,"enemies":"Cultist","floor":1,"turns":5},{"damage":1,"enemies":"2 Louse","floor":2,"turns":2},{"damage":7,"enemies":"Small Slimes","floor":5,"turns":3},{"damage":20,"enemies":"Lagavulin","floor":7,"turns":8},{"damage":16,"enemies":"Exordium Thugs","floor":8,"turns":4},{"damage":10,"enemies":"3 Louse","floor":12,"turns":3},{"damage":0,"enemies":"Slime Boss","floor":16,"turns":5},{"damage":7,"enemies":"Chosen","floor":18,"turns":4},{"damage":2,"enemies":"3 Byrds","floor":19,"turns":3},{"damage":29,"enemies":"Shelled Parasite and Fungi","floor":24,"turns":4},{"damage":40,"enemies":"Slavers","floor":27,"turns":5},{"damage":24,"enemies":"Centurion and Healer","floor":31,"turns":2}],"seed_played":"-7946602522377965428","potions_obtained":[{"floor":2,"key":"Weak Potion"},{"floor":7,"key":"Dexterity Potion"}],"is_trial":false,"path_per_floor":["M","M","$","?","M","R","E","M","T","?","R","M","R","$","R","B",null,"M","M","?","$","?","R","M","R","T","E","?","T","$","M"],"character_chosen":"IRONCLAD","items_purchased":["Armaments","Sword Boomerang","True Grit","PowerPotion","Metallicize"],"campfire_rested":2,"item_purchase_floors":[3,3,14,14,21],"current_hp_per_floor":[60,65,65,39,38,38,24,14,14,14,36,32,32,32,54,60,71,70,74,74,74,74,74,51,51,51,17,17,17,17,0],"gold":94,"neow_bonus":"RANDOM_COMMON_RELIC","is_prod":false,"is_daily":false,"chose_seed":false,"campfire_upgraded":3,"win_rate":0,"timestamp":1549184745,"path_taken":["M","M","$","?","M","R","E","M","T","?","R","M","R","$","R","BOSS","M","?","?","?","?","R","M","R","T","E","?","?","$","M"],"build_version":"2019-01-23","purchased_purges":1,"victory":false,"max_hp_per_floor":[75,75,75,75,75,75,75,75,75,75,75,75,75,75,75,75,75,75,75,75,75,75,75,75,75,75,75,75,75,75,75],"card_choices":[{"not_picked":["Cleave","Second Wind"],"picked":"Sword Boomerang","floor":1},{"not_picked":["Cleave","Anger","Iron Wave"],"picked":"SKIP","floor":2},{"not_picked":["Inflame","Berserk","Body Slam"],"picked":"SKIP","floor":5},{"not_picked":["Dark Embrace","Dual Wield"],"picked":"Sword Boomerang","floor":7},{"not_picked":["Havoc","Cleave"],"picked":"Thunderclap","floor":8},{"not_picked":["Havoc","Twin Strike","Sentinel"],"picked":"SKIP","floor":12},{"not_picked":["Iron Wave","Twin Strike"],"picked":"Sword Boomerang","floor":18},{"not_picked":["Warcry","Evolve","Clash"],"picked":"SKIP","floor":19},{"not_picked":["Perfected Strike","Anger"],"picked":"Ghostly Armor","floor":24},{"not_picked":["Thunderclap+1","Carnage"],"picked":"Flex","floor":27}],"player_experience":694492,"relics_obtained":[{"floor":7,"key":"Pen Nib"},{"floor":9,"key":"Matryoshka"},{"floor":26,"key":"Whetstone"},{"floor":26,"key":"Frozen Egg 2"},{"floor":27,"key":"PreservedInsect"},{"floor":29,"key":"Happy Flower"},{"floor":29,"key":"Bottled Tornado"}],"event_choices":[{"damage_healed":0,"gold_gain":0,"player_choice":"Take Damage","damage_taken":26,"relics_obtained":["Golden Idol"],"max_hp_gain":0,"max_hp_loss":0,"event_name":"Golden Idol","floor":4,"gold_loss":0},{"cards_removed":["Strike_R"],"damage_healed":0,"gold_gain":0,"player_choice":"Purged","damage_taken":0,"max_hp_gain":0,"max_hp_loss":0,"event_name":"Purifier","floor":10,"gold_loss":0},{"damage_healed":0,"gold_gain":0,"player_choice":"Trade","damage_taken":0,"relics_obtained":["CultistMask"],"max_hp_gain":0,"max_hp_loss":0,"event_name":"FaceTrader","floor":20,"gold_loss":0},{"damage_healed":0,"gold_gain":0,"player_choice":"Opened","damage_taken":0,"relics_obtained":["Girya"],"max_hp_gain":0,"max_hp_loss":0,"event_name":"The Mausoleum","floor":22,"gold_loss":0,"cards_obtained":["Writhe"]},{"damage_healed":0,"gold_gain":0,"player_choice":"Inject Mutagens","damage_taken":0,"relics_obtained":["MutagenicStrength"],"max_hp_gain":0,"max_hp_loss":0,"event_name":"Drug Dealer","floor":28,"gold_loss":0}],"is_beta":false,"boss_relics":[{"not_picked":["Ectoplasm","Philosopher\u0027s Stone"],"picked":"Sozu"}],"items_purged_floors":[21],"is_endless":false,"potions_floor_spawned":[2,7,24,27],"killed_by":"Centurion and Healer","ascension_level":15}