{"gold_per_floor":[114,114,5,20,35,35,65,80,80,95,110,9,39,39,39,139,139,154,75,75,350,365,365,380,380,380,395,395,129,144,159,159,259,259,274,274,175,190,0,0,30,30,55,85,100,115,115,115,115,115],"floor_reached":51,"playtime":4678,"items_purged":["Strike_G","Strike_G","Regret"],"score":767,"play_id":"657a61b8-b364-480f-80c4-19ecb2810177","local_time":"20181104135408","daily_mods":["Specialized","Vintage","Binary"],"is_ascension_mode":false,"campfire_choices":[{"data":"Accuracy","floor":6,"key":"SMITH"},{"data":"Cloak And Dagger","floor":15,"key":"SMITH"},{"data":"Caltrops","floor":23,"key":"SMITH"},{"data":"After Image","floor":25,"key":"SMITH"},{"data":"Infinite Blades","floor":28,"key":"SMITH"},{"floor":32,"key":"REST"},{"data":"Panache","floor":40,"key":"SMITH"},{"data":"Caltrops","floor":42,"key":"SMITH"},{"data":"After Image","floor":47,"key":"SMITH"},{"data":"Neutralize","floor":49,"key":"SMITH"}],"neow_cost":"","seed_source_timestamp":0,"circlet_count":0,"master_deck":["Defend_G","Defend_G+1","Defend_G","Defend_G","Strike_G","Strike_G","Survivor","Neutralize+1","Cloak And Dagger","Cloak And Dagger","Cloak And Dagger","Cloak And Dagger+1","Cloak And Dagger+1","Accuracy+1","After Image+1","Backflip","Infinite Blades+1","Caltrops+1","Unload","Well Laid Plans","Panache+1","Caltrops+1","After Image+1","Dagger Throw","Parasite","Writhe"],"special_seed":17839,"relics":["Ring of the Snake","Vajra","Pocketwatch","Happy Flower","Question Card","Paper Crane","Bottled Lightning","Prayer Wheel","Tingsha","Regal Pillow","Velvet Choker","Darkstone Periapt","Sundial","Smiling Mask","Dodecahedron","Bag of Preparation","Thread and Needle","Oddly Smooth Stone","Busted Crown","Orichalcum","Bronze Scales","Red Mask","Blue Candle","War Paint","Shuriken","Kunai","The Specimen"],"potions_floor_usage":[7,16,16,31,33,44,50],"damage_taken":[{"damage":0,"enemies":"Jaw Worm","floor":1,"turns":5},{"damage":0,"enemies":"Cultist","floor":4,"turns":4},{"damage":4,"enemies":"Small Slimes","floor":5,"turns":3},{"damage":1,"enemies":"Gremlin Nob","floor":7,"turns":4},{"damage":2,"enemies":"Exordium Thugs","floor":8,"turns":5},{"damage":3,"enemies":"Blue Slaver","floor":10,"turns":3},{"damage":5,"enemies":"2 Fungi Beasts","floor":11,"turns":3},{"damage":10,"enemies":"3 Sentries","floor":13,"turns":5},{"damage":22,"enemies":"Slime Boss","floor":16,"turns":10},{"damage":4,"enemies":"3 Byrds","floor":18,"turns":4},{"damage":12,"enemies":"2 Thieves","floor":22,"turns":4},{"damage":14,"enemies":"Snecko","floor":24,"turns":6},{"damage":7,"enemies":"Centurion and Healer","floor":27,"turns":7},{"damage":11,"enemies":"Snake Plant","floor":30,"turns":4},{"damage":0,"enemies":"3 Cultists","floor":31,"turns":4},{"damage":27,"enemies":"Champ","floor":33,"turns":12},{"damage":1,"enemies":"Orb Walker","floor":35,"turns":5},{"damage":0,"enemies":"3 Shapes","floor":38,"turns":3},{"damage":9,"enemies":"Reptomancer","floor":41,"turns":5},{"damage":15,"enemies":"Nemesis","floor":44,"turns":8},{"damage":7,"enemies":"Sphere and 2 Shapes","floor":45,"turns":5},{"damage":0,"enemies":"Writhing Mass","floor":46,"turns":5},{"damage":12,"enemies":"Awakened One","floor":50,"turns":10}],"seed_played":"-2369398875627800595","potions_obtained":[{"floor":1,"key":"Regen Potion"},{"floor":4,"key":"SpeedPotion"},{"floor":11,"key":"Dexterity Potion"},{"floor":13,"key":"Explosive Potion"},{"floor":18,"key":"Explosive Potion"},{"floor":24,"key":"LiquidBronze"},{"floor":27,"key":"Weak Potion"},{"floor":38,"key":"Weak Potion"},{"floor":41,"key":"PowerPotion"}],"is_trial":false,"path_per_floor":["M","?","$","M","M","R","E","M","T","M","M","$","E","$","R","B",null,"M","$","$","?","M","R","M","R","T","M","R","$","M","M","R","B",null,"M","?","$","M","?","R","E","R","T","E","M","M","R","?","R","B",null],"character_chosen":"THE_SILENT","items_purchased":["Accuracy","Backflip","Infinite Blades","Well Laid Plans","Panache","Caltrops","Dagger Throw"],"campfire_rested":1,"item_purchase_floors":[3,12,12,19,29,29,37],"current_hp_per_floor":[70,70,70,70,66,66,65,63,63,60,55,55,45,45,45,38,70,66,66,66,72,60,60,46,46,46,39,39,39,28,28,65,38,76,75,75,75,75,75,75,66,66,66,51,44,50,50,77,77,65],"gold":115,"neow_bonus":"","is_prod":false,"is_daily":true,"chose_seed":false,"campfire_upgraded":9,"win_rate":0,"timestamp":1541336048,"path_taken":["M","?","$","?","M","R","E","M","T","?","M","?","E","$","R","BOSS","M","?","$","?","?","R","M","R","T","M","R","$","M","M","R","BOSS","M","?","$","M","?","R","E","R","T","E","M","M","R","?","R","BOSS"],"build_version":"2018-11-02","purchased_purges":3,"victory":true,"max_hp_per_floor":[70,70,70,70,70,70,70,70,70,70,70,70,70,70,70,70,70,70,70,70,76,76,76,76,76,76,76,76,76,76,76,76,76,76,76,76,76,76,76,76,76,76,76,76,76,82,82,88,88,88],"card_choices":[{"not_picked":["PiercingWail"],"picked":"After Image","floor":7},{"not_picked":["Deadly Poison","Acrobatics"],"picked":"Caltrops","floor":13},{"not_picked":["Doppelganger","Adrenaline"],"picked":"Unload","floor":16},{"not_picked":["Envenom","Phantasmal Killer"],"picked":"After Image","floor":33},{"not_picked":["Deflect"],"picked":"SKIP","floor":41},{"not_picked":["Reflex+1"],"picked":"SKIP","floor":44}],"player_experience":219532,"relics_obtained":[{"floor":1,"key":"Vajra"},{"floor":4,"key":"Pocketwatch"},{"floor":5,"key":"Happy Flower"},{"floor":7,"key":"Question Card"},{"floor":8,"key":"Paper Crane"},{"floor":9,"key":"Bottled Lightning"},{"floor":10,"key":"Prayer Wheel"},{"floor":11,"key":"Tingsha"},{"floor":13,"key":"Regal Pillow"},{"floor":18,"key":"Darkstone Periapt"},{"floor":22,"key":"Sundial"},{"floor":24,"key":"Smiling Mask"},{"floor":26,"key":"Dodecahedron"},{"floor":27,"key":"Bag of Preparation"},{"floor":30,"key":"Thread and Needle"},{"floor":31,"key":"Oddly Smooth Stone"},{"floor":35,"key":"Orichalcum"},{"floor":38,"key":"Bronze Scales"},{"floor":41,"key":"Blue Candle"},{"floor":43,"key":"War Paint"},{"floor":44,"key":"Shuriken"},{"floor":45,"key":"Kunai"},{"floor":46,"key":"The Specimen"}],"event_choices":[{"cards_removed":["Defend_G"],"damage_healed":0,"gold_gain":0,"player_choice":"Offered Basic","damage_taken":0,"max_hp_gain":0,"max_hp_loss":0,"event_name":"Bonfire Elementals","floor":2,"gold_loss":0},{"damage_healed":0,"gold_gain":275,"player_choice":"Desecrate","damage_taken":0,"max_hp_gain":0,"max_hp_loss":0,"event_name":"Golden Shrine","floor":21,"gold_loss":0,"cards_obtained":["Regret"]},{"cards_removed":["Strike_G"],"damage_healed":0,"gold_gain":0,"player_choice":"Removed Attack","damage_taken":0,"max_hp_gain":0,"max_hp_loss":0,"event_name":"Falling","floor":36,"gold_loss":0},{"damage_healed":0,"gold_gain":0,"player_choice":"Paid","damage_taken":0,"relics_obtained":["Red Mask"],"max_hp_gain":0,"max_hp_loss":0,"event_name":"Tomb of Lord Red Mask","floor":39,"gold_loss":190},{"damage_healed":21,"gold_gain":0,"player_choice":"Writhe","damage_taken":0,"max_hp_gain":0,"max_hp_loss":0,"event_name":"Winding Halls","floor":48,"gold_loss":0,"cards_obtained":["Writhe"]}],"is_beta":true,"boss_relics":[{"not_picked":["Lizard Tail","Tiny House"],"picked":"Velvet Choker"},{"not_picked":["White Beast Statue","Philosopher\u0027s Stone"],"picked":"Busted Crown"}],"items_purged_floors":[3,29,37],"is_endless":false,"potions_floor_spawned":[1,4,11,13,18,24,27,38,41],"ascension_level":0}