{"gold_per_floor":[115,115,133,148,159,191,202,228,228,228,228,253,279,308,308,382,382,393,405,34,50,61,61,91,91,139,139,170,181,195,206,206,285,285,305,305,315,325,29,57,57,57],"floor_reached":42,"playtime":2449,"items_purged":["Strike_R"],"score":966,"play_id":"dd4da123-b6db-4b69-aca9-29552a575970","local_time":"20190219010148","is_ascension_mode":true,"campfire_choices":[{"data":"Bash","floor":10,"key":"SMITH"},{"data":"Disarm","floor":15,"key":"SMITH"},{"data":"Armaments","floor":23,"key":"SMITH"},{"floor":27,"key":"REST"},{"floor":32,"key":"REST"},{"data":"Disarm","floor":41,"key":"SMITH"}],"neow_cost":"NONE","seed_source_timestamp":1089225017033600,"circlet_count":0,"master_deck":["AscendersBane","Bash+1","Inflame+1","Shrug It Off","Thunderclap","Shrug It Off","Immolate","Corruption","Heavy Blade","Demon Form","Armaments+1","Disarm+1","Feed","Shrug It Off","Headbutt+1","Disarm+1","Warcry","Headbutt","Shrug It Off","Perfected Strike","Demon Form","Havoc+1","Infernal Blade","Dark Embrace","Heavy Blade","Juggernaut","Dark Embrace","Whirlwind","Flame Barrier","Power Through","Rage","Disarm+1","Shrug It Off+1","Dual Wield","Sentinel","True Grit","Feel No Pain"],"relics":["Burning Blood","Pantograph","Darkstone Periapt","Sundial","Boot","Odd Mushroom","The Courier","Philosopher\u0027s Stone","Dead Branch","Ice Cream","Strawberry","Unceasing Top","Pandora\u0027s Box","Thread and Needle","Bag of Marbles"],"potions_floor_usage":[2,14,16,24,24,38],"damage_taken":[{"damage":0,"enemies":"Small Slimes","floor":1,"turns":4},{"damage":10,"enemies":"Cultist","floor":3,"turns":4},{"damage":0,"enemies":"2 Louse","floor":4,"turns":4},{"damage":7,"enemies":"2 Fungi Beasts","floor":5,"turns":4},{"damage":27,"enemies":"Gremlin Nob","floor":6,"turns":5},{"damage":0,"enemies":"Large Slime","floor":7,"turns":3},{"damage":29,"enemies":"3 Sentries","floor":8,"turns":5},{"damage":32,"enemies":"Gremlin Nob","floor":12,"turns":4},{"damage":0,"enemies":"The Mushroom Lair","floor":13,"turns":1},{"damage":10,"enemies":"3 Sentries","floor":14,"turns":6},{"damage":10,"enemies":"The Guardian","floor":16,"turns":12},{"damage":21,"enemies":"Shell Parasite","floor":18,"turns":5},{"damage":22,"enemies":"2 Thieves","floor":19,"turns":5},{"damage":33,"enemies":"Chosen and Byrds","floor":21,"turns":6},{"damage":2,"enemies":"Centurion and Healer","floor":22,"turns":3},{"damage":29,"enemies":"Gremlin Leader","floor":24,"turns":4},{"damage":16,"enemies":"Book of Stabbing","floor":28,"turns":5},{"damage":12,"enemies":"Snecko","floor":29,"turns":5},{"damage":30,"enemies":"3 Cultists","floor":30,"turns":4},{"damage":8,"enemies":"Snake Plant","floor":31,"turns":5},{"damage":9,"enemies":"Champ","floor":33,"turns":9},{"damage":40,"enemies":"Orb Walker","floor":35,"turns":5},{"damage":4,"enemies":"3 Shapes","floor":37,"turns":4},{"damage":12,"enemies":"Spire Growth","floor":38,"turns":5},{"damage":5,"enemies":"Giant Head","floor":40,"turns":6},{"damage":89,"enemies":"Reptomancer","floor":42,"turns":4}],"seed_played":"-205582536032511208","potions_obtained":[{"floor":2,"key":"Fruit Juice"},{"floor":2,"key":"GamblersBrew"},{"floor":2,"key":"EssenceOfSteel"},{"floor":13,"key":"Weak Potion"},{"floor":14,"key":"Strength Potion"},{"floor":16,"key":"Strength Potion"},{"floor":31,"key":"SteroidPotion"},{"floor":33,"key":"Block Potion"},{"floor":38,"key":"FairyPotion"}],"is_trial":false,"path_per_floor":["M","?","M","M","M","E","M","E","T","R","?","E","?","E","R","B",null,"M","M","$","M","M","R","E","?","T","R","E","M","M","M","R","B",null,"M","?","M","M","$","E","R","E"],"character_chosen":"IRONCLAD","items_purchased":["Dead Branch","Disarm","Thread and Needle","Sentinel","True Grit"],"campfire_rested":2,"item_purchase_floors":[20,20,39,39,39],"current_hp_per_floor":[86,91,87,93,92,71,77,54,54,54,54,28,34,30,30,51,83,68,52,52,25,33,33,10,10,17,48,41,38,14,12,45,67,99,65,65,67,61,61,62,62,0],"gold":57,"neow_bonus":"TEN_PERCENT_HP_BONUS","is_prod":false,"is_daily":false,"chose_seed":false,"campfire_upgraded":4,"win_rate":0,"timestamp":1550566908,"path_taken":["M","?","M","?","M","E","M","E","T","R","?","E","?","E","R","BOSS","M","M","$","M","M","R","E","?","T","R","E","M","M","M","R","BOSS","M","?","?","M","?","E","R","E"],"build_version":"2019-01-23","purchased_purges":1,"victory":false,"max_hp_per_floor":[88,93,93,93,93,93,93,93,93,93,93,93,93,93,93,93,93,93,93,93,93,97,97,97,97,104,104,107,110,110,110,110,110,110,110,110,110,110,110,110,110,110],"card_choices":[{"not_picked":["Sword Boomerang","Warcry"],"picked":"Inflame","floor":1},{"not_picked":["Twin Strike","Clash"],"picked":"Shrug It Off","floor":3},{"not_picked":["Clash","Blood for Blood"],"picked":"Thunderclap","floor":4},{"not_picked":["Warcry","Body Slam"],"picked":"Shrug It Off","floor":5},{"not_picked":["Armaments","Battle Trance"],"picked":"Immolate","floor":6},{"not_picked":["Combust","Clash"],"picked":"Corruption","floor":7},{"not_picked":["Flex","Burning Pact"],"picked":"Heavy Blade","floor":8},{"not_picked":["Seeing Red","Flex"],"picked":"Demon Form","floor":12},{"not_picked":["Pommel Strike","Havoc"],"picked":"Armaments","floor":13},{"not_picked":["Intimidate","Anger"],"picked":"Disarm","floor":14},{"not_picked":["Barricade","Berserk"],"picked":"Feed","floor":16},{"not_picked":["Warcry","Thunderclap"],"picked":"Shrug It Off","floor":18},{"not_picked":["Rupture","Body Slam"],"picked":"Headbutt+1","floor":19},{"not_picked":["Heavy Blade","Berserk"],"picked":"Warcry","floor":21},{"not_picked":["Power Through+1","Anger"],"picked":"Headbutt","floor":22},{"not_picked":["Pommel Strike","Perfected Strike"],"picked":"Shrug It Off","floor":24},{"not_picked":["True Grit","Battle Trance"],"picked":"Demon Form","floor":28},{"not_picked":["True Grit","Perfected Strike"],"picked":"Havoc+1","floor":29},{"not_picked":["Thunderclap+1","Evolve","Blood for Blood"],"picked":"SKIP","floor":30},{"not_picked":["Clothesline","Anger"],"picked":"Infernal Blade","floor":31},{"not_picked":["Bludgeon","Berserk"],"picked":"Dark Embrace","floor":33},{"not_picked":["True Grit","Shockwave"],"picked":"Disarm","floor":35},{"not_picked":["Anger","Havoc"],"picked":"Shrug It Off+1","floor":37},{"not_picked":["Rupture","Cleave"],"picked":"Dual Wield","floor":38},{"not_picked":["Flame Barrier+1","Pommel Strike"],"picked":"Feel No Pain","floor":40}],"player_experience":734080,"relics_obtained":[{"floor":6,"key":"Pantograph"},{"floor":8,"key":"Darkstone Periapt"},{"floor":9,"key":"Sundial"},{"floor":12,"key":"Boot"},{"floor":13,"key":"Odd Mushroom"},{"floor":14,"key":"The Courier"},{"floor":24,"key":"Ice Cream"},{"floor":26,"key":"Strawberry"},{"floor":28,"key":"Unceasing Top"},{"floor":40,"key":"Bag of Marbles"}],"event_choices":[{"damage_healed":0,"gold_gain":0,"player_choice":"Got Potions","damage_taken":0,"max_hp_gain":0,"max_hp_loss":0,"event_name":"Lab","floor":2,"gold_loss":0},{"damage_healed":0,"gold_gain":0,"player_choice":"Grow","damage_taken":0,"max_hp_gain":0,"max_hp_loss":0,"event_name":"Living Wall","floor":11,"gold_loss":0,"cards_upgraded":["Inflame"]},{"damage_healed":0,"gold_gain":0,"player_choice":"Fought Mushrooms","damage_taken":0,"max_hp_gain":0,"max_hp_loss":0,"event_name":"Mushrooms","floor":13,"gold_loss":0},{"damage_healed":0,"gold_gain":0,"cards_transformed":["Strike_R"],"player_choice":"Transformed","damage_taken":0,"max_hp_gain":0,"max_hp_loss":0,"event_name":"Transmorgrifier","floor":25,"gold_loss":0,"cards_obtained":["Perfected Strike"]},{"damage_healed":0,"gold_gain":0,"player_choice":"Forge","damage_taken":0,"max_hp_gain":0,"max_hp_loss":0,"event_name":"Accursed Blacksmith","floor":36,"gold_loss":0,"cards_upgraded":["Disarm"]}],"is_beta":false,"boss_relics":[{"not_picked":["Runic Cube","Cursed Key"],"picked":"Philosopher\u0027s Stone"},{"not_picked":["Velvet Choker","Astrolabe"],"picked":"Pandora\u0027s Box"}],"items_purged_floors":[20],"is_endless":false,"potions_floor_spawned":[3,7,13,14,16,19,21,31,33,35,38],"killed_by":"Reptomancer","ascension_level":13}