{"path_per_floor":["M","M","M","?","$","E","R","M","T","T","M","R","?"],"character_chosen":"IRONCLAD","items_purchased":["Spot Weakness"],"gold_per_floor":[118,131,148,148,73,106,106,125,149,449,466,466,545,545],"floor_reached":14,"campfire_rested":0,"playtime":1467,"item_purchase_floors":[5],"current_hp_per_floor":[80,80,80,80,80,64,64,31,31,31,30,30,30,0],"items_purged":[],"gold":545,"score":90,"play_id":"176c8fe2-1187-4997-8ac2-899726c55a02","local_time":"20180605233349","is_prod":false,"is_daily":false,"chose_seed":false,"is_ascension_mode":false,"campfire_upgraded":2,"win_rate":0,"timestamp":1528266829,"campfire_choices":[{"data":"Feed","floor":7,"key":"SMITH"},{"data":"Spot Weakness","floor":12,"key":"SMITH"}],"path_taken":["M","?","?","?","?","E","R","M","T","?","?","R","?","E"],"build_version":"2018-05-31","seed_source_timestamp":251213383323639,"purchased_purges":0,"victory":false,"master_deck":["Strike_R","Strike_R","Strike_R","Strike_R","Strike_R","Defend_R","Defend_R+1","Defend_R","Bash","Limit Break+1","Ghostly Armor","Dual Wield","Spot Weakness+1","Feed+1","Spot Weakness","Double Tap","Anger","Iron Wave"],"max_hp_per_floor":[80,80,80,80,80,83,83,91,91,91,91,91,91,91],"relics":["Burning Blood","Lantern","War Paint","Old Coin"],"card_choices":[{"not_picked":["Sword Boomerang","True Grit"],"picked":"Ghostly Armor","floor":1},{"not_picked":["Reckless Charge","Perfected Strike"],"picked":"Dual Wield","floor":2},{"not_picked":["Clash","Clothesline"],"picked":"Spot Weakness","floor":3},{"not_picked":["Hemokinesis","Second Wind"],"picked":"Double Tap","floor":6},{"not_picked":["Hemokinesis","Thunderclap"],"picked":"Anger","floor":8},{"not_picked":["Hemokinesis","Clothesline"],"picked":"Iron Wave","floor":11}],"player_experience":21134,"potions_floor_usage":[14,14,14],"damage_taken":[{"damage":6,"enemies":"Cultist","floor":1,"turns":3},{"damage":0,"enemies":"2 Louse","floor":2,"turns":3},{"damage":3,"enemies":"Small Slimes","floor":3,"turns":3},{"damage":25,"enemies":"3 Sentries","floor":6,"turns":6},{"damage":47,"enemies":"Exordium Thugs","floor":8,"turns":7},{"damage":7,"enemies":"Blue Slaver","floor":11,"turns":3},{"damage":40,"enemies":"Gremlin Nob","floor":14,"turns":4}],"relics_obtained":[{"floor":6,"key":"Lantern"},{"floor":9,"key":"War Paint"},{"floor":10,"key":"Old Coin"}],"event_choices":[{"event_name":"Living Wall","player_choice":"Change","floor":4,"damage_taken":0},{"event_name":"Golden Wing","player_choice":"Gained Gold","floor":13,"damage_taken":0}],"boss_relics":[],"items_purged_floors":[],"potions_floor_spawned":[2,3,8],"seed_played":"721757757583444155","killed_by":"Gremlin Nob","ascension_level":0,"potions_obtained":[{"floor":2,"key":"Dexterity Potion"},{"floor":3,"key":"Block Potion"},{"floor":8,"key":"PowerPotion"}],"is_trial":false}