{"path_per_floor":["M","M","?","M","M","R","E","$","T","E","R","?","M","?","R","B",null,"M","?","$","M","?","R","E","R","T","M","M","M","R","M","R"],"character_chosen":"DEFECT","items_purchased":["Barrage"],"gold_per_floor":[99,99,99,99,69,69,69,21,21,21,21,21,21,21,21,21,21,21,21,21,21,21,21,21,21,21,21,21,21,21,21,21,21],"floor_reached":33,"campfire_rested":3,"playtime":2287,"item_purchase_floors":[8],"current_hp_per_floor":[75,68,68,68,68,68,52,52,52,46,46,35,28,28,52,26,85,62,62,62,49,49,49,48,48,48,42,25,4,35,7,39,0],"items_purged":[],"gold":21,"score":382,"play_id":"80ed5150-f811-4696-9e36-37f46b946704","local_time":"20180523000308","is_prod":false,"is_daily":false,"chose_seed":false,"is_ascension_mode":true,"campfire_upgraded":4,"timestamp":1527001388,"campfire_choices":[{"data":"Beam Cell","floor":6,"key":"SMITH"},{"data":"Gash","floor":11,"key":"SMITH"},{"floor":15,"key":"REST"},{"data":"Hyperbeam","floor":23,"key":"SMITH"},{"data":"Go for the Eyes","floor":25,"key":"SMITH"},{"floor":30,"key":"REST"},{"floor":32,"key":"REST"}],"path_taken":["M","M","?","M","M","R","E","$","T","E","R","?","M","?","R","BOSS","M","?","$","?","?","R","E","R","T","M","M","M","R","M","R","BOSS"],"build_version":"2018-05-21v2","seed_source_timestamp":495956744185886,"purchased_purges":0,"victory":false,"master_deck":["Strike_B","Strike_B","Strike_B","Defend_B","Defend_B+1","Defend_B","Defend_B","Zap","Dualcast","Go for the Eyes+1","Cold Snap","Beam Cell+1","Rebound","Barrage","Gash+1","Hologram+1","Leap","Injury","Hyperbeam+1","Leap","Steam+1","Streamline","Auto Shields"],"max_hp_per_floor":[75,75,75,75,75,75,75,75,75,75,75,80,80,80,80,80,85,87,87,87,89,89,89,103,103,103,103,105,105,105,107,107,107],"relics":["Ectoplasm","Singing Bowl","Tiny Chest","Bag of Preparation","Odd Mushroom","Tiny House","Mango","Happy Flower"],"card_choices":[{"not_picked":["Stack","Steam Power","Fusion"],"picked":"SKIP","floor":1},{"not_picked":["Darkness","Turbo"],"picked":"Go for the Eyes","floor":2},{"not_picked":["Aggregate","Auto Shields"],"picked":"Cold Snap","floor":4},{"not_picked":["Go for the Eyes","Rebound"],"picked":"Beam Cell","floor":5},{"not_picked":["Sweeping Beam","Turbo"],"picked":"Rebound","floor":7},{"not_picked":["Redo","Meteor Strike"],"picked":"Gash","floor":10},{"not_picked":["Go for the Eyes","BootSequence"],"picked":"Hologram","floor":12},{"not_picked":["Rebound","Barrage"],"picked":"Leap","floor":13},{"not_picked":["Electrodynamics","Creative AI"],"picked":"Hyperbeam","floor":16},{"not_picked":["Stack","Ball Lightning"],"picked":"Leap","floor":17},{"not_picked":["Turbo","Capacitor","Rebound"],"picked":"Singing Bowl","floor":18},{"not_picked":["Steam","Capacitor+1","Barrage"],"picked":"Singing Bowl","floor":21},{"not_picked":["Barrage","Chill"],"picked":"Steam+1","floor":24},{"not_picked":["Consume","Doom and Gloom"],"picked":"Streamline","floor":27},{"not_picked":["Axe Kick+1","Beam Cell","Turbo"],"picked":"Singing Bowl","floor":28},{"not_picked":["Rebound","Leap"],"picked":"Auto Shields","floor":29},{"not_picked":["Cold Snap","Darkness","Leap+1"],"picked":"Singing Bowl","floor":31}],"player_experience":503340,"potions_floor_usage":[12,24,29,33,33],"damage_taken":[{"damage":0,"enemies":"2 Louse","floor":1,"turns":2},{"damage":7,"enemies":"Jaw Worm","floor":2,"turns":3},{"damage":0,"enemies":"Cultist","floor":4,"turns":4},{"damage":0,"enemies":"Looter","floor":5,"turns":3},{"damage":16,"enemies":"Lagavulin","floor":7,"turns":7},{"damage":6,"enemies":"Gremlin Nob","floor":10,"turns":3},{"damage":16,"enemies":"The Mushroom Lair","floor":12,"turns":4},{"damage":7,"enemies":"2 Fungi Beasts","floor":13,"turns":2},{"damage":26,"enemies":"The Guardian","floor":16,"turns":12},{"damage":25,"enemies":"Chosen","floor":18,"turns":5},{"damage":15,"enemies":"Spheric Guardian","floor":21,"turns":5},{"damage":15,"enemies":"Slavers","floor":24,"turns":5},{"damage":6,"enemies":"Snake Plant","floor":27,"turns":3},{"damage":19,"enemies":"Centurion and Healer","floor":28,"turns":7},{"damage":21,"enemies":"Snecko","floor":29,"turns":6},{"damage":30,"enemies":"3 Cultists","floor":31,"turns":6},{"damage":49,"enemies":"Collector","floor":33,"turns":8}],"relics_obtained":[{"floor":7,"key":"Singing Bowl"},{"floor":9,"key":"Tiny Chest"},{"floor":10,"key":"Bag of Preparation"},{"floor":12,"key":"Odd Mushroom"},{"floor":24,"key":"Mango"},{"floor":26,"key":"Happy Flower"}],"event_choices":[{"event_name":"Living Wall","player_choice":"Forget","floor":3,"damage_taken":0},{"event_name":"Mushrooms","player_choice":"Fought Mushrooms","floor":12,"damage_taken":0},{"event_name":"Accursed Blacksmith","player_choice":"Forge","floor":14,"damage_taken":0},{"event_name":"Beggar","player_choice":"Ignored","floor":19,"damage_taken":0},{"event_name":"Addict","player_choice":"Ignored","floor":22,"damage_taken":0}],"boss_relics":[{"not_picked":["Lizard Tail","Cursed Key"],"picked":"Tiny House"}],"items_purged_floors":[],"potions_floor_spawned":[4,5,7,10,27,28,29,31],"seed_played":"4294223780073558041","killed_by":"Collector","ascension_level":4,"potions_obtained":[{"floor":4,"key":"Strength Potion"},{"floor":5,"key":"Dexterity Potion"},{"floor":7,"key":"Fruit Juice"},{"floor":17,"key":"SkillPotion"},{"floor":27,"key":"PowerPotion"},{"floor":29,"key":"FocusPotion"}],"is_trial":false}