{"gold_per_floor":[114,127,140,153,153,153,179,179,179,209,226,246,246,246,246,341,341,351,362,362,206,220,220,235,264,264,264,264,120,137,137,137,242,242,256,271,286,143,154,154,182,182,182,199,218,318,318,328,328,328,328,328,47,77,77],"floor_reached":55,"playtime":2782,"items_purged":[],"score":806,"play_id":"a8f691b4-eaf6-4ec3-b4cc-281c783ccd2a","local_time":"20190306015016","daily_mods":["SealedDeck"],"is_ascension_mode":false,"campfire_choices":[{"data":"Body Slam","floor":6.0,"key":"SMITH"},{"data":"Entrench","floor":8.0,"key":"SMITH"},{"data":"Body Slam","floor":13.0,"key":"SMITH"},{"data":"Headbutt","floor":15.0,"key":"SMITH"},{"data":"Body Slam","floor":23.0,"key":"SMITH"},{"floor":28.0,"key":"RECALL"},{"data":"Impervious","floor":32.0,"key":"SMITH"},{"data":"Metallicize","floor":40.0,"key":"SMITH"},{"data":"Rage","floor":42.0,"key":"SMITH"},{"floor":47.0,"key":"DIG"},{"floor":49.0,"key":"DIG"},{"floor":52.0,"key":"DIG"}],"neow_cost":"","seed_source_timestamp":0,"circlet_count":0,"master_deck":["Clash+1","Headbutt+1","Rage+1","Iron Wave","Metallicize+1","Ghostly Armor+1","Shrug It Off+1","Entrench+1","Shrug It Off","Body Slam+1","Clash","Headbutt+1","Dual Wield+1","Power Through","Iron Wave","Body Slam+1","Impervious+1","Body Slam+1","Flame Barrier+1","Body Slam+1","Decay","Entrench+1","Impervious+1"],"special_seed":0,"relics":["Burning Blood","Mercury Hourglass","Frozen Egg 2","Kunai","Sozu","Anchor","Art of War","Whetstone","Oddly Smooth Stone","Cursed Key","Pen Nib","Shuriken","Shovel","The Courier","Happy Flower","Blue Candle","DollysMirror","War Paint","Orichalcum"],"potions_floor_usage":[55],"damage_taken":[{"damage":0.0,"enemies":"2 Louse","floor":1.0,"turns":3.0},{"damage":0.0,"enemies":"Jaw Worm","floor":2.0,"turns":3.0},{"damage":0.0,"enemies":"Cultist","floor":3.0,"turns":3.0},{"damage":0.0,"enemies":"3 Louse","floor":4.0,"turns":4.0},{"damage":6.0,"enemies":"3 Sentries","floor":7.0,"turns":11.0},{"damage":0.0,"enemies":"Gremlin Nob","floor":10.0,"turns":3.0},{"damage":0.0,"enemies":"Large Slime","floor":11.0,"turns":5.0},{"damage":0.0,"enemies":"Looter","floor":12.0,"turns":2.0},{"damage":73.0,"enemies":"Slime Boss","floor":16.0,"turns":12.0},{"damage":0.0,"enemies":"2 Thieves","floor":18.0,"turns":3.0},{"damage":0.0,"enemies":"3 Byrds","floor":19.0,"turns":4.0},{"damage":0.0,"enemies":"Snecko","floor":22.0,"turns":4.0},{"damage":0.0,"enemies":"Snake Plant","floor":24.0,"turns":3.0},{"damage":9.0,"enemies":"Book of Stabbing","floor":25.0,"turns":3.0},{"damage":0.0,"enemies":"Sentry and Sphere","floor":30.0,"turns":3.0},{"damage":43.0,"enemies":"Collector","floor":33.0,"turns":8.0},{"damage":0.0,"enemies":"3 Darklings","floor":35.0,"turns":2.0},{"damage":12.0,"enemies":"3 Shapes","floor":36.0,"turns":4.0},{"damage":0.0,"enemies":"Sphere and 2 Shapes","floor":37.0,"turns":2.0},{"damage":0.0,"enemies":"Spire Growth","floor":39.0,"turns":2.0},{"damage":0.0,"enemies":"Nemesis","floor":41.0,"turns":3.0},{"damage":0.0,"enemies":"4 Shapes","floor":44.0,"turns":3.0},{"damage":0.0,"enemies":"Transient","floor":45.0,"turns":5.0},{"damage":0.0,"enemies":"Mind Bloom Boss Battle","floor":46.0,"turns":2.0},{"damage":12.0,"enemies":"Maw","floor":48.0,"turns":6.0},{"damage":50.0,"enemies":"Donu and Deca","floor":50.0,"turns":11.0},{"damage":1.0,"enemies":"Shield and Spear","floor":54.0,"turns":6.0},{"damage":103,"enemies":"The Heart","floor":55,"turns":8}],"seed_played":"3206220328831553419","potions_obtained":[{"floor":3.0,"key":"Block Potion"},{"floor":10.0,"key":"BloodPotion"},{"floor":11.0,"key":"EntropicBrew"}],"is_trial":true,"path_per_floor":["M","M","M","M","?","R","E","R","T","E","M","M","R","?","R","B",null,"M","M","?","$","M","R","M","E","T","?","R","$","M","?","R","B",null,"M","M","M","$","M","R","E","R","T","M","M","?","R","M","R","B",null,"R","$","E","B"],"character_chosen":"IRONCLAD","items_purchased":["Anchor","Oddly Smooth Stone","Pen Nib","DollysMirror","War Paint"],"campfire_rested":0,"item_purchase_floors":[21,29,38,53,53],"current_hp_per_floor":[80,80,80,80,85,85,85,85,85,85,85,85,85,85,85,26,85,85,85,85,85,85,85,85,82,82,82,82,82,85,85,85,48,85,85,79,85,85,85,85,85,85,85,85,85,85,85,79,79,35,85,85,85,85,0],"gold":77,"neow_bonus":"","is_prod":false,"is_daily":false,"chose_seed":false,"campfire_upgraded":8,"win_rate":0,"timestamp":1551855016,"path_taken":["M","M","M","M","?","R","E","R","T","E","M","M","R","?","R","BOSS","M","M","?","$","M","R","M","E","T","?","R","$","M","?","R","BOSS","M","M","M","$","M","R","E","R","T","M","M","?","R","M","R","BOSS","R","$","E","BOSS"],"build_version":"2019-01-23","purchased_purges":0,"victory":false,"max_hp_per_floor":[80,80,80,80,85,85,85,85,85,85,85,85,85,85,85,85,85,85,85,85,85,85,85,85,85,85,85,85,85,85,85,85,85,85,85,85,85,85,85,85,85,85,85,85,85,85,85,85,85,85,85,85,85,85,85],"card_choices":[{"not_picked":["Thunderclap","Pommel Strike"],"picked":"Clash","floor":1.0},{"not_picked":["Clash","Heavy Blade"],"picked":"Headbutt","floor":2.0},{"not_picked":["Seeing Red","Sword Boomerang"],"picked":"Dual Wield","floor":3.0},{"not_picked":["Headbutt","Armaments"],"picked":"Power Through","floor":4.0},{"not_picked":["Bludgeon","Pommel Strike"],"picked":"Iron Wave","floor":7.0},{"not_picked":["Wild Strike","Pommel Strike","Rampage"],"picked":"SKIP","floor":10.0},{"not_picked":["Brutality+1","Twin Strike"],"picked":"Body Slam","floor":11.0},{"not_picked":["Perfected Strike","Warcry","Shockwave"],"picked":"SKIP","floor":12.0},{"not_picked":["Bludgeon","Immolate"],"picked":"Impervious","floor":16.0},{"not_picked":["Second Wind","Anger","Uppercut"],"picked":"SKIP","floor":18.0},{"not_picked":["Shrug It Off","Clothesline"],"picked":"Body Slam","floor":19.0},{"not_picked":["Spot Weakness","Shrug It Off","Combust+1"],"picked":"SKIP","floor":22.0},{"not_picked":["Rampage","Sentinel","Flex"],"picked":"SKIP","floor":24.0},{"not_picked":["Clothesline","Anger"],"picked":"Flame Barrier+1","floor":25.0},{"not_picked":["Dropkick","Twin Strike","Brutality+1"],"picked":"SKIP","floor":30.0},{"not_picked":["Havoc+1","Clothesline+1"],"picked":"Body Slam+1","floor":35.0},{"not_picked":["Cleave+1","Fire Breathing+1","Clothesline"],"picked":"SKIP","floor":36.0},{"not_picked":["Metallicize+1","Rage","Cleave"],"picked":"SKIP","floor":37.0},{"not_picked":["Feed","Cleave+1","Feel No Pain+1"],"picked":"SKIP","floor":39.0},{"not_picked":["Twin Strike","Flex","Disarm"],"picked":"SKIP","floor":41.0},{"not_picked":["Fire Breathing+1","Pommel Strike","Thunderclap"],"picked":"SKIP","floor":44.0},{"not_picked":["Rage+1","Wild Strike","Burning Pact"],"picked":"SKIP","floor":45.0},{"not_picked":["Cleave","True Grit"],"picked":"Entrench+1","floor":46.0},{"not_picked":["Shrug It Off","Clothesline+1","Searing Blow+1"],"picked":"SKIP","floor":48.0},{"not_picked":["Twin Strike+1","Pommel Strike","Double Tap"],"picked":"SKIP","floor":54.0}],"player_experience":507405,"relics_obtained":[{"floor":7.0,"key":"Mercury Hourglass"},{"floor":9.0,"key":"Frozen Egg 2"},{"floor":10.0,"key":"Kunai"},{"floor":25.0,"key":"Art of War"},{"floor":26.0,"key":"Whetstone"},{"floor":41.0,"key":"Shuriken"},{"floor":46.0,"key":"Shovel"},{"floor":47.0,"key":"The Courier"},{"floor":49.0,"key":"Happy Flower"},{"floor":52.0,"key":"Blue Candle"},{"floor":54.0,"key":"Orichalcum"}],"event_choices":[{"damage_healed":0.0,"max_hp_gain":5.0,"max_hp_loss":0.0,"gold_gain":0.0,"event_name":"Big Fish","player_choice":"Donut","floor":5.0,"gold_loss":0.0,"damage_taken":0.0},{"damage_healed":0.0,"max_hp_gain":0.0,"max_hp_loss":0.0,"gold_gain":0.0,"event_name":"Upgrade Shrine","player_choice":"Upgraded","floor":14.0,"gold_loss":0.0,"damage_taken":0.0,"cards_upgraded":["Dual Wield"]},{"damage_healed":0.0,"max_hp_gain":0.0,"max_hp_loss":0.0,"gold_gain":0.0,"event_name":"Back to Basics","player_choice":"Simplicity","floor":20.0,"gold_loss":0.0,"damage_taken":0.0,"cards_upgraded":[]},{"damage_healed":0.0,"max_hp_gain":0.0,"max_hp_loss":0.0,"gold_gain":0.0,"event_name":"Vampires","player_choice":"Ignored","floor":27.0,"gold_loss":0.0,"damage_taken":0.0},{"damage_healed":0.0,"max_hp_gain":0.0,"max_hp_loss":0.0,"gold_gain":0.0,"event_name":"Ghosts","player_choice":"Ignored","floor":31.0,"gold_loss":0.0,"damage_taken":0.0},{"damage_healed":0.0,"max_hp_gain":0.0,"max_hp_loss":0.0,"gold_gain":0.0,"event_name":"MindBloom","player_choice":"Fight","floor":46.0,"gold_loss":0.0,"damage_taken":0.0}],"is_beta":false,"boss_relics":[{"not_picked":["Calling Bell","White Beast Statue"],"picked":"Sozu"},{"not_picked":["Philosopher\u0027s Stone","Coffee Dripper"],"picked":"Cursed Key"}],"items_purged_floors":[],"is_endless":false,"potions_floor_spawned":[3,10,11,19,22,33,36,39,41,45],"killed_by":"The Heart","ascension_level":0}