{"path_per_floor":["M","?","M","?","$","R","E","R","T","E","R","?","M","M","R","B",null,"M","M","?","?","?","R","M","$","T","R","E","M","$","M","R","B",null,"M","M","M","$","?","R","E","M","T","R","M","?"],"character_chosen":"THE_SILENT","items_purchased":["Bouncing Flask","Dagger Spray","Footwork","Sadistic Nature","Backflip","Well Laid Plans"],"gold_per_floor":[113,113,128,128,34,34,68,68,68,93,93,93,108,126,126,200,200,214,231,231,231,231,231,244,3,3,3,38,57,36,55,55,134,134,144,154,170,30,30,30,64,78,78,78,88,88,88],"floor_reached":47,"campfire_rested":3,"playtime":1728,"current_hp_per_floor":[59,64,64,57,57,57,57,57,57,45,45,45,45,45,45,40,63,51,40,40,40,40,40,31,31,31,52,28,28,28,24,45,28,60,52,52,41,41,31,52,49,37,37,37,21,21,0],"items_purged":["Strike_G","Riddle With Holes"],"gold":88,"score":889,"play_id":"f3a53521-0bdd-4a5a-aa8e-c6abf4a2c7a5","local_time":"20180409020720","is_prod":false,"is_daily":false,"is_ascension_mode":true,"campfire_upgraded":6,"timestamp":1523207240,"path_taken":["M","?","?","?","$","R","E","R","T","E","R","?","M","M","R","BOSS","M","M","?","?","?","R","M","$","T","R","E","M","$","?","R","BOSS","M","M","?","$","?","R","E","M","T","R","M","?","E"],"build_version":"2018-04-05v2","purchased_purges":2,"victory":false,"master_deck":["Defend_G","Defend_G","Defend_G","Defend_G","Defend_G","Survivor","Neutralize+1","AscendersBane","Deadly Poison","Sucker Punch","Bouncing Flask+1","Dagger Spray+1","Noxious Fumes+1","Prepared+1","Backstab","Cloak And Dagger","Tactician","Blur+1","Outmaneuver+1","Prepared","Noxious Fumes+1","Calculated Gamble+1","Footwork","Sadistic Nature","Backflip","Catalyst+1","Backflip","Leg Sweep","Footwork","Calculated Gamble+1","Well Laid Plans","Sadistic Nature","Sadistic Nature","Finesse"],"max_hp_per_floor":[66,71,71,71,71,71,71,71,71,71,71,71,71,71,71,71,71,71,71,71,71,71,71,71,71,71,71,71,71,71,71,71,71,71,71,71,71,71,71,71,71,71,71,71,71,71,71],"relics":["Ring of the Snake","NeowsBlessing","Gremlin Horn","The Courier","Ninja Scroll","Astrolabe","Letter Opener","Dream Catcher","Sozu","Prayer Wheel","Calipers"],"card_choices":[{"not_picked":["Bane","Cloak And Dagger"],"picked":"Deadly Poison","floor":1},{"not_picked":["Underhanded Strike","Prepared"],"picked":"Sucker Punch","floor":3},{"not_picked":["Bane","Venomology"],"picked":"Noxious Fumes","floor":7},{"not_picked":["Slice","Flying Knee"],"picked":"Prepared","floor":10},{"not_picked":["Infinite Blades","PiercingWail"],"picked":"Backstab","floor":13},{"not_picked":["Poisoned Stab","Bullet Time"],"picked":"Cloak And Dagger","floor":14},{"not_picked":["A Thousand Cuts","Venomology"],"picked":"Tactician","floor":16},{"not_picked":["PiercingWail","Quick Slash"],"picked":"Calculated Gamble","floor":24},{"not_picked":["Venomology","Flechettes"],"picked":"Backflip","floor":28},{"not_picked":["Poisoned Stab","Expertise"],"picked":"Catalyst","floor":29},{"not_picked":["Masterful Stab","Expertise"],"picked":"Leg Sweep","floor":31},{"not_picked":["Acrobatics","Crippling Poison"],"picked":"Footwork","floor":36},{"not_picked":["Quick Slash","Acrobatics"],"picked":"Calculated Gamble","floor":37},{"not_picked":["Secret Technique","Madness"],"picked":"Sadistic Nature","floor":39},{"not_picked":["Deep Breath","Trip"],"picked":"Sadistic Nature","floor":39},{"not_picked":["Jack Of All Trades","Enlightenment"],"picked":"Finesse","floor":39}],"player_experience":418908,"potions_floor_usage":[10,14,24,24,28,33,33,45],"damage_taken":[{"damage":0,"enemies":"Jaw Worm","floor":1,"turns":1},{"damage":0,"enemies":"2 Louse","floor":3,"turns":1},{"damage":0,"enemies":"Gremlin Nob","floor":7,"turns":1},{"damage":12,"enemies":"Lagavulin","floor":10,"turns":5},{"damage":0,"enemies":"Cultist","floor":13,"turns":2},{"damage":0,"enemies":"Looter","floor":14,"turns":1},{"damage":5,"enemies":"Slime Boss","floor":16,"turns":8},{"damage":12,"enemies":"2 Thieves","floor":18,"turns":4},{"damage":11,"enemies":"Chosen","floor":19,"turns":4},{"damage":21,"enemies":"Sentry and Sphere","floor":24,"turns":5},{"damage":24,"enemies":"Book of Stabbing","floor":28,"turns":6},{"damage":0,"enemies":"Cultist and Chosen","floor":29,"turns":5},{"damage":4,"enemies":"3 Cultists","floor":31,"turns":3},{"damage":17,"enemies":"Collector","floor":33,"turns":6},{"damage":8,"enemies":"Orb Walker","floor":35,"turns":3},{"damage":0,"enemies":"3 Shapes","floor":36,"turns":5},{"damage":11,"enemies":"Sphere and 2 Shapes","floor":37,"turns":6},{"damage":3,"enemies":"Nemesis","floor":41,"turns":7},{"damage":12,"enemies":"4 Shapes","floor":42,"turns":4},{"damage":16,"enemies":"3 Darklings","floor":45,"turns":5},{"damage":22,"enemies":"Giant Head","floor":47,"turns":6}],"event_choices":[{"event_name":"Big Fish","player_choice":"Donut","floor":2,"damage_taken":0},{"event_name":"Golden Wing","player_choice":"Card Removal","floor":4,"damage_taken":0},{"event_name":"Liars Game","player_choice":"disagreed","floor":12,"damage_taken":0},{"event_name":"Match and Keep!","player_choice":"1 cards matched","floor":20,"damage_taken":0},{"event_name":"Duplicator","player_choice":"One dupe","floor":21,"damage_taken":0},{"event_name":"The Lab","player_choice":"Got Potions","floor":22,"damage_taken":0},{"event_name":"SensoryStone","player_choice":"Memory 3","floor":39,"damage_taken":0},{"event_name":"Mysterious Sphere","player_choice":"Ignore","floor":46,"damage_taken":0}],"boss_relics":[{"not_picked":["Black Star","Lizard Tail"],"picked":"Astrolabe"},{"not_picked":["Pandora\u0027s Box","Cursed Key"],"picked":"Sozu"}],"potions_floor_spawned":[3,10,16,18,24,31,33,37,45],"seed_played":"-7932740887499644222","killed_by":"Giant Head","ascension_level":15,"is_trial":false}