{"gold_per_floor":[113,113,127,137,147,177,177,203,203,162,178,178],"floor_reached":12,"playtime":460,"items_purged":[],"score":180,"play_id":"e82900fb-51de-42e6-bc34-25fcba8ffe3d","local_time":"20181103112611","is_ascension_mode":true,"campfire_choices":[{"floor":7,"key":"REST"}],"neow_cost":"NONE","seed_source_timestamp":140866891557472,"circlet_count":0,"master_deck":["AscendersBane","Defend_G","Defend_G","Defend_G","Defend_G","Strike_G","Strike_G","Strike_G","Strike_G","Strike_G","Survivor","Neutralize","Leg Sweep","Heel Hook","Burst","Blur","Escape Plan","Clumsy","Backstab"],"special_seed":0,"relics":["Cursed Key","Ninja Scroll","Mummified Hand","Mercury Hourglass"],"potions_floor_usage":[5,6],"damage_taken":[{"damage":0.0,"enemies":"Jaw Worm","floor":1.0,"turns":5.0},{"damage":0.0,"enemies":"Cultist","floor":3.0,"turns":4.0},{"damage":0.0,"enemies":"2 Louse","floor":4.0,"turns":4.0},{"damage":4,"enemies":"Large Slime","floor":5,"turns":7},{"damage":40,"enemies":"3 Sentries","floor":6,"turns":17},{"damage":48,"enemies":"Gremlin Nob","floor":8,"turns":6},{"damage":0,"enemies":"Looter","floor":11,"turns":3},{"damage":8,"enemies":"Blue Slaver","floor":12,"turns":2}],"seed_played":"2473272267951301805","potions_obtained":[{"floor":3.0,"key":"SteroidPotion"},{"floor":4.0,"key":"Regen Potion"}],"is_trial":false,"path_per_floor":["M","?","M","M","M","E","R","E","T","?","M","M"],"character_chosen":"THE_SILENT","items_purchased":[],"campfire_rested":1,"item_purchase_floors":[],"current_hp_per_floor":[59,59,59,59,55,30,49,1,1,1,1,0],"gold":178,"neow_bonus":"BOSS_RELIC","is_prod":false,"is_daily":false,"chose_seed":false,"campfire_upgraded":0,"win_rate":0,"timestamp":1541269571,"path_taken":["M","?","?","M","M","E","R","E","T","?","M","M"],"build_version":"2018-11-01","purchased_purges":0,"victory":false,"max_hp_per_floor":[66,66,66,66,66,66,66,66,66,66,66,66],"card_choices":[{"not_picked":["Dagger Spray","Skewer"],"picked":"Leg Sweep","floor":1.0},{"not_picked":["Underhanded Strike","Dagger Spray"],"picked":"Burst","floor":3.0},{"not_picked":["Poisoned Stab","Deadly Poison"],"picked":"Blur","floor":4.0},{"not_picked":["Dagger Throw","Flying Knee","Outmaneuver"],"picked":"SKIP","floor":5},{"not_picked":["Dagger Throw","Setup","Flying Knee"],"picked":"SKIP","floor":6},{"not_picked":["Calculated Gamble","Glass Knife"],"picked":"Escape Plan","floor":8},{"not_picked":["Sucker Punch","Calculated Gamble"],"picked":"Backstab","floor":11}],"player_experience":600829,"relics_obtained":[{"floor":6,"key":"Ninja Scroll"},{"floor":8,"key":"Mummified Hand"},{"floor":9,"key":"Mercury Hourglass"}],"event_choices":[{"damage_healed":0.0,"max_hp_gain":0.0,"max_hp_loss":0.0,"gold_gain":0.0,"cards_transformed":["Defend_G"],"event_name":"Transmorgrifier","player_choice":"Transformed","floor":2.0,"gold_loss":0.0,"damage_taken":0.0,"cards_obtained":["Heel Hook"]},{"damage_healed":0,"gold_gain":0,"player_choice":"Left Gold","damage_taken":0,"max_hp_gain":0,"max_hp_loss":0,"event_name":"World of Goop","floor":10,"gold_loss":41}],"is_beta":false,"boss_relics":[],"items_purged_floors":[],"is_endless":false,"potions_floor_spawned":[3,4],"killed_by":"Blue Slaver","ascension_level":20}