{"gold_per_floor":[118,129,141,160,178,178,196,229,229,257,314,314,36,61,61,135,135,145,195,207,225,225,225,260,273,349,349,362,389,402,429,429,502,502,514,223,235,251,271,303,303,303],"floor_reached":42,"playtime":3300,"items_purged":["Strike_B","Strike_B"],"score":1124,"play_id":"241ae2db-3816-438f-9817-902760efa3a6","local_time":"20190303153238","is_ascension_mode":true,"campfire_choices":[{"data":"Zap","floor":6.0,"key":"SMITH"},{"data":"Buffer","floor":12.0,"key":"SMITH"},{"data":"Rip and Tear","floor":15.0,"key":"SMITH"},{"floor":23.0,"key":"REST"},{"floor":27.0,"key":"REST"},{"floor":32.0,"key":"RECALL"},{"floor":41.0,"key":"REST"}],"neow_cost":"TEN_PERCENT_HP_LOSS","seed_source_timestamp":195594078402536,"circlet_count":0,"master_deck":["AscendersBane","Defend_B+1","Defend_B","Defend_B","Defend_B","Zap+1","Dualcast","Go for the Eyes","Compile Driver","Leap+1","Rip and Tear+1","Buffer+1","Undo","Ball Lightning","Genetic Algorithm","Coolheaded","Glacier","Go for the Eyes","Self Repair","Compile Driver","Electrodynamics","Rip and Tear","Darkness","Rebound","Blizzard+1","Genetic Algorithm","Auto Shields","Coolheaded","Thunder Strike","Master of Strategy","Ball Lightning","Steam+1"],"special_seed":0,"relics":["Cracked Core","Dodecahedron","Mercury Hourglass","Mango","War Paint","Ornamental Fan","Fusion Hammer","Bottled Tornado","Turnip","Cables","Smiling Mask","Bottled Lightning","Black Star","Pen Nib","Blue Candle"],"potions_floor_usage":[42],"damage_taken":[{"damage":12.0,"enemies":"Jaw Worm","floor":1.0,"turns":3.0},{"damage":0.0,"enemies":"2 Louse","floor":2.0,"turns":3.0},{"damage":1.0,"enemies":"Cultist","floor":3.0,"turns":3.0},{"damage":0.0,"enemies":"Exordium Thugs","floor":4.0,"turns":4.0},{"damage":18.0,"enemies":"Gremlin Gang","floor":5.0,"turns":6.0},{"damage":6.0,"enemies":"Looter","floor":7.0,"turns":4.0},{"damage":1.0,"enemies":"3 Sentries","floor":8.0,"turns":8.0},{"damage":0.0,"enemies":"Lagavulin","floor":10.0,"turns":5.0},{"damage":3.0,"enemies":"3 Sentries","floor":11.0,"turns":6.0},{"damage":14.0,"enemies":"Gremlin Nob","floor":14.0,"turns":4.0},{"damage":7.0,"enemies":"Hexaghost","floor":16.0,"turns":12.0},{"damage":0.0,"enemies":"3 Byrds","floor":18.0,"turns":5.0},{"damage":4.0,"enemies":"2 Thieves","floor":20.0,"turns":4.0},{"damage":17.0,"enemies":"Cultist and Chosen","floor":21.0,"turns":5.0},{"damage":25.0,"enemies":"Book of Stabbing","floor":24.0,"turns":6.0},{"damage":8.0,"enemies":"Snake Plant","floor":25.0,"turns":4.0},{"damage":0.0,"enemies":"Snecko","floor":28.0,"turns":4.0},{"damage":0.0,"enemies":"Gremlin Leader","floor":29.0,"turns":4.0},{"damage":0.0,"enemies":"3 Cultists","floor":30.0,"turns":3.0},{"damage":18.0,"enemies":"Slavers","floor":31.0,"turns":3.0},{"damage":26.0,"enemies":"Collector","floor":33.0,"turns":12.0},{"damage":6.0,"enemies":"3 Shapes","floor":35.0,"turns":3.0},{"damage":0.0,"enemies":"Orb Walker","floor":37.0,"turns":4.0},{"damage":43.0,"enemies":"Spire Growth","floor":38.0,"turns":6.0},{"damage":15.0,"enemies":"Maw","floor":39.0,"turns":8.0},{"damage":9.0,"enemies":"Reptomancer","floor":40.0,"turns":7.0},{"damage":77,"enemies":"Giant Head","floor":42,"turns":8}],"seed_played":"752916331206895343","potions_obtained":[{"floor":2.0,"key":"EssenceOfSteel"},{"floor":5.0,"key":"EntropicBrew"},{"floor":8.0,"key":"SteroidPotion"},{"floor":14.0,"key":"Dexterity Potion"},{"floor":16.0,"key":"Dexterity Potion"},{"floor":29.0,"key":"Explosive Potion"},{"floor":31.0,"key":"Explosive Potion"},{"floor":35.0,"key":"FocusPotion"},{"floor":39.0,"key":"PowerPotion"}],"is_trial":false,"path_per_floor":["M","M","M","M","M","R","M","E","T","E","?","R","$","E","R","B",null,"M","?","M","M","T","R","E","M","T","R","M","E","M","E","R","B",null,"M","$","M","M","M","E","R","E"],"character_chosen":"DEFECT","items_purchased":["Glacier","Go for the Eyes","Self Repair","Master of Strategy","Ball Lightning"],"campfire_rested":3,"item_purchase_floors":[13,13,13,36,36],"current_hp_per_floor":[52,52,51,51,33,33,27,26,26,40,37,37,37,30,30,30,66,73,73,69,59,59,78,60,59,59,78,78,78,78,60,60,41,69,63,63,63,27,19,17,40,0],"gold":303,"neow_bonus":"REMOVE_TWO","is_prod":false,"is_daily":false,"chose_seed":false,"campfire_upgraded":3,"win_rate":0,"timestamp":1551645158,"path_taken":["M","M","M","M","M","R","M","E","T","E","?","R","$","E","R","BOSS","M","?","M","?","?","R","E","M","T","R","M","E","M","E","R","BOSS","M","$","M","M","?","E","R","E"],"build_version":"2019-01-23","purchased_purges":2,"victory":false,"max_hp_per_floor":[64,64,64,64,64,64,64,64,64,78,78,78,78,78,78,78,78,78,78,78,78,78,78,78,78,78,78,78,78,78,78,78,78,78,78,78,78,78,78,78,78,78],"card_choices":[{"not_picked":["Stack","Undo"],"picked":"Go for the Eyes","floor":1.0},{"not_picked":["Go for the Eyes","Rebound"],"picked":"Compile Driver","floor":2.0},{"not_picked":["Rebound","Steam"],"picked":"Leap","floor":3.0},{"not_picked":["Cold Snap","Gash"],"picked":"Rip and Tear","floor":4.0},{"not_picked":["Compile Driver","Go for the Eyes"],"picked":"Buffer","floor":5.0},{"not_picked":["Streamline","Turbo"],"picked":"Undo","floor":7.0},{"not_picked":["White Noise","Barrage"],"picked":"Ball Lightning","floor":8.0},{"not_picked":["FTL","Recycle"],"picked":"Genetic Algorithm","floor":10.0},{"not_picked":["Redo","Hologram"],"picked":"Coolheaded","floor":11.0},{"not_picked":["Leap","Melter"],"picked":"Compile Driver","floor":14.0},{"not_picked":["Echo Form","Seek"],"picked":"Electrodynamics","floor":16.0},{"not_picked":["Beam Cell","Leap+1","Coolheaded"],"picked":"SKIP","floor":18.0},{"not_picked":["Stack","Barrage"],"picked":"Rip and Tear","floor":20.0},{"not_picked":["All For One","Gash","Hologram"],"picked":"SKIP","floor":21.0},{"not_picked":["Turbo","Cold Snap"],"picked":"Darkness","floor":24.0},{"not_picked":["Sweeping Beam","Turbo"],"picked":"Rebound","floor":25.0},{"not_picked":["Static Discharge","Turbo+1"],"picked":"Blizzard+1","floor":28.0},{"not_picked":["All For One","Aggregate"],"picked":"Genetic Algorithm","floor":29.0},{"not_picked":["Compile Driver","Beam Cell"],"picked":"Auto Shields","floor":30.0},{"not_picked":["Stack","Darkness"],"picked":"Coolheaded","floor":31.0},{"not_picked":["Hyperbeam","Creative AI"],"picked":"Thunder Strike","floor":33.0},{"not_picked":["Double Energy","Beam Cell","Stack"],"picked":"SKIP","floor":35.0},{"not_picked":["Turbo","Leap","Self Repair"],"picked":"SKIP","floor":37.0},{"not_picked":["Leap+1","Blizzard","Cold Snap"],"picked":"SKIP","floor":38.0},{"not_picked":["Undo","Rip and Tear"],"picked":"Steam+1","floor":39.0},{"not_picked":["Fusion","Turbo","Leap"],"picked":"SKIP","floor":40.0}],"player_experience":662926,"relics_obtained":[{"floor":8.0,"key":"Dodecahedron"},{"floor":9.0,"key":"Mercury Hourglass"},{"floor":10.0,"key":"Mango"},{"floor":11.0,"key":"War Paint"},{"floor":14.0,"key":"Ornamental Fan"},{"floor":22.0,"key":"Bottled Tornado"},{"floor":24.0,"key":"Turnip"},{"floor":26.0,"key":"Cables"},{"floor":29.0,"key":"Smiling Mask"},{"floor":31.0,"key":"Bottled Lightning"},{"floor":40.0,"key":"Pen Nib"},{"floor":40.0,"key":"Blue Candle"}],"event_choices":[{"damage_healed":0.0,"max_hp_gain":0.0,"max_hp_loss":0.0,"gold_gain":0.0,"event_name":"Dead Adventurer","player_choice":"Searched \u00271\u0027 times","floor":11.0,"gold_loss":0.0,"damage_taken":0.0},{"damage_healed":0.0,"max_hp_gain":0.0,"max_hp_loss":0.0,"gold_gain":50.0,"event_name":"Golden Shrine","player_choice":"Pray","floor":19.0,"gold_loss":0.0,"damage_taken":0.0}],"is_beta":false,"boss_relics":[{"not_picked":["Runic Dome","Lizard Tail"],"picked":"Fusion Hammer"},{"not_picked":["Eternal Feather","Coffee Dripper"],"picked":"Black Star"}],"items_purged_floors":[13,36],"is_endless":false,"potions_floor_spawned":[2,5,8,14,16,24,28,29,31,35,39],"killed_by":"Giant Head","ascension_level":20}