{"gold_per_floor":[111,127,138,157,176,176,176,188,188,201,201,218,233,252,252,252],"floor_reached":16,"playtime":1025,"items_purged":[],"score":100,"play_id":"388e3293-db0d-41ea-ab35-ddb21a682777","local_time":"20180910120632","is_ascension_mode":false,"campfire_choices":[{"data":"Warcry","floor":7,"key":"SMITH"},{"data":"Bash","floor":11,"key":"SMITH"},{"floor":15,"key":"REST"}],"neow_cost":"NONE","seed_source_timestamp":311241070595650,"circlet_count":0,"master_deck":["Strike_R","Strike_R","Strike_R","Strike_R+1","Strike_R","Defend_R","Defend_R","Defend_R","Defend_R","Bash+1","Anger","Warcry+1","Warcry+1","Spot Weakness","Headbutt","Fire Breathing"],"relics":["Burning Blood","Dodecahedron"],"potions_floor_usage":[0,2,2,8,10,12,13],"damage_taken":[{"damage":1,"enemies":"2 Louse","floor":1,"turns":2},{"damage":3,"enemies":"Small Slimes","floor":2,"turns":3},{"damage":11,"enemies":"Jaw Worm","floor":3,"turns":2},{"damage":13,"enemies":"2 Fungi Beasts","floor":4,"turns":4},{"damage":16,"enemies":"3 Louse","floor":5,"turns":3},{"damage":11,"enemies":"Red Slaver","floor":8,"turns":3},{"damage":9,"enemies":"2 Fungi Beasts","floor":10,"turns":3},{"damage":9,"enemies":"Exordium Thugs","floor":12,"turns":4},{"damage":7,"enemies":"Looter","floor":13,"turns":3},{"damage":12,"enemies":"3 Louse","floor":14,"turns":4},{"damage":54,"enemies":"Hexaghost","floor":16,"turns":8}],"seed_played":"6010609017412313538","potions_obtained":[{"floor":0,"key":"Weak Potion"},{"floor":0,"key":"SkillPotion"},{"floor":0,"key":"Fruit Juice"},{"floor":1,"key":"Weak Potion"},{"floor":4,"key":"Regen Potion"},{"floor":8,"key":"Poison Potion"},{"floor":10,"key":"Block Potion"}],"is_trial":false,"path_per_floor":["M","M","M","M","M","?","R","M","T","M","R","M","M","M","R"],"character_chosen":"IRONCLAD","items_purchased":[],"campfire_rested":1,"item_purchase_floors":[],"current_hp_per_floor":[85,85,80,73,63,46,46,50,50,47,47,44,43,37,62,8],"gold":252,"neow_bonus":"THREE_SMALL_POTIONS","is_prod":false,"is_daily":false,"chose_seed":false,"campfire_upgraded":2,"win_rate":0.0,"timestamp":1536595592,"path_taken":["M","M","M","M","M","?","R","M","T","M","R","M","M","M","R","BOSS"],"build_version":"2018-09-06","purchased_purges":0,"victory":false,"max_hp_per_floor":[85,85,85,85,85,85,85,85,85,85,85,85,85,85,85,85],"card_choices":[{"not_picked":["Wild Strike","Rupture"],"picked":"Anger","floor":1},{"not_picked":["Thunderclap","Anger"],"picked":"Warcry","floor":2},{"not_picked":["Shrug It Off","Clothesline","Thunderclap"],"picked":"SKIP","floor":3},{"not_picked":["Blood for Blood","Iron Wave"],"picked":"Warcry","floor":4},{"not_picked":["Clothesline","Second Wind","Reckless Charge"],"picked":"SKIP","floor":5},{"not_picked":["Clash","Barricade","Havoc"],"picked":"SKIP","floor":8},{"not_picked":["Wild Strike","Second Wind","Feel No Pain"],"picked":"SKIP","floor":10},{"not_picked":["Burning Pact","Reckless Charge"],"picked":"Spot Weakness","floor":12},{"not_picked":["Anger","True Grit"],"picked":"Headbutt","floor":13},{"not_picked":["Hemokinesis","Clash"],"picked":"Fire Breathing","floor":14}],"player_experience":57173,"relics_obtained":[{"floor":9,"key":"Dodecahedron"}],"event_choices":[{"event_name":"Shining Light","player_choice":"Entered Light","floor":6,"damage_taken":0}],"is_beta":false,"boss_relics":[],"items_purged_floors":[],"is_endless":false,"potions_floor_spawned":[1,4,8,10],"killed_by":"Hexaghost","ascension_level":0}