{"gold_per_floor":[118,135,58,58,58,101,101,125,125,158,158,191,35,60,60,185,185,206,221,221,241,241,241,272,48,48,88,88,88,34,54,54,177,177,201,8,8,21,21,62,62,96,167,500,89,114,114,144,144,144],"floor_reached":50,"playtime":2414,"items_purged":["Writhe","Strike_R"],"score":984,"play_id":"bb0df6fc-9fac-4804-b7b0-ed1fecfd2cd6","local_time":"20190223000034","is_ascension_mode":true,"campfire_choices":[{"data":"Body Slam","floor":7,"key":"SMITH"},{"data":"Impervious","floor":11,"key":"SMITH"},{"data":"True Grit","floor":15,"key":"SMITH"},{"data":"Barricade","floor":23,"key":"SMITH"},{"data":"Shockwave","floor":29,"key":"SMITH"},{"floor":32,"key":"REST"},{"data":"Body Slam","floor":41,"key":"SMITH"},{"data":"Inflame","floor":47,"key":"SMITH"},{"data":"Double Tap","floor":49,"key":"SMITH"}],"neow_cost":"NONE","seed_source_timestamp":707439192721063,"circlet_count":0,"master_deck":["Strike_R","Strike_R+1","Strike_R","Defend_R","Defend_R+1","Defend_R","Defend_R","Bash+1","Power Through","Body Slam+1","Inflame+1","Battle Trance+1","Shockwave+1","Anger","Impervious+1","Cleave","True Grit+1","Barricade+1","Cleave+1","Anger+1","Power Through+1","Evolve","Warcry","Body Slam+1","Seeing Red","Double Tap+1","Shrug It Off+1","Impervious"],"relics":["Black Blood","NeowsBlessing","Lantern","Darkstone Periapt","War Paint","Whetstone","PreservedInsect","Matryoshka","Ginger","Bag of Marbles","Pear","Frozen Egg 2","Dream Catcher","Busted Crown","Sling","Mercury Hourglass","Strawberry","Question Card","Bottled Flame","Vajra","Omamori","Calipers"],"potions_floor_usage":[24,33,33,46,50,50,50],"damage_taken":[{"damage":0,"enemies":"Cultist","floor":1,"turns":1},{"damage":0,"enemies":"Jaw Worm","floor":2,"turns":1},{"damage":0,"enemies":"3 Sentries","floor":6,"turns":2},{"damage":0,"enemies":"2 Louse","floor":8,"turns":3},{"damage":23,"enemies":"Gremlin Nob","floor":10,"turns":4},{"damage":15,"enemies":"Lagavulin","floor":12,"turns":6},{"damage":0,"enemies":"Exordium Wildlife","floor":14,"turns":2},{"damage":10,"enemies":"Hexaghost","floor":16,"turns":8},{"damage":0,"enemies":"Spheric Guardian","floor":18,"turns":4},{"damage":24,"enemies":"Shell Parasite","floor":19,"turns":6},{"damage":16,"enemies":"Snake Plant","floor":21,"turns":4},{"damage":21,"enemies":"Slavers","floor":24,"turns":4},{"damage":18,"enemies":"Book of Stabbing","floor":27,"turns":5},{"damage":13,"enemies":"Sentry and Sphere","floor":31,"turns":8},{"damage":51,"enemies":"Collector","floor":33,"turns":11},{"damage":16,"enemies":"Orb Walker","floor":35,"turns":4},{"damage":1,"enemies":"3 Shapes","floor":38,"turns":3},{"damage":4,"enemies":"Giant Head","floor":40,"turns":6},{"damage":0,"enemies":"Reptomancer","floor":42,"turns":3},{"damage":11,"enemies":"Giant Head","floor":46,"turns":5},{"damage":14,"enemies":"Nemesis","floor":48,"turns":7},{"damage":148,"enemies":"Time Eater","floor":50,"turns":12}],"seed_played":"-5837374870676907795","potions_obtained":[{"floor":1,"key":"FearPotion"},{"floor":2,"key":"Fire Potion"},{"floor":12,"key":"Swift Potion"},{"floor":27,"key":"Weak Potion"},{"floor":31,"key":"PowerPotion"},{"floor":33,"key":"Poison Potion"},{"floor":35,"key":"Regen Potion"},{"floor":42,"key":"AttackPotion"},{"floor":48,"key":"SkillPotion"}],"is_trial":false,"path_per_floor":["M","M","$","?","?","E","R","M","T","E","R","E","$","M","R","B",null,"M","M","?","M","?","R","E","$","T","E","?","R","$","M","R","B",null,"M","$","?","M","?","E","R","E","T","?","$","E","R","E","R","B"],"character_chosen":"IRONCLAD","items_purchased":["Inflame","PreservedInsect","Bag of Marbles","Body Slam","Sling","Impervious","Vajra"],"campfire_rested":1,"item_purchase_floors":[3,13,25,30,36,45,45],"current_hp_per_floor":[78,80,80,74,74,74,74,74,74,57,57,48,48,54,54,50,68,74,60,60,54,60,60,49,49,59,51,51,51,51,48,75,34,76,70,70,70,79,79,85,85,92,92,92,92,91,91,87,87,0],"gold":144,"neow_bonus":"THREE_ENEMY_KILL","is_prod":false,"is_daily":false,"chose_seed":false,"campfire_upgraded":8,"win_rate":0,"timestamp":1550898034,"path_taken":["M","M","$","?","?","E","R","?","T","E","R","E","$","M","R","BOSS","M","M","?","M","?","R","E","?","T","E","?","R","$","M","R","BOSS","M","$","?","M","?","E","R","E","T","?","$","E","R","E","R","BOSS"],"build_version":"2019-01-23","purchased_purges":2,"victory":false,"max_hp_per_floor":[80,80,80,74,74,74,74,74,74,74,74,74,74,74,74,74,74,74,74,74,74,80,80,80,80,90,90,90,90,90,90,90,90,90,90,90,85,85,85,85,85,92,92,92,92,92,92,92,92,92],"card_choices":[{"not_picked":["Evolve","Clash"],"picked":"Power Through","floor":1},{"not_picked":["Flame Barrier","Twin Strike"],"picked":"Body Slam","floor":2},{"not_picked":["Shrug It Off","Twin Strike"],"picked":"Shockwave","floor":6},{"not_picked":["Burning Pact","Searing Blow"],"picked":"Anger","floor":8},{"not_picked":["Thunderclap","Metallicize"],"picked":"Impervious","floor":10},{"not_picked":["Metallicize","Anger"],"picked":"Cleave","floor":12},{"not_picked":["Inflame","Combust"],"picked":"True Grit","floor":14},{"not_picked":["Exhume","Fiend Fire"],"picked":"Barricade","floor":16},{"not_picked":["Heavy Blade","Reckless Charge"],"picked":"Cleave+1","floor":18},{"not_picked":["Cleave","Warcry"],"picked":"Anger+1","floor":19},{"not_picked":["Wild Strike","Iron Wave"],"picked":"Power Through+1","floor":21},{"not_picked":["Heavy Blade","Limit Break"],"picked":"Evolve","floor":24},{"not_picked":["Battle Trance","Sentinel"],"picked":"Warcry","floor":27},{"not_picked":["Cleave","Clash","Bloodletting"],"picked":"SKIP","floor":31},{"not_picked":["Perfected Strike+1","Power Through"],"picked":"Seeing Red","floor":32},{"not_picked":["Demon Form+1","Barricade+1"],"picked":"Double Tap","floor":33},{"not_picked":[],"picked":"Shrug It Off+1","floor":35},{"not_picked":["Burning Pact"],"picked":"SKIP","floor":38},{"not_picked":["Spot Weakness+1"],"picked":"SKIP","floor":40},{"not_picked":["Anger+1"],"picked":"SKIP","floor":42},{"not_picked":["Reaper","Armaments+1"],"picked":"SKIP","floor":46},{"not_picked":["Clash","Iron Wave"],"picked":"SKIP","floor":48}],"player_experience":214572,"relics_obtained":[{"floor":6,"key":"Lantern"},{"floor":9,"key":"Darkstone Periapt"},{"floor":10,"key":"War Paint"},{"floor":12,"key":"Whetstone"},{"floor":24,"key":"Ginger"},{"floor":26,"key":"Pear"},{"floor":26,"key":"Frozen Egg 2"},{"floor":27,"key":"Dream Catcher"},{"floor":40,"key":"Mercury Hourglass"},{"floor":42,"key":"Strawberry"},{"floor":43,"key":"Question Card"},{"floor":43,"key":"Bottled Flame"},{"floor":46,"key":"Omamori"},{"floor":48,"key":"Calipers"}],"event_choices":[{"damage_healed":0,"gold_gain":0,"player_choice":"Lose Max HP","damage_taken":0,"relics_obtained":["Golden Idol"],"max_hp_gain":0,"max_hp_loss":6,"event_name":"Golden Idol","floor":4,"gold_loss":0},{"damage_healed":0,"gold_gain":0,"cards_transformed":["Strike_R"],"player_choice":"Transformed","damage_taken":0,"max_hp_gain":0,"max_hp_loss":0,"event_name":"Transmorgrifier","floor":5,"gold_loss":0,"cards_obtained":["Battle Trance"]},{"damage_healed":0,"gold_gain":0,"player_choice":"Ignored","damage_taken":0,"max_hp_gain":0,"max_hp_loss":0,"event_name":"Ghosts","floor":20,"gold_loss":0},{"damage_healed":0,"gold_gain":0,"player_choice":"Opened","damage_taken":0,"relics_obtained":["Matryoshka"],"max_hp_gain":0,"max_hp_loss":0,"event_name":"The Mausoleum","floor":22,"gold_loss":0,"cards_obtained":["Writhe"]},{"damage_healed":0,"gold_gain":0,"player_choice":"Ignored","damage_taken":0,"max_hp_gain":0,"max_hp_loss":0,"event_name":"Vampires","floor":28,"gold_loss":0},{"damage_healed":0,"gold_gain":0,"player_choice":"Max HP","damage_taken":0,"max_hp_gain":0,"max_hp_loss":5,"event_name":"Winding Halls","floor":37,"gold_loss":0},{"damage_healed":0,"gold_gain":0,"player_choice":"Ignored","damage_taken":0,"max_hp_gain":0,"max_hp_loss":0,"event_name":"Mysterious Sphere","floor":39,"gold_loss":0},{"damage_healed":0,"gold_gain":333,"player_choice":"Gave Idol","damage_taken":0,"max_hp_gain":0,"max_hp_loss":0,"event_name":"The Moai Head","floor":44,"relics_lost":["Golden Idol"],"gold_loss":0}],"is_beta":false,"boss_relics":[{"not_picked":["Runic Cube","Lizard Tail"],"picked":"Black Blood"},{"not_picked":["White Beast Statue","Runic Dome"],"picked":"Busted Crown"}],"items_purged_floors":[25,45],"is_endless":false,"potions_floor_spawned":[1,2,12,16,19,27,31,33,35,40,42,48],"killed_by":"Time Eater","ascension_level":8}