{"gold_per_floor":[112,112,187,16,33,33,50,50,101,13,48,13,30,30],"floor_reached":14,"playtime":348,"items_purged":[],"score":176,"play_id":"a4f34ade-3402-4656-9d6e-5333dcd703ef","local_time":"20181105215004","is_ascension_mode":true,"campfire_choices":[{"floor":6.0,"key":"REST"},{"data":"Uppercut","floor":8.0,"key":"SMITH"}],"neow_cost":"CURSE","seed_source_timestamp":354864184925648,"circlet_count":0,"master_deck":["AscendersBane","Strike_R","Strike_R","Strike_R","Strike_R","Strike_R","Defend_R","Defend_R","Defend_R","Defend_R","Bash","Pain","Uppercut+1","Exhume","Metallicize","Shrug It Off"],"special_seed":0,"relics":["Burning Blood","Charon\u0027s Ashes","Boot","Regal Pillow","Oddly Smooth Stone","Potion Belt"],"potions_floor_usage":[11,13],"damage_taken":[{"damage":15.0,"enemies":"Jaw Worm","floor":1.0,"turns":2.0},{"damage":12.0,"enemies":"Small Slimes","floor":5.0,"turns":5.0},{"damage":3.0,"enemies":"2 Louse","floor":7.0,"turns":3.0},{"damage":36,"enemies":"3 Sentries","floor":11,"turns":6},{"damage":39,"enemies":"Exordium Thugs","floor":13,"turns":6},{"damage":27,"enemies":"Lagavulin","floor":14,"turns":7}],"seed_played":"5961277999129161222","potions_obtained":[{"floor":5.0,"key":"BloodPotion"},{"floor":11,"key":"BloodPotion"}],"is_trial":false,"path_per_floor":["M","?","?","$","M","R","M","R","T","$","E","?","M","E"],"character_chosen":"IRONCLAD","items_purchased":["Regal Pillow","Metallicize"],"campfire_rested":1,"item_purchase_floors":[4,10],"current_hp_per_floor":[59,24,13,13,7,44,47,47,47,47,24,42,16,0],"gold":30,"neow_bonus":"ONE_RARE_RELIC","is_prod":false,"is_daily":false,"chose_seed":false,"campfire_upgraded":1,"win_rate":0,"timestamp":1541483404,"path_taken":["M","?","?","?","M","R","M","R","T","$","E","?","?","E"],"build_version":"2018-11-01","purchased_purges":0,"victory":false,"max_hp_per_floor":[75,75,75,75,75,75,75,75,75,75,75,75,75,75],"card_choices":[{"not_picked":["Armaments","Reckless Charge"],"picked":"Uppercut","floor":1.0},{"not_picked":["Clash","Twin Strike","Armaments"],"picked":"SKIP","floor":5.0},{"not_picked":["Cleave","Shrug It Off"],"picked":"Exhume","floor":7.0},{"not_picked":["Corruption","Sword Boomerang"],"picked":"Shrug It Off","floor":11},{"not_picked":["Perfected Strike","Sword Boomerang","Headbutt"],"picked":"SKIP","floor":13}],"player_experience":618460,"relics_obtained":[{"floor":9.0,"key":"Oddly Smooth Stone"},{"floor":11,"key":"Potion Belt"}],"event_choices":[{"damage_healed":0.0,"max_hp_gain":0.0,"max_hp_loss":0.0,"gold_gain":0.0,"event_name":"Scrap Ooze","player_choice":"Success","floor":2.0,"gold_loss":0.0,"damage_taken":35.0,"relics_obtained":["Boot"]},{"damage_healed":0.0,"max_hp_gain":0.0,"max_hp_loss":0.0,"gold_gain":75.0,"event_name":"World of Goop","player_choice":"Gather Gold","floor":3.0,"gold_loss":0.0,"damage_taken":11.0},{"damage_healed":18,"gold_gain":0,"player_choice":"Healed","damage_taken":0,"max_hp_gain":0,"max_hp_loss":0,"event_name":"The Cleric","floor":12,"gold_loss":35}],"is_beta":false,"boss_relics":[],"items_purged_floors":[],"is_endless":false,"potions_floor_spawned":[5,11],"killed_by":"Lagavulin","ascension_level":20}