{"gold_per_floor":[364,364,380,199,199,199,218,231,231,264,439,46,46,63,63,162,162,179,179,179,192,21,21,41,59,85,85,95,113,113,133,133,133],"floor_reached":33,"playtime":1114,"items_purged":["Defend_R","Doubt","Defend_R"],"score":299,"play_id":"4e7f2318-b39d-436b-9023-f2aa77d7055e","local_time":"20181208232139","is_ascension_mode":false,"campfire_choices":[{"data":"Whirlwind","floor":6,"key":"SMITH"},{"data":"Apotheosis","floor":13,"key":"SMITH"},{"data":"Perfected Strike","floor":15,"key":"SMITH"},{"data":"Double Tap","floor":23,"key":"SMITH"},{"data":"Perfected Strike","floor":32,"key":"SMITH"}],"neow_cost":"CURSE","seed_source_timestamp":780589451452757,"circlet_count":0,"master_deck":["Strike_R","Strike_R","Strike_R","Strike_R","Strike_R","Bash","Twin Strike","Whirlwind+1","Pommel Strike","Twin Strike","Perfected Strike+1","Perfected Strike+1","Apotheosis+1","Twin Strike","Double Tap+1","Twin Strike","Double Tap","Twin Strike","Perfected Strike","Perfected Strike","Twin Strike","Perfected Strike+1"],"relics":["Burning Blood","Bottled Flame","Gremlin Horn","Sozu","Thread and Needle","Art of War"],"potions_floor_usage":[10,14,16,33],"damage_taken":[{"damage":11,"enemies":"2 Louse","floor":1,"turns":3},{"damage":3,"enemies":"Small Slimes","floor":3,"turns":3},{"damage":1,"enemies":"Jaw Worm","floor":7,"turns":3},{"damage":19,"enemies":"Exordium Thugs","floor":8,"turns":4},{"damage":14,"enemies":"Gremlin Nob","floor":10,"turns":3},{"damage":7,"enemies":"Blue Slaver","floor":14,"turns":2},{"damage":26,"enemies":"The Guardian","floor":16,"turns":7},{"damage":10,"enemies":"2 Thieves","floor":18,"turns":2},{"damage":0,"enemies":"Spheric Guardian","floor":21,"turns":1},{"damage":0,"enemies":"Shelled Parasite and Fungi","floor":24,"turns":1},{"damage":8,"enemies":"Centurion and Healer","floor":25,"turns":2},{"damage":0,"enemies":"3 Cultists","floor":28,"turns":2},{"damage":0,"enemies":"Snecko","floor":29,"turns":2},{"damage":0,"enemies":"Snake Plant","floor":31,"turns":1},{"damage":96,"enemies":"Champ","floor":33,"turns":6}],"seed_played":"-8002894840967751457","potions_obtained":[{"floor":8,"key":"Strength Potion"},{"floor":10,"key":"PowerPotion"},{"floor":14,"key":"Block Potion"},{"floor":16,"key":"BloodPotion"}],"is_trial":false,"path_per_floor":["M","?","M","$","?","R","M","M","T","E","?","$","R","M","R","B",null,"M","?","T","M","$","R","M","M","T","?","M","M","?","M","R","B"],"character_chosen":"IRONCLAD","items_purchased":["Pommel Strike","Twin Strike","Apotheosis","Twin Strike","Double Tap","Perfected Strike"],"campfire_rested":0,"item_purchase_floors":[4,4,12,12,12,22],"current_hp_per_floor":[75,75,78,78,71,71,76,63,63,55,55,55,55,54,54,34,80,76,76,76,80,80,80,80,78,78,78,80,80,80,80,80,0],"gold":133,"neow_bonus":"TWO_FIFTY_GOLD","is_prod":false,"is_daily":false,"chose_seed":false,"campfire_upgraded":5,"win_rate":0,"timestamp":1544329299,"path_taken":["M","?","M","$","?","R","M","M","T","E","?","$","R","M","R","BOSS","M","?","?","M","?","R","M","M","T","?","?","M","?","M","R","BOSS"],"build_version":"2018-12-06","purchased_purges":3,"victory":false,"max_hp_per_floor":[80,80,80,80,80,80,80,80,80,80,80,80,80,80,80,80,80,80,80,80,80,80,80,80,80,80,80,80,80,80,80,80,80],"card_choices":[{"not_picked":["Pommel Strike","Shrug It Off"],"picked":"Twin Strike","floor":1},{"not_picked":["Anger","Rage"],"picked":"Whirlwind","floor":3},{"not_picked":["Thunderclap","Power Through"],"picked":"Perfected Strike","floor":7},{"not_picked":["Reaper","Pommel Strike"],"picked":"Perfected Strike","floor":8},{"not_picked":["Rage","Cleave","Second Wind"],"picked":"SKIP","floor":10},{"not_picked":["Heavy Blade","Rage"],"picked":"Twin Strike","floor":14},{"not_picked":["Fiend Fire","Feed"],"picked":"Double Tap","floor":16},{"not_picked":["Wild Strike+1","Sword Boomerang"],"picked":"Twin Strike","floor":18},{"not_picked":["Headbutt","Cleave+1"],"picked":"Perfected Strike","floor":21},{"not_picked":["Feel No Pain","Combust"],"picked":"Twin Strike","floor":24},{"not_picked":["Seeing Red","Havoc+1","Shockwave+1"],"picked":"SKIP","floor":25},{"not_picked":["Blood for Blood","Anger","Exhume"],"picked":"SKIP","floor":28},{"not_picked":["Bloodletting","Cleave","Warcry"],"picked":"SKIP","floor":29},{"not_picked":["Headbutt","True Grit+1","Inflame"],"picked":"SKIP","floor":31}],"player_experience":200848,"relics_obtained":[{"floor":9,"key":"Bottled Flame"},{"floor":10,"key":"Gremlin Horn"},{"floor":20,"key":"Thread and Needle"},{"floor":26,"key":"Art of War"}],"event_choices":[{"cards_removed":["Decay"],"damage_healed":0,"gold_gain":0,"player_choice":"Forget","damage_taken":0,"max_hp_gain":0,"max_hp_loss":0,"event_name":"Living Wall","floor":2,"gold_loss":0},{"cards_removed":["Defend_R"],"damage_healed":0,"gold_gain":0,"player_choice":"Card Removal","damage_taken":7,"max_hp_gain":0,"max_hp_loss":0,"event_name":"Golden Wing","floor":5,"gold_loss":0},{"damage_healed":0,"gold_gain":175,"player_choice":"AGREE","damage_taken":0,"max_hp_gain":0,"max_hp_loss":0,"event_name":"Liars Game","floor":11,"gold_loss":0,"cards_obtained":["Doubt"]},{"cards_removed":["Defend_R"],"damage_healed":0,"gold_gain":0,"player_choice":"Elegance","damage_taken":0,"max_hp_gain":0,"max_hp_loss":0,"event_name":"Back to Basics","floor":19,"gold_loss":0},{"damage_healed":0,"gold_gain":0,"player_choice":"Copied","damage_taken":0,"max_hp_gain":0,"max_hp_loss":0,"event_name":"Duplicator","floor":27,"gold_loss":0,"cards_obtained":["Perfected Strike"]},{"damage_healed":0,"gold_gain":0,"player_choice":"Ignored","damage_taken":0,"max_hp_gain":0,"max_hp_loss":0,"event_name":"The Mausoleum","floor":30,"gold_loss":0}],"is_beta":false,"boss_relics":[{"not_picked":["Snecko Eye","Black Star"],"picked":"Sozu"}],"items_purged_floors":[4,12,22],"is_endless":false,"potions_floor_spawned":[8,10,14,16,18,24,28],"killed_by":"Champ","ascension_level":0}