{"gold_per_floor":[360,155,174,144,155,185,185,63,118,136,195,195,195,212,212,310,310,329,76,76,86,86],"floor_reached":22,"playtime":1487,"items_purged":["Strike_G","Eviscerate"],"score":213,"play_id":"8162472e-525a-4f39-8cdf-f6f0c56ad3c9","local_time":"20190301121438","is_ascension_mode":true,"campfire_choices":[{"floor":7,"key":"RECALL"},{"floor":12,"key":"REST"},{"floor":15,"key":"REST"}],"neow_cost":"CURSE","seed_source_timestamp":303986854497445,"circlet_count":0,"master_deck":["Survivor","Neutralize","Infinite Blades","Infinite Blades","Prepared","Underhanded Strike","Eviscerate","Outmaneuver","Accuracy+1","Cloak And Dagger","Finisher","Terror","Envenom","Bullet Time","Cloak And Dagger","Backflip","Skewer","Acrobatics","Poisoned Stab","Cloak And Dagger","Infinite Blades","Footwork"],"relics":["Ring of the Snake","Potion Belt","Tiny Chest","Pandora\u0027s Box","Bag of Preparation"],"potions_floor_usage":[5,10,11,21],"damage_taken":[{"damage":4,"enemies":"2 Louse","floor":1,"turns":3},{"damage":1,"enemies":"Cultist","floor":3,"turns":3},{"damage":0,"enemies":"Small Slimes","floor":5,"turns":3},{"damage":16,"enemies":"Lagavulin","floor":6,"turns":7},{"damage":10,"enemies":"Exordium Wildlife","floor":10,"turns":3},{"damage":26,"enemies":"Gremlin Nob","floor":11,"turns":4},{"damage":12,"enemies":"Gremlin Gang","floor":14,"turns":5},{"damage":22,"enemies":"Slime Boss","floor":16,"turns":8},{"damage":44,"enemies":"3 Byrds","floor":18,"turns":5},{"damage":11,"enemies":"Spheric Guardian","floor":21,"turns":3},{"damage":16,"enemies":"Chosen and Byrds","floor":22,"turns":4}],"seed_played":"-982675270807972998","potions_obtained":[{"floor":3,"key":"Fire Potion"},{"floor":4,"key":"LiquidBronze"},{"floor":4,"key":"Ancient Potion"},{"floor":10,"key":"FearPotion"}],"is_trial":false,"path_per_floor":["M","$","M","?","M","E","R","$","T","M","E","R","?","M","R","B",null,"M","$","?","M","M"],"character_chosen":"THE_SILENT","items_purchased":["Infinite Blades","Prepared","Underhanded Strike","Eviscerate","Cloak And Dagger","Bag of Preparation"],"campfire_rested":2,"item_purchase_floors":[2,2,2,2,8,19],"current_hp_per_floor":[66,66,65,65,65,49,49,49,49,39,13,34,34,22,43,21,70,26,26,26,15,0],"gold":86,"neow_bonus":"TWO_FIFTY_GOLD","is_prod":false,"is_daily":false,"chose_seed":false,"campfire_upgraded":0,"win_rate":0,"timestamp":1551453278,"path_taken":["M","$","M","?","M","E","R","?","T","M","E","R","?","M","R","BOSS","M","$","?","?","M"],"build_version":"2019-01-23","purchased_purges":2,"victory":false,"max_hp_per_floor":[70,70,70,70,70,70,70,70,70,70,70,70,70,70,70,70,70,70,70,70,70,70],"card_choices":[{"not_picked":["Outmaneuver","Acrobatics"],"picked":"Infinite Blades","floor":1},{"not_picked":["Calculated Gamble","Eviscerate"],"picked":"Outmaneuver","floor":3},{"not_picked":["Dagger Spray","Deadly Poison"],"picked":"Accuracy","floor":5},{"not_picked":["Deadly Poison","Die Die Die","Flying Knee"],"picked":"SKIP","floor":6},{"not_picked":["Outmaneuver","Calculated Gamble","Well Laid Plans"],"picked":"SKIP","floor":10},{"not_picked":["PiercingWail","Calculated Gamble"],"picked":"Finisher","floor":11},{"not_picked":["Backstab","PiercingWail"],"picked":"Terror","floor":14},{"not_picked":["Unload","Doppelganger"],"picked":"Envenom","floor":16},{"not_picked":["Bouncing Flask","Dagger Spray+1"],"picked":"Footwork","floor":18},{"not_picked":["Flechettes","Outmaneuver","PiercingWail"],"picked":"SKIP","floor":21}],"player_experience":150525,"relics_obtained":[{"floor":6,"key":"Potion Belt"},{"floor":11,"key":"Tiny Chest"}],"event_choices":[{"damage_healed":0,"gold_gain":0,"player_choice":"Bought 2 Potions","damage_taken":0,"max_hp_gain":0,"max_hp_loss":0,"event_name":"The Woman in Blue","floor":4,"gold_loss":0},{"damage_healed":0,"gold_gain":0,"player_choice":"Grow","damage_taken":0,"max_hp_gain":0,"max_hp_loss":0,"event_name":"Living Wall","floor":13,"gold_loss":0,"cards_upgraded":["Accuracy"]},{"cards_removed":["Injury"],"damage_healed":0,"gold_gain":0,"player_choice":"Removed Curses","damage_taken":0,"max_hp_gain":0,"max_hp_loss":0,"event_name":"Fountain of Cleansing","floor":20,"gold_loss":0}],"is_beta":false,"boss_relics":[{"not_picked":["Calling Bell","Ectoplasm"],"picked":"Pandora\u0027s Box"}],"items_purged_floors":[8,19],"is_endless":false,"potions_floor_spawned":[3,10],"killed_by":"Chosen and Byrds","ascension_level":2}