{"gold_per_floor":[19,31,48,65,65,65,97,97,142,174,186,224,246,275,287,400,412,436,467,479,416,416,430,430,450,450,279,279,296,306,325,325,325],"floor_reached":33,"playtime":1749,"items_purged":["Writhe","Defend_B"],"score":253,"play_id":"6129b449-c991-41a8-b4df-0312ef039b32","local_time":"20190203233109","is_ascension_mode":false,"campfire_choices":[{"data":"Hyperbeam","floor":6,"key":"SMITH"},{"floor":8,"key":"REST"},{"floor":15,"key":"REST"},{"floor":28,"key":"REST"},{"floor":32,"key":"REST"}],"neow_cost":"NO_GOLD","seed_source_timestamp":4268556131317543,"circlet_count":0,"master_deck":["Strike_B","Strike_B","Defend_B","Defend_B","Zap","Dualcast","Hyperbeam+1","Coolheaded","Self Repair","Leap","Hologram","Loop+1","Go for the Eyes","Streamline","Hologram","Rainbow+1","Conserve Battery","Gash","Defragment+1","Leap+1"],"relics":["Cracked Core","Frozen Egg 2","MawBank","Odd Mushroom","Inserter","Happy Flower"],"potions_floor_usage":[16,16,16,25,25,25,29,29],"damage_taken":[{"damage":10,"enemies":"Small Slimes","floor":1,"turns":3},{"damage":10,"enemies":"Jaw Worm","floor":2,"turns":4},{"damage":0,"enemies":"Cultist","floor":3,"turns":5},{"damage":0,"enemies":"2 Fungi Beasts","floor":4,"turns":1},{"damage":38,"enemies":"Lagavulin","floor":7,"turns":8},{"damage":7,"enemies":"Gremlin Gang","floor":10,"turns":2},{"damage":0,"enemies":"The Mushroom Lair","floor":12,"turns":1},{"damage":4,"enemies":"Red Slaver","floor":13,"turns":2},{"damage":17,"enemies":"Exordium Thugs","floor":14,"turns":5},{"damage":21,"enemies":"Slime Boss","floor":16,"turns":7},{"damage":20,"enemies":"Shell Parasite","floor":18,"turns":9},{"damage":28,"enemies":"3 Byrds","floor":19,"turns":6},{"damage":17,"enemies":"3 Cultists","floor":23,"turns":5},{"damage":10,"enemies":"Centurion and Healer","floor":25,"turns":10},{"damage":21,"enemies":"Snake Plant","floor":29,"turns":6},{"damage":23,"enemies":"Sentry and Sphere","floor":30,"turns":5},{"damage":32,"enemies":"Cultist and Chosen","floor":31,"turns":6},{"damage":41,"enemies":"Collector","floor":33,"turns":6}],"seed_played":"-6438806116647208985","potions_obtained":[{"floor":2,"key":"Block Potion"},{"floor":4,"key":"Explosive Potion"},{"floor":7,"key":"Strength Potion"},{"floor":23,"key":"EntropicBrew"},{"floor":25,"key":"Regen Potion"}],"is_trial":false,"path_per_floor":["M","M","M","M","?","R","E","R","T","M","?","?","M","M","R","B",null,"M","M","?","$","?","M","?","M","T","$","R","M","M","M","R","B"],"character_chosen":"DEFECT","items_purchased":["Defragment+1"],"campfire_rested":4,"item_purchase_floors":[27],"current_hp_per_floor":[65,55,62,69,69,69,38,60,60,53,53,53,49,39,61,47,75,62,41,41,41,41,31,36,33,33,33,55,55,39,14,36,0],"gold":325,"neow_bonus":"TRANSFORM_TWO_CARDS","is_prod":false,"is_daily":false,"chose_seed":false,"campfire_upgraded":1,"win_rate":0,"timestamp":1549254669,"path_taken":["M","M","M","M","?","R","E","R","T","M","?","?","M","M","R","BOSS","M","M","?","$","?","?","?","?","T","?","R","M","M","M","R","BOSS"],"build_version":"2019-01-23","purchased_purges":2,"victory":false,"max_hp_per_floor":[75,75,75,75,75,75,75,75,75,75,75,75,75,75,75,75,75,75,75,75,75,75,75,75,75,75,75,75,75,75,75,75,75],"card_choices":[{"not_picked":["Turbo","Coolheaded"],"picked":"Compile Driver","floor":1},{"not_picked":["Cold Snap","Conserve Battery"],"picked":"Self Repair","floor":2},{"not_picked":["Coolheaded","Go for the Eyes"],"picked":"Leap","floor":3},{"not_picked":["Go for the Eyes","Aggregate","Coolheaded"],"picked":"SKIP","floor":4},{"not_picked":["Compile Driver","Multi-Cast"],"picked":"Hologram","floor":7},{"not_picked":["Ball Lightning","Chill"],"picked":"Loop+1","floor":10},{"not_picked":["Go for the Eyes","Leap"],"picked":"Streamline","floor":12},{"not_picked":["Go for the Eyes","Genetic Algorithm","Sweeping Beam"],"picked":"SKIP","floor":13},{"not_picked":["Genetic Algorithm","Static Discharge+1"],"picked":"Hologram","floor":14},{"not_picked":["Fission","Hyperbeam"],"picked":"Rainbow","floor":16},{"not_picked":["Heatsinks+1","Force Field"],"picked":"Conserve Battery","floor":18},{"not_picked":["Streamline+1","Hologram","Cold Snap"],"picked":"SKIP","floor":19},{"not_picked":["Cold Snap","Auto Shields+1"],"picked":"Gash","floor":23},{"not_picked":["Steam","Streamline+1","Turbo"],"picked":"SKIP","floor":25},{"not_picked":["Force Field","Hyperbeam","Lockon"],"picked":"SKIP","floor":29},{"not_picked":["Go for the Eyes","Steam"],"picked":"Leap+1","floor":30},{"not_picked":["Undo","Stack+1","Leap"],"picked":"SKIP","floor":31}],"player_experience":57186,"relics_obtained":[{"floor":7,"key":"Frozen Egg 2"},{"floor":9,"key":"MawBank"},{"floor":12,"key":"Odd Mushroom"}],"event_choices":[{"damage_healed":0,"gold_gain":0,"player_choice":"Ignored","damage_taken":0,"max_hp_gain":0,"max_hp_loss":0,"event_name":"Liars Game","floor":5,"gold_loss":0},{"damage_healed":0,"gold_gain":0,"cards_transformed":["Strike_B"],"player_choice":"Change","damage_taken":0,"max_hp_gain":0,"max_hp_loss":0,"event_name":"Living Wall","floor":11,"gold_loss":0,"cards_obtained":["Go for the Eyes"]},{"damage_healed":0,"gold_gain":0,"player_choice":"Fought Mushrooms","damage_taken":0,"max_hp_gain":0,"max_hp_loss":0,"event_name":"Mushrooms","floor":12,"gold_loss":0},{"damage_healed":0,"gold_gain":0,"player_choice":"Opened","damage_taken":0,"relics_obtained":["Happy Flower"],"max_hp_gain":0,"max_hp_loss":0,"event_name":"The Mausoleum","floor":20,"gold_loss":0,"cards_obtained":["Writhe"]},{"damage_healed":0,"gold_gain":0,"player_choice":"Upgraded","damage_taken":0,"max_hp_gain":0,"max_hp_loss":0,"event_name":"Upgrade Shrine","floor":22,"gold_loss":0,"cards_upgraded":["Rainbow"]},{"cards_removed":["Compile Driver"],"damage_healed":5,"gold_gain":0,"player_choice":"Offered Common","damage_taken":0,"max_hp_gain":0,"max_hp_loss":0,"event_name":"Bonfire Elementals","floor":24,"gold_loss":0},{"cards_removed":["Compile Driver"],"damage_healed":5,"gold_gain":0,"player_choice":"Offered Special","damage_taken":0,"max_hp_gain":0,"max_hp_loss":0,"event_name":"Bonfire Elementals","floor":24,"gold_loss":0}],"is_beta":false,"boss_relics":[{"not_picked":["FrozenCore","Calling Bell"],"picked":"Inserter"}],"items_purged_floors":[21,27],"is_endless":false,"potions_floor_spawned":[2,4,7,23,25],"killed_by":"Collector","ascension_level":0}