{"gold_per_floor":[113,38,38,38,52,52,76,76,99,135,156,197,212,212,212,342,342,358,358,342,342],"floor_reached":21,"playtime":819,"items_purged":["Strike_G"],"score":189,"play_id":"94032732-3b42-4835-a8dc-b56472832ed4","local_time":"20180817161815","is_ascension_mode":false,"campfire_choices":[{"data":"Choke","floor":6,"key":"SMITH"},{"floor":8,"key":"REST"},{"floor":15,"key":"REST"}],"neow_cost":"NONE","seed_source_timestamp":132881999801436,"circlet_count":0,"master_deck":["Defend_G","Defend_G","Defend_G","Strike_G","Strike_G+1","Strike_G","Survivor","Neutralize+1","Choke+1"],"relics":["Empty Cage","Golden Idol","Whetstone","Nunchaku","Pen Nib","WristBlade"],"potions_floor_usage":[16,16,18],"damage_taken":[{"damage":2,"enemies":"Cultist","floor":1,"turns":4},{"damage":0,"enemies":"Small Slimes","floor":5,"turns":3},{"damage":0,"enemies":"Jaw Worm","floor":7,"turns":2},{"damage":31,"enemies":"Lagavulin","floor":10,"turns":6},{"damage":7,"enemies":"2 Fungi Beasts","floor":11,"turns":3},{"damage":10,"enemies":"Gremlin Nob","floor":12,"turns":4},{"damage":1,"enemies":"Blue Slaver","floor":13,"turns":3},{"damage":47,"enemies":"Hexaghost","floor":16,"turns":11},{"damage":14,"enemies":"Shell Parasite","floor":18,"turns":4},{"damage":17,"enemies":"2 Thieves","floor":20,"turns":4},{"damage":39,"enemies":"Sentry and Sphere","floor":21,"turns":6}],"seed_played":"-5588311406329586410","potions_obtained":[{"floor":1,"key":"Regen Potion"},{"floor":11,"key":"SkillPotion"},{"floor":12,"key":"AttackPotion"},{"floor":18,"key":"LiquidBronze"}],"is_trial":false,"path_per_floor":["M","$","?","?","M","R","M","R","T","E","M","E","M","?","R","B",null,"M","?","M"],"character_chosen":"THE_SILENT","items_purchased":[],"campfire_rested":2,"item_purchase_floors":[],"current_hp_per_floor":[68,68,51,44,44,44,44,65,65,34,27,17,16,39,60,28,70,56,56,39,0],"gold":342,"neow_bonus":"BOSS_RELIC","is_prod":false,"is_daily":false,"chose_seed":false,"campfire_upgraded":1,"win_rate":0,"timestamp":1534537095,"path_taken":["M","$","?","?","M","R","M","R","T","E","M","E","?","?","R","BOSS","M","?","?","M"],"build_version":"2018-08-16","purchased_purges":1,"victory":false,"max_hp_per_floor":[70,70,70,70,70,70,70,70,70,70,70,70,70,70,70,70,70,70,70,70,70],"card_choices":[{"not_picked":["Leg Sweep","Sucker Punch"],"picked":"Choke","floor":1},{"not_picked":["Sucker Punch","Calculated Gamble","Noxious Fumes"],"picked":"SKIP","floor":5},{"not_picked":["Endless Agony","Bane","Cloak And Dagger"],"picked":"SKIP","floor":7},{"not_picked":["Skewer","Blur","Backflip"],"picked":"SKIP","floor":10},{"not_picked":["Footwork","Flying Knee","Outmaneuver"],"picked":"SKIP","floor":11},{"not_picked":["Deadly Poison","Catalyst","Bouncing Flask"],"picked":"SKIP","floor":12},{"not_picked":["Leg Sweep","Riddle With Holes","Bane"],"picked":"SKIP","floor":13},{"not_picked":["Slice","Flying Knee","Riddle With Holes"],"picked":"SKIP","floor":18},{"not_picked":["Flying Knee","Skewer","PiercingWail+1"],"picked":"SKIP","floor":20}],"player_experience":73943,"relics_obtained":[{"floor":9,"key":"Whetstone"},{"floor":10,"key":"Nunchaku"},{"floor":12,"key":"Pen Nib"}],"event_choices":[{"event_name":"Golden Idol","player_choice":"Take Damage","floor":3,"damage_taken":0},{"event_name":"Golden Wing","player_choice":"Card Removal","floor":4,"damage_taken":0},{"event_name":"Big Fish","player_choice":"Banana","floor":14,"damage_taken":0},{"event_name":"Accursed Blacksmith","player_choice":"Ignore","floor":19,"damage_taken":0}],"is_beta":false,"boss_relics":[{"not_picked":["Eternal Feather","Coffee Dripper"],"picked":"WristBlade"}],"items_purged_floors":[2],"is_endless":false,"potions_floor_spawned":[1,11,12,13,18],"killed_by":"Sentry and Sphere","ascension_level":0}