{"gold_per_floor":[109,109,109,70,88,119,119,119,119,119,119,155,170,320,320,410,410,424,17,42,57,82,82,122,122,202,221,254,317,317,337,337,430,430,446,346,361,86,86,86,86,129,129,129,150,186,186,206,206,206],"floor_reached":50,"playtime":1066,"items_purged":["Strike_R","Strike_R","Strike_R"],"score":1128,"play_id":"aabe4514-029d-4d5f-aaf3-830a80805848","local_time":"20181027053514","is_ascension_mode":true,"campfire_choices":[{"data":"Whirlwind","floor":7.0,"key":"SMITH"},{"data":"Flex","floor":11.0,"key":"SMITH"},{"data":"Bash","floor":15.0,"key":"SMITH"},{"data":"Whirlwind","floor":23.0,"key":"SMITH"},{"data":"Carnage","floor":25.0,"key":"SMITH"},{"data":"Limit Break","floor":30.0,"key":"SMITH"},{"data":"Ghostly Armor","floor":32.0,"key":"SMITH"},{"data":"Double Tap","floor":40.0,"key":"SMITH"},{"data":"Sword Boomerang","floor":44.0,"key":"SMITH"},{"floor":47.0,"key":"REST"},{"data":"Demon Form","floor":49.0,"key":"SMITH"}],"neow_cost":"NONE","seed_source_timestamp":570405737944628,"circlet_count":0,"master_deck":["Strike_R","Strike_R","Defend_R","Defend_R","Defend_R","Defend_R","Bash+1","AscendersBane","Iron Wave+1","Whirlwind+1","Ghostly Armor+1","Carnage+1","Doubt","Feed","Intimidate","Whirlwind+1","Limit Break+1","Regret","Shame","Parasite","Sword Boomerang+1","Double Tap+1","Metallicize+1","Demon Form+1"],"special_seed":0,"relics":["Burning Blood","NeowsBlessing","Dodecahedron","Ginger","Golden Idol","Du-Vu Doll","Bird Faced Urn","Turnip","Busted Crown","Magic Flower","Vajra","Shuriken","Red Mask","Tiny Chest","Calling Bell","Red Skull","Sundial","StoneCalendar","Pear","Matryoshka","PreservedInsect"],"potions_floor_usage":[],"damage_taken":[{"damage":0.0,"enemies":"Jaw Worm","floor":1.0,"turns":1.0},{"damage":0.0,"enemies":"Cultist","floor":5.0,"turns":1.0},{"damage":0.0,"enemies":"3 Sentries","floor":6.0,"turns":1.0},{"damage":22.0,"enemies":"Gremlin Nob","floor":12.0,"turns":4.0},{"damage":0.0,"enemies":"2 Louse","floor":13.0,"turns":1.0},{"damage":22.0,"enemies":"Slime Boss","floor":16.0,"turns":7.0},{"damage":7.0,"enemies":"Shell Parasite","floor":18.0,"turns":5.0},{"damage":22.0,"enemies":"2 Thieves","floor":20.0,"turns":3.0},{"damage":18.0,"enemies":"Snake Plant","floor":21.0,"turns":3.0},{"damage":4.0,"enemies":"Sentry and Sphere","floor":22.0,"turns":3.0},{"damage":8.0,"enemies":"Gremlin Leader","floor":24.0,"turns":5.0},{"damage":0.0,"enemies":"Centurion and Healer","floor":27.0,"turns":2.0},{"damage":1.0,"enemies":"Masked Bandits","floor":28.0,"turns":2.0},{"damage":21.0,"enemies":"Slavers","floor":29.0,"turns":3.0},{"damage":7.0,"enemies":"Shelled Parasite and Fungi","floor":31.0,"turns":3.0},{"damage":31.0,"enemies":"Collector","floor":33.0,"turns":6.0},{"damage":0.0,"enemies":"3 Darklings","floor":35.0,"turns":1.0},{"damage":0.0,"enemies":"3 Shapes","floor":37.0,"turns":1.0},{"damage":48.0,"enemies":"Giant Head","floor":42.0,"turns":6.0},{"damage":20.0,"enemies":"Spire Growth","floor":45.0,"turns":3.0},{"damage":18.0,"enemies":"Reptomancer","floor":46.0,"turns":3.0},{"damage":0.0,"enemies":"3 Darklings","floor":48.0,"turns":2.0},{"damage":70,"enemies":"Donu and Deca","floor":50,"turns":4}],"seed_played":"2625855764711706022","potions_obtained":[{"floor":12.0,"key":"Poison Potion"},{"floor":13.0,"key":"EssenceOfSteel"},{"floor":20.0,"key":"GamblersBrew"},{"floor":27.0,"key":"Block Potion"},{"floor":31.0,"key":"Fire Potion"},{"floor":37.0,"key":"Ancient Potion"},{"floor":45.0,"key":"SteroidPotion"}],"is_trial":false,"path_per_floor":["M","?","?","$","M","E","R","?","T","T","R","E","M","?","R","B",null,"M","$","M","M","M","R","E","R","T","M","?","E","R","M","R","B",null,"M","$","M","$","?","R","$","E","T","R","M","E","R","M","R"],"character_chosen":"IRONCLAD","items_purchased":["Whirlwind","Magic Flower","Double Tap"],"campfire_rested":1,"item_purchase_floors":[4,19,38],"current_hp_per_floor":[74,74,29,29,35,41,41,41,41,41,41,25,31,31,31,15,55,54,54,46,37,42,42,43,43,43,52,60,48,48,50,50,28,60,69,69,71,71,71,71,71,42,42,42,31,22,46,55,55,0],"gold":206,"neow_bonus":"THREE_ENEMY_KILL","is_prod":false,"is_daily":false,"chose_seed":false,"campfire_upgraded":10,"win_rate":0,"timestamp":1540586114,"path_taken":["M","?","?","$","?","E","R","?","T","?","R","E","?","?","R","BOSS","M","$","M","M","M","R","E","R","T","M","?","E","R","M","R","BOSS","M","$","M","$","?","R","?","E","T","R","M","E","R","M","R","BOSS"],"build_version":"2018-10-25v2","purchased_purges":3,"victory":false,"max_hp_per_floor":[75,75,75,75,75,75,75,68,68,68,68,68,68,68,68,68,68,68,68,71,71,71,71,71,71,71,71,71,71,71,71,71,71,71,71,71,71,71,71,71,71,81,81,81,81,81,81,81,81,81],"card_choices":[{"not_picked":["Clash","Sword Boomerang"],"picked":"Iron Wave","floor":1.0},{"not_picked":["Iron Wave","Wild Strike"],"picked":"Flex","floor":5.0},{"not_picked":["Juggernaut","Body Slam"],"picked":"Ghostly Armor","floor":6.0},{"not_picked":["Corruption","Wild Strike"],"picked":"Carnage","floor":12.0},{"not_picked":["Sever Soul","Flame Barrier","Entrench"],"picked":"SKIP","floor":13.0},{"not_picked":["Brutality","Berserk"],"picked":"Feed","floor":16.0},{"not_picked":["Cleave"],"picked":"SKIP","floor":18.0},{"not_picked":[],"picked":"Intimidate","floor":20.0},{"not_picked":[],"picked":"Whirlwind","floor":21.0},{"not_picked":["Clash"],"picked":"SKIP","floor":22.0},{"not_picked":["Intimidate"],"picked":"SKIP","floor":24.0},{"not_picked":["Infernal Blade"],"picked":"SKIP","floor":27.0},{"not_picked":[],"picked":"Limit Break","floor":29.0},{"not_picked":["Body Slam+1"],"picked":"SKIP","floor":31.0},{"not_picked":["Twin Strike"],"picked":"SKIP","floor":35.0},{"not_picked":[],"picked":"Sword Boomerang","floor":37.0},{"not_picked":[],"picked":"Metallicize+1","floor":42.0},{"not_picked":["Wild Strike"],"picked":"SKIP","floor":45.0},{"not_picked":[],"picked":"Demon Form","floor":46.0},{"not_picked":["Iron Wave"],"picked":"SKIP","floor":48.0}],"player_experience":725695,"relics_obtained":[{"floor":6.0,"key":"Ginger"},{"floor":9.0,"key":"Du-Vu Doll"},{"floor":10.0,"key":"Bird Faced Urn"},{"floor":12.0,"key":"Turnip"},{"floor":24.0,"key":"Vajra"},{"floor":26.0,"key":"Shuriken"},{"floor":28.0,"key":"Red Mask"},{"floor":29.0,"key":"Tiny Chest"},{"floor":34.0,"key":"Red Skull"},{"floor":34.0,"key":"Sundial"},{"floor":34.0,"key":"StoneCalendar"},{"floor":42.0,"key":"Pear"},{"floor":43.0,"key":"Matryoshka"},{"floor":46.0,"key":"PreservedInsect"}],"event_choices":[{"damage_healed":0.0,"max_hp_gain":0.0,"max_hp_loss":0.0,"gold_gain":0.0,"event_name":"Upgrade Shrine","player_choice":"Upgraded","floor":2.0,"gold_loss":0.0,"damage_taken":0.0,"cards_upgraded":["Iron Wave"]},{"damage_healed":0.0,"max_hp_gain":0.0,"max_hp_loss":0.0,"gold_gain":0.0,"event_name":"Scrap Ooze","player_choice":"Success","floor":3.0,"gold_loss":0.0,"damage_taken":45.0,"relics_obtained":["Dodecahedron"]},{"damage_healed":0.0,"max_hp_gain":0.0,"max_hp_loss":7.0,"gold_gain":0.0,"event_name":"Golden Idol","player_choice":"Lose Max HP","floor":8.0,"gold_loss":0.0,"damage_taken":0.0,"relics_obtained":["Golden Idol"]},{"damage_healed":0.0,"max_hp_gain":0.0,"max_hp_loss":0.0,"gold_gain":150.0,"event_name":"Liars Game","player_choice":"AGREE","floor":14.0,"gold_loss":0.0,"damage_taken":0.0,"cards_obtained":["Doubt"]},{"damage_healed":0.0,"max_hp_gain":0.0,"max_hp_loss":0.0,"gold_gain":0.0,"event_name":"Masked Bandits","player_choice":"Fought Bandits","floor":28.0,"gold_loss":0.0,"damage_taken":0.0},{"cards_removed":["Flex"],"damage_healed":0.0,"max_hp_gain":0.0,"max_hp_loss":0.0,"gold_gain":0.0,"event_name":"Falling","player_choice":"Removed Skill","floor":39.0,"gold_loss":0.0,"damage_taken":0.0}],"is_beta":false,"boss_relics":[{"not_picked":["Fusion Hammer","Black Star"],"picked":"Busted Crown"},{"not_picked":["Mark of Pain","Coffee Dripper"],"picked":"Calling Bell"}],"items_purged_floors":[19,36,38],"is_endless":false,"potions_floor_spawned":[12,13,20,22,27,31,37,45],"killed_by":"Donu and Deca","ascension_level":16}