{"path_per_floor":["M","?","M","M","M","$","M","R","T","?","M","M","R","M","R","B",null,"M","M","M","M"],"character_chosen":"IRONCLAD","items_purchased":["Finesse"],"gold_per_floor":[116,116,136,154,173,4,14,14,41,41,57,71,71,89,89,191,191,202,222,237,257],"floor_reached":22,"campfire_rested":1,"playtime":1471,"current_hp_per_floor":[40,40,43,38,15,15,21,45,45,45,51,40,40,44,44,41,80,78,57,47,35],"items_purged":["Defend_R"],"gold":257,"play_id":"b2f1ef23-119b-4f59-8739-9995a1e4cb14","is_prod":false,"is_daily":false,"is_ascension_mode":true,"campfire_upgraded":2,"path_taken":["M","?","M","M","M","$","M","R","T","?","?","M","R","?","R","BOSS","M","?","M","?","M"],"build_version":"2018-02-01-PROD3","purchased_purges":1,"victory":false,"master_deck":["Strike_R","Strike_R","Strike_R","Strike_R","Defend_R","Defend_R+1","Bash","Perfected Strike+1","Pommel Strike+1","Finesse+1","Metallicize+1","Pommel Strike","Feed","Twin Strike","Metallicize","Infernal Blade+1"],"max_hp_per_floor":[80,80,80,80,80,80,80,80,80,80,80,80,80,80,80,80,80,83,83,86,86],"relics":["Burning Blood","War Paint","Mark of Pain"],"card_choices":[{"not_picked":["Second Wind","Dark Embrace"],"picked":"Perfected Strike"},{"not_picked":["Clothesline","Sword Boomerang"],"picked":"Pommel Strike"},{"not_picked":["Headbutt","Searing Blow"],"picked":"Metallicize"},{"not_picked":["Corruption","Reaper"],"picked":"Pommel Strike"},{"not_picked":["Juggernaut","Berserk"],"picked":"Feed"},{"not_picked":["Clash","Evolve"],"picked":"Twin Strike"},{"not_picked":["Body Slam","Evolve"],"picked":"Metallicize"},{"not_picked":["Twin Strike","True Grit"],"picked":"Infernal Blade"}],"player_experience":104306,"potions_floor_usage":[7,7,16,16,21],"damage_taken":[{"damage":6,"enemies":"Cultist","floor":1,"turns":3},{"damage":3,"enemies":"2 Louse","floor":3,"turns":3},{"damage":11,"enemies":"Blue Slaver","floor":4,"turns":3},{"damage":29,"enemies":"Lots of Slimes","floor":5,"turns":5},{"damage":0,"enemies":"Gremlin Gang","floor":7,"turns":4},{"damage":0,"enemies":"Large Slime","floor":11,"turns":3},{"damage":17,"enemies":"Lots of Slimes","floor":12,"turns":4},{"damage":2,"enemies":"Exordium Thugs","floor":14,"turns":4},{"damage":9,"enemies":"Slime Boss","floor":16,"turns":7},{"damage":11,"enemies":"Shell Parasite","floor":18,"turns":4},{"damage":27,"enemies":"Chosen","floor":19,"turns":5},{"damage":19,"enemies":"Sentry and Sphere","floor":20,"turns":4},{"damage":18,"enemies":"Centurion and Healer","floor":21,"turns":5},{"damage":42,"enemies":"Cultist and Chosen","floor":22,"turns":4}],"event_choices":[{"event_name":"The Woman in Blue","player_choice":"Bought 0 Potions","floor":2,"damage_taken":0},{"event_name":"Accursed Blacksmith","player_choice":"Forge","floor":10,"damage_taken":0}],"boss_relics":[{"not_picked":["Calling Bell","Snecko Eye"],"picked":"Mark of Pain"}],"potions_floor_spawned":[1,4,5,12,14,19,21],"seed_played":"-4083941300077512666","killed_by":"Cultist and Chosen","ascension_level":3,"is_trial":false}