{"gold_per_floor":[110,60,60,135,154,183,183,195,195,227,247,257,56,56,56,181,181,201,201,326,369,389,389,410,450,450,450,474,179,179,194,194,313,313,334,334,347,680,697,697,723,733,733,97,97,97,107,121,121,121,121,121,30,58,58],"floor_reached":55,"playtime":4061,"items_purged":["Strike_G","Strike_G","Defend_G"],"score":1043,"play_id":"169260d4-1224-45ad-add3-3d60aa9a7def","local_time":"20190203071325","is_ascension_mode":true,"campfire_choices":[{"floor":15.0,"key":"REST"},{"floor":23.0,"key":"REST"},{"data":"After Image","floor":27.0,"key":"SMITH"},{"floor":32.0,"key":"REST"},{"floor":40.0,"key":"RECALL"},{"floor":46.0,"key":"REST"},{"data":"Survivor","floor":49.0,"key":"PURGE"},{"data":"Defend_G","floor":52.0,"key":"PURGE"}],"neow_cost":"NONE","seed_source_timestamp":29418299114500,"circlet_count":0,"master_deck":["Defend_G","Defend_G","Defend_G","Neutralize","Dagger Throw","Unload","Well Laid Plans","Finisher+1","Infinite Blades","Accuracy","Footwork","Cloak And Dagger","After Image+1","Slice+1","Leg Sweep+1","Blade Dance+1","Footwork","Setup+1","Backflip+1","Deflect+1","After Image+1","Outmaneuver+1","Phantasmal Killer+1","PiercingWail+1","Caltrops+1","Masterful Stab+1","Backflip+1","Concentrate+1","Leg Sweep+1","Deep Breath+1","Jack Of All Trades+1"],"special_seed":0,"relics":["Ring of the Snake","NeowsBlessing","Question Card","Ninja Scroll","Juzu Bracelet","Busted Crown","Nilry\u0027s Codex","Peace Pipe","Toxic Egg 2","Red Mask","Ornamental Fan","Bronze Scales","WristBlade","Whetstone","Nunchaku","Vajra","PrismaticShard","Gremlin Horn"],"potions_floor_usage":[55,55],"damage_taken":[{"damage":0.0,"enemies":"Small Slimes","floor":1.0,"turns":1.0},{"damage":0.0,"enemies":"Jaw Worm","floor":5.0,"turns":1.0},{"damage":0.0,"enemies":"3 Sentries","floor":6.0,"turns":1.0},{"damage":0.0,"enemies":"Cultist","floor":8.0,"turns":3.0},{"damage":11.0,"enemies":"Lagavulin","floor":10.0,"turns":6.0},{"damage":0.0,"enemies":"2 Fungi Beasts","floor":11.0,"turns":2.0},{"damage":0.0,"enemies":"3 Louse","floor":12.0,"turns":3.0},{"damage":4.0,"enemies":"Hexaghost","floor":16.0,"turns":10.0},{"damage":2.0,"enemies":"Chosen","floor":18.0,"turns":4.0},{"damage":7.0,"enemies":"Colosseum Slavers","floor":20.0,"turns":6.0},{"damage":7.0,"enemies":"Colosseum Nobs","floor":20.0,"turns":5.0},{"damage":0.0,"enemies":"Masked Bandits","floor":21.0,"turns":3.0},{"damage":0.0,"enemies":"Spheric Guardian","floor":22.0,"turns":2.0},{"damage":0.0,"enemies":"Snake Plant","floor":24.0,"turns":6.0},{"damage":25.0,"enemies":"Gremlin Leader","floor":25.0,"turns":9.0},{"damage":2.0,"enemies":"3 Cultists","floor":28.0,"turns":7.0},{"damage":0.0,"enemies":"Snecko","floor":31.0,"turns":7.0},{"damage":19.0,"enemies":"Collector","floor":33.0,"turns":13.0},{"damage":0.0,"enemies":"3 Darklings","floor":35.0,"turns":4.0},{"damage":2.0,"enemies":"Orb Walker","floor":37.0,"turns":4.0},{"damage":0.0,"enemies":"4 Shapes","floor":39.0,"turns":8.0},{"damage":36.0,"enemies":"Reptomancer","floor":41.0,"turns":9.0},{"damage":0.0,"enemies":"Writhing Mass","floor":42.0,"turns":7.0},{"damage":0.0,"enemies":"Maw","floor":47.0,"turns":7.0},{"damage":2.0,"enemies":"Jaw Worm Horde","floor":48.0,"turns":4.0},{"damage":27.0,"enemies":"Awakened One","floor":50.0,"turns":14.0},{"damage":34.0,"enemies":"Shield and Spear","floor":54.0,"turns":7.0},{"damage":41,"enemies":"The Heart","floor":55,"turns":3}],"seed_played":"-7098563769381937808","potions_obtained":[{"floor":8.0,"key":"Ancient Potion"},{"floor":11.0,"key":"SneckoOil"},{"floor":12.0,"key":"SpeedPotion"},{"floor":16.0,"key":"Swift Potion"},{"floor":18.0,"key":"AttackPotion"},{"floor":24.0,"key":"Poison Potion"},{"floor":28.0,"key":"Ancient Potion"},{"floor":31.0,"key":"Dexterity Potion"},{"floor":35.0,"key":"EssenceOfSteel"},{"floor":42.0,"key":"Weak Potion"}],"is_trial":false,"path_per_floor":["M","?","?","?","M","E","?","M","T","E","M","M","$","?","R","B",null,"M","?","?","?","M","R","M","E","T","R","M","$","?","M","R","B",null,"M","?","M","?","M","R","E","M","T","$","?","R","M","M","R","B",null,"R","$","E","B"],"character_chosen":"THE_SILENT","items_purchased":["Footwork","Cloak And Dagger","Bronze Scales","Deflect+1","Vajra","PrismaticShard","Leg Sweep+1","Deep Breath+1","Jack Of All Trades+1"],"campfire_rested":4,"item_purchase_floors":[13,13,29,29,44,44,44,44,53],"current_hp_per_floor":[63,63,63,52,52,52,45,45,45,34,34,34,34,17,38,34,61,59,43,29,29,29,50,50,25,25,25,23,23,23,23,44,25,59,59,59,57,57,57,57,21,21,21,21,21,40,40,38,38,11,52,52,52,18,0],"gold":58,"neow_bonus":"THREE_ENEMY_KILL","is_prod":false,"is_daily":false,"chose_seed":false,"campfire_upgraded":1,"win_rate":0,"timestamp":1549196005,"path_taken":["M","?","?","?","M","E","?","?","T","E","M","M","$","?","R","BOSS","M","?","?","?","M","R","M","E","T","R","M","$","?","M","R","BOSS","M","?","M","?","M","R","E","M","T","$","?","R","M","M","R","BOSS","R","$","E","BOSS"],"build_version":"2019-01-23","purchased_purges":3,"victory":false,"max_hp_per_floor":[70,70,70,70,70,70,70,70,70,70,70,70,70,70,70,70,70,70,70,70,70,70,70,70,70,70,70,70,70,70,70,70,70,70,70,66,66,66,66,66,66,66,66,66,66,66,66,66,66,66,66,66,66,66,66],"card_choices":[{"not_picked":["PiercingWail","Dagger Spray"],"picked":"Dagger Throw","floor":1.0},{"not_picked":["Quick Slash","Dodge and Roll"],"picked":"Unload","floor":5.0},{"not_picked":["Crippling Poison","Dagger Spray"],"picked":"Quick Slash","floor":6.0},{"not_picked":["Terror","Quick Slash","Flechettes"],"picked":"Well Laid Plans","floor":8.0},{"not_picked":["Blade Dance","Deadly Poison","Outmaneuver"],"picked":"Finisher","floor":10.0},{"not_picked":["PiercingWail","Sucker Punch","Corpse Explosion"],"picked":"Infinite Blades","floor":11.0},{"not_picked":["Dodge and Roll","All Out Attack","Deadly Poison"],"picked":"Accuracy","floor":12.0},{"not_picked":["Bullet Time","Venomology","Phantasmal Killer"],"picked":"After Image","floor":16.0},{"not_picked":["Catalyst"],"picked":"Slice","floor":18.0},{"not_picked":["Distraction+1"],"picked":"Leg Sweep","floor":20.0},{"not_picked":["Dagger Spray"],"picked":"Blade Dance+1","floor":21.0},{"not_picked":["Underhanded Strike+1","Catalyst+1"],"picked":"SKIP","floor":22.0},{"not_picked":["Phantasmal Killer+1"],"picked":"Footwork","floor":24.0},{"not_picked":["Flying Knee"],"picked":"Setup+1","floor":25.0},{"not_picked":["Eviscerate+1"],"picked":"Backflip+1","floor":28.0},{"not_picked":["Bouncing Flask+1"],"picked":"Outmaneuver+1","floor":31.0},{"not_picked":["Night Terror+1"],"picked":"Phantasmal Killer+1","floor":33.0},{"not_picked":["Flechettes"],"picked":"PiercingWail+1","floor":35.0},{"not_picked":["Quick Slash"],"picked":"Caltrops+1","floor":37.0},{"not_picked":["Underhanded Strike+1"],"picked":"Masterful Stab+1","floor":39.0},{"not_picked":["Terror+1"],"picked":"Backflip+1","floor":41.0},{"not_picked":["Flying Knee+1"],"picked":"Concentrate+1","floor":42.0},{"not_picked":["Rebound","Twin Strike"],"picked":"SKIP","floor":47.0},{"not_picked":["Bane","Sucker Punch+1"],"picked":"SKIP","floor":48.0},{"not_picked":["Forethought+1","Masterful Stab"],"picked":"SKIP","floor":54.0}],"player_experience":321368,"relics_obtained":[{"floor":6.0,"key":"Question Card"},{"floor":9.0,"key":"Ninja Scroll"},{"floor":10.0,"key":"Juzu Bracelet"},{"floor":19.0,"key":"Nilry\u0027s Codex"},{"floor":20.0,"key":"Peace Pipe"},{"floor":20.0,"key":"Toxic Egg 2"},{"floor":21.0,"key":"Red Mask"},{"floor":25.0,"key":"Ornamental Fan"},{"floor":41.0,"key":"Whetstone"},{"floor":43.0,"key":"Nunchaku"},{"floor":54.0,"key":"Gremlin Horn"}],"event_choices":[{"cards_removed":["Strike_G"],"damage_healed":0.0,"max_hp_gain":0.0,"max_hp_loss":0.0,"gold_gain":0.0,"event_name":"The Cleric","player_choice":"Card Removal","floor":2.0,"gold_loss":50.0,"damage_taken":0.0},{"cards_removed":["Strike_G"],"damage_healed":0.0,"max_hp_gain":0.0,"max_hp_loss":0.0,"gold_gain":0.0,"event_name":"Living Wall","player_choice":"Forget","floor":3.0,"gold_loss":0.0,"damage_taken":0.0},{"damage_healed":0.0,"max_hp_gain":0.0,"max_hp_loss":0.0,"gold_gain":75.0,"event_name":"World of Goop","player_choice":"Gather Gold","floor":4.0,"gold_loss":0.0,"damage_taken":11.0},{"cards_removed":["Strike_G"],"damage_healed":0.0,"max_hp_gain":0.0,"max_hp_loss":0.0,"gold_gain":0.0,"event_name":"Golden Wing","player_choice":"Card Removal","floor":7.0,"gold_loss":0.0,"damage_taken":7.0},{"damage_healed":0.0,"max_hp_gain":0.0,"max_hp_loss":0.0,"gold_gain":0.0,"event_name":"Golden Idol","player_choice":"Take Damage","floor":14.0,"gold_loss":0.0,"damage_taken":17.0,"relics_obtained":["Golden Idol"]},{"damage_healed":0.0,"max_hp_gain":0.0,"max_hp_loss":0.0,"gold_gain":0.0,"event_name":"Cursed Tome","player_choice":"Obtained Book","floor":19.0,"gold_loss":0.0,"damage_taken":16.0},{"damage_healed":0.0,"max_hp_gain":0.0,"max_hp_loss":0.0,"gold_gain":0.0,"event_name":"Colosseum","player_choice":"Fight","floor":20.0,"gold_loss":0.0,"damage_taken":0.0},{"damage_healed":0.0,"max_hp_gain":0.0,"max_hp_loss":0.0,"gold_gain":0.0,"event_name":"Colosseum","player_choice":"Fought Nobs","floor":20.0,"gold_loss":0.0,"damage_taken":0.0},{"damage_healed":0.0,"max_hp_gain":0.0,"max_hp_loss":0.0,"gold_gain":0.0,"event_name":"Masked Bandits","player_choice":"Fought Bandits","floor":21.0,"gold_loss":0.0,"damage_taken":0.0},{"damage_healed":0.0,"max_hp_gain":0.0,"max_hp_loss":0.0,"gold_gain":0.0,"event_name":"Duplicator","player_choice":"Copied","floor":30.0,"gold_loss":0.0,"damage_taken":0.0,"cards_obtained":["After Image"]},{"damage_healed":0.0,"max_hp_gain":0.0,"max_hp_loss":4.0,"gold_gain":0.0,"event_name":"Winding Halls","player_choice":"Max HP","floor":36.0,"gold_loss":0.0,"damage_taken":0.0},{"damage_healed":0.0,"max_hp_gain":0.0,"max_hp_loss":0.0,"gold_gain":333.0,"event_name":"The Moai Head","player_choice":"Gave Idol","floor":38.0,"relics_lost":["Golden Idol"],"gold_loss":0.0,"damage_taken":0.0},{"cards_removed":["Quick Slash"],"damage_healed":0.0,"max_hp_gain":0.0,"max_hp_loss":0.0,"gold_gain":0.0,"event_name":"Falling","player_choice":"Removed Attack","floor":45.0,"gold_loss":0.0,"damage_taken":0.0}],"is_beta":false,"boss_relics":[{"not_picked":["Eternal Feather","Fusion Hammer"],"picked":"Busted Crown"},{"not_picked":["Pandora\u0027s Box","Empty Cage"],"picked":"WristBlade"}],"items_purged_floors":[13,29,44],"is_endless":false,"potions_floor_spawned":[8,11,12,16,18,24,28,31,35,37,42],"killed_by":"The Heart","ascension_level":9}