{"gold_per_floor":[109,109,109,129,149,149,165,240,267,302,323,347,362,397,397,520,520,544,643,643],"floor_reached":20,"playtime":1054,"items_purged":[],"score":211,"play_id":"576fb95b-b462-4011-ac4d-8bc41e83c765","local_time":"20190304005231","is_ascension_mode":false,"campfire_choices":[{"data":"Crippling Poison","floor":6,"key":"SMITH"},{"floor":15,"key":"REST"}],"neow_cost":"NONE","seed_source_timestamp":23530151277252,"circlet_count":0,"master_deck":["Defend_G","Defend_G","Defend_G","Defend_G","Defend_G","Strike_G","Strike_G","Strike_G","Strike_G","Survivor","Neutralize","Leg Sweep","Heel Hook","Bane","Crippling Poison+1","Bouncing Flask","Footwork","Doppelganger","Deadly Poison","Outmaneuver","Deadly Poison","After Image","Tactician"],"relics":["Ring of the Snake","NeowsBlessing","Golden Idol","Potion Belt","Snake Skull","Bottled Tornado","WristBlade"],"potions_floor_usage":[14,14,14,16,16,20],"damage_taken":[{"damage":0,"enemies":"2 Louse","floor":1,"turns":1},{"damage":0,"enemies":"Small Slimes","floor":4,"turns":1},{"damage":0,"enemies":"Cultist","floor":5,"turns":1},{"damage":0,"enemies":"Large Slime","floor":7,"turns":5},{"damage":24,"enemies":"Gremlin Nob","floor":10,"turns":4},{"damage":0,"enemies":"Red Slaver","floor":11,"turns":3},{"damage":7,"enemies":"3 Louse","floor":12,"turns":3},{"damage":7,"enemies":"Looter","floor":13,"turns":3},{"damage":0,"enemies":"Lagavulin","floor":14,"turns":5},{"damage":15,"enemies":"Slime Boss","floor":16,"turns":10},{"damage":18,"enemies":"Spheric Guardian","floor":18,"turns":4},{"damage":40,"enemies":"Colosseum Slavers","floor":20,"turns":4},{"damage":7,"enemies":"Colosseum Nobs","floor":20,"turns":3}],"seed_played":"-7779820020316905255","potions_obtained":[{"floor":1,"key":"Block Potion"},{"floor":5,"key":"PowerPotion"},{"floor":10,"key":"PowerPotion"},{"floor":11,"key":"GamblersBrew"},{"floor":14,"key":"Fire Potion"},{"floor":18,"key":"Ancient Potion"}],"is_trial":false,"path_per_floor":["M","?","?","M","M","R","M","?","T","E","M","M","M","E","R","B",null,"M","?","?"],"character_chosen":"THE_SILENT","items_purchased":[],"campfire_rested":1,"item_purchase_floors":[],"current_hp_per_floor":[70,65,65,65,65,65,65,59,59,35,35,28,21,21,40,25,65,47,47,0],"gold":643,"neow_bonus":"THREE_ENEMY_KILL","is_prod":false,"is_daily":false,"chose_seed":false,"campfire_upgraded":1,"win_rate":0,"timestamp":1551628351,"path_taken":["M","?","?","?","M","R","M","?","T","E","M","?","M","E","R","BOSS","M","?","?"],"build_version":"2019-01-23","purchased_purges":0,"victory":false,"max_hp_per_floor":[70,65,65,65,65,65,65,65,65,65,65,65,65,65,65,65,65,65,65,65],"card_choices":[{"not_picked":["Endless Agony","Poisoned Stab"],"picked":"Leg Sweep","floor":1},{"not_picked":["Quick Slash","Expertise"],"picked":"Bane","floor":4},{"not_picked":["Backflip","Bane"],"picked":"Crippling Poison","floor":5},{"not_picked":["Dash","Masterful Stab"],"picked":"Bouncing Flask","floor":7},{"not_picked":["Dagger Spray","Quick Slash"],"picked":"Footwork","floor":10},{"not_picked":["Dodge and Roll","Poisoned Stab"],"picked":"Doppelganger","floor":11},{"not_picked":["Poisoned Stab","Dagger Throw"],"picked":"Deadly Poison","floor":12},{"not_picked":["Masterful Stab","Infinite Blades"],"picked":"Outmaneuver","floor":13},{"not_picked":["PiercingWail","Dagger Spray"],"picked":"Deadly Poison","floor":14},{"not_picked":["A Thousand Cuts","Doppelganger"],"picked":"After Image","floor":16},{"not_picked":["Crippling Poison","Flechettes"],"picked":"Tactician","floor":18}],"player_experience":41438,"relics_obtained":[{"floor":9,"key":"Potion Belt"},{"floor":10,"key":"Snake Skull"},{"floor":14,"key":"Bottled Tornado"}],"event_choices":[{"damage_healed":0,"gold_gain":0,"player_choice":"Lose Max HP","damage_taken":0,"relics_obtained":["Golden Idol"],"max_hp_gain":0,"max_hp_loss":5,"event_name":"Golden Idol","floor":2,"gold_loss":0},{"damage_healed":0,"gold_gain":0,"cards_transformed":["Strike_G"],"player_choice":"Transformed","damage_taken":0,"max_hp_gain":0,"max_hp_loss":0,"event_name":"Transmorgrifier","floor":3,"gold_loss":0,"cards_obtained":["Heel Hook"]},{"damage_healed":0,"gold_gain":75,"player_choice":"Touch","damage_taken":6,"max_hp_gain":0,"max_hp_loss":0,"event_name":"FaceTrader","floor":8,"gold_loss":0},{"damage_healed":0,"gold_gain":99,"player_choice":"Stole From Cult","damage_taken":0,"max_hp_gain":0,"max_hp_loss":0,"event_name":"Nest","floor":19,"gold_loss":0},{"damage_healed":0,"gold_gain":0,"player_choice":"Fight","damage_taken":0,"max_hp_gain":0,"max_hp_loss":0,"event_name":"Colosseum","floor":20,"gold_loss":0},{"damage_healed":0,"gold_gain":0,"player_choice":"Fought Nobs","damage_taken":0,"max_hp_gain":0,"max_hp_loss":0,"event_name":"Colosseum","floor":20,"gold_loss":0}],"is_beta":false,"boss_relics":[{"not_picked":["White Beast Statue","Cursed Key"],"picked":"WristBlade"}],"items_purged_floors":[],"is_endless":false,"potions_floor_spawned":[1,5,10,11,14,18,20],"killed_by":"Colosseum Nobs","ascension_level":0}