{"gold_per_floor":[17,27,41,61,61,61,61,61,61,76,93,110,185,185],"floor_reached":14,"playtime":349,"items_purged":[],"score":164,"play_id":"4c8462fd-e18a-4271-9fe1-1659f88428d1","local_time":"20190306115212","is_ascension_mode":true,"campfire_choices":[{"data":"Streamline","floor":6,"key":"SMITH"}],"neow_cost":"NO_GOLD","seed_source_timestamp":69481661501457,"circlet_count":0,"master_deck":["AscendersBane","Strike_B","Strike_B","Strike_B","Strike_B","Defend_B","Defend_B","Defend_B","Defend_B","Zap","Dualcast","Deep Breath","Leap","Conserve Battery","Compile Driver","Streamline+1","FTL","Coolheaded","Beam Cell"],"relics":["Cracked Core","FaceOfCleric","Bag of Preparation"],"potions_floor_usage":[4],"damage_taken":[{"damage":12,"enemies":"Jaw Worm","floor":1,"turns":2},{"damage":11,"enemies":"Small Slimes","floor":2,"turns":3},{"damage":6,"enemies":"Cultist","floor":3,"turns":3},{"damage":9,"enemies":"Large Slime","floor":4,"turns":6},{"damage":6,"enemies":"Red Slaver","floor":10,"turns":3},{"damage":4,"enemies":"3 Louse","floor":11,"turns":2},{"damage":6,"enemies":"2 Fungi Beasts","floor":12,"turns":3},{"damage":2,"enemies":"Red Slaver","floor":14,"turns":1}],"seed_played":"-1742202652367845356","potions_obtained":[{"floor":3,"key":"AttackPotion"},{"floor":11,"key":"Weak Potion"}],"is_trial":false,"path_per_floor":["M","M","M","M","?","R","?","?","T","M","M","M","?","M"],"character_chosen":"DEFECT","items_purchased":[],"campfire_rested":0,"item_purchase_floors":[],"current_hp_per_floor":[52,41,35,26,26,26,26,26,26,21,18,13,2,0],"gold":185,"neow_bonus":"RANDOM_COLORLESS_2","is_prod":false,"is_daily":false,"chose_seed":false,"campfire_upgraded":1,"win_rate":0,"timestamp":1551840732,"path_taken":["M","M","M","M","?","R","?","?","T","?","M","M","?","M"],"build_version":"2019-01-23","purchased_purges":0,"victory":false,"max_hp_per_floor":[71,71,71,71,71,71,71,71,71,72,73,74,74,74],"card_choices":[{"not_picked":["Sweeping Beam","Hologram"],"picked":"Leap","floor":1},{"not_picked":["Hologram","BootSequence"],"picked":"Conserve Battery","floor":2},{"not_picked":["Skim","Storm"],"picked":"Compile Driver","floor":3},{"not_picked":["Gash","Steam"],"picked":"Streamline","floor":4},{"not_picked":["Blizzard","Barrage"],"picked":"FTL","floor":10},{"not_picked":["Chaos","Stack"],"picked":"Coolheaded","floor":11},{"not_picked":["Conserve Battery","Gash"],"picked":"Beam Cell","floor":12}],"player_experience":821076,"relics_obtained":[{"floor":9,"key":"Bag of Preparation"}],"event_choices":[{"cards_removed":["Forethought"],"damage_healed":0,"gold_gain":0,"player_choice":"Forget","damage_taken":0,"max_hp_gain":0,"max_hp_loss":0,"event_name":"Living Wall","floor":5,"gold_loss":0},{"damage_healed":0,"gold_gain":0,"player_choice":"Ignored","damage_taken":0,"max_hp_gain":0,"max_hp_loss":0,"event_name":"Golden Idol","floor":7,"gold_loss":0},{"damage_healed":0,"gold_gain":0,"player_choice":"Trade","damage_taken":0,"relics_obtained":["FaceOfCleric"],"max_hp_gain":0,"max_hp_loss":0,"event_name":"FaceTrader","floor":8,"gold_loss":0},{"damage_healed":0,"gold_gain":75,"player_choice":"Gather Gold","damage_taken":11,"max_hp_gain":0,"max_hp_loss":0,"event_name":"World of Goop","floor":13,"gold_loss":0}],"is_beta":false,"boss_relics":[],"items_purged_floors":[],"is_endless":false,"potions_floor_spawned":[3,11],"killed_by":"Red Slaver","ascension_level":19}