{"gold_per_floor":[117,37,54,1,1,1,32,32,332,351,384,384,634,599,599,599],"floor_reached":16,"playtime":782,"items_purged":[],"score":106,"play_id":"31c76f1b-963a-4e70-b82f-41d9fd9d82b8","local_time":"20180630230952","is_ascension_mode":false,"campfire_choices":[{"data":"Backstab","floor":6,"key":"SMITH"},{"data":"Accuracy","floor":12,"key":"SMITH"},{"data":"Cloak And Dagger","floor":15,"key":"SMITH"}],"neow_cost":"NONE","seed_source_timestamp":471974393585,"circlet_count":0,"master_deck":["Defend_G","Defend_G+1","Defend_G","Defend_G","Strike_G","Strike_G","Strike_G","Strike_G","Strike_G","Survivor","Neutralize","Heel Hook","Flechettes+1","Backstab+1","Quick Slash","PiercingWail","Regret","Accuracy+1","Sucker Punch","Cloak And Dagger+1","Regret"],"relics":["Ring of the Snake","Ancient Tea Set","Blue Candle","Old Coin","Ninja Scroll"],"potions_floor_usage":[7,11],"damage_taken":[{"damage":0,"enemies":"Jaw Worm","floor":1,"turns":3},{"damage":0,"enemies":"Small Slimes","floor":3,"turns":3},{"damage":20,"enemies":"3 Sentries","floor":7,"turns":8},{"damage":1,"enemies":"2 Louse","floor":10,"turns":2},{"damage":14,"enemies":"Lagavulin","floor":11,"turns":5},{"damage":21,"enemies":"The Guardian","floor":16,"turns":5}],"seed_played":"-5604052486696329217","potions_obtained":[{"floor":3,"key":"Explosive Potion"},{"floor":10,"key":"Weak Potion"},{"floor":11,"key":"SmokeBomb"}],"is_trial":false,"path_per_floor":["M","$","M","$","?","R","E","?","T","M","E","R","?","?","R"],"character_chosen":"THE_SILENT","items_purchased":["Backstab","PiercingWail"],"campfire_rested":0,"item_purchase_floors":[2,4],"current_hp_per_floor":[70,70,70,70,70,70,50,36,36,35,21,21,21,21,21,0],"gold":599,"neow_bonus":"TRANSFORM_CARD","is_prod":false,"is_daily":false,"chose_seed":false,"campfire_upgraded":3,"win_rate":0,"timestamp":1530425392,"path_taken":["M","$","M","$","?","R","E","?","T","M","E","R","?","?","R","BOSS"],"build_version":"2018-06-28","purchased_purges":0,"victory":false,"max_hp_per_floor":[70,70,70,70,70,70,70,70,70,70,70,70,70,70,70,70],"card_choices":[{"not_picked":["Bane","Quick Slash"],"picked":"Flechettes","floor":1},{"not_picked":["Underhanded Strike","Expertise"],"picked":"Quick Slash","floor":3},{"not_picked":["Dash","Caltrops"],"picked":"Accuracy","floor":7},{"not_picked":["Poisoned Stab","Noxious Fumes"],"picked":"Sucker Punch","floor":10},{"not_picked":["Backstab","Dodge and Roll"],"picked":"Cloak And Dagger","floor":11}],"player_experience":98189,"relics_obtained":[{"floor":7,"key":"Blue Candle"},{"floor":9,"key":"Old Coin"},{"floor":11,"key":"Ninja Scroll"}],"event_choices":[{"event_name":"Big Fish","player_choice":"Box","floor":5,"damage_taken":0},{"event_name":"Shining Light","player_choice":"Entered Light","floor":8,"damage_taken":0},{"event_name":"Golden Shrine","player_choice":"Desecrate","floor":13,"damage_taken":0},{"event_name":"World of Goop","player_choice":"Left","floor":14,"damage_taken":0}],"boss_relics":[],"items_purged_floors":[],"is_endless":false,"potions_floor_spawned":[3,10,11],"killed_by":"The Guardian","ascension_level":0}