{"path_per_floor":["M","$","M","M","?","M","E","R","T","E","M","R","M","M","R"],"character_chosen":"IRONCLAD","items_purchased":["Thunderclap"],"gold_per_floor":[115,14,27,42,42,57,85,85,85,117,128,128,139,159,159,159],"floor_reached":16,"campfire_rested":0,"playtime":476,"current_hp_per_floor":[80,80,80,75,75,80,70,70,70,45,41,41,41,39,39,0],"items_purged":["Defend_R"],"gold":159,"score":114,"play_id":"e267a0a2-1b09-405e-8bbe-d03dcdd7a8b7","local_time":"20180423080805","is_prod":false,"is_daily":false,"chose_seed":false,"is_ascension_mode":false,"campfire_upgraded":3,"timestamp":1524463685,"path_taken":["M","?","M","M","?","M","E","R","T","E","M","R","M","M","R","BOSS"],"build_version":"2018-04-19","seed_source_timestamp":566122757946,"purchased_purges":1,"victory":false,"master_deck":["Strike_R","Strike_R","Strike_R","Strike_R","Strike_R","Defend_R","Defend_R","Defend_R","Bash+1","Dropkick","Thunderclap","Twin Strike","Uppercut","Dual Wield+1","Twin Strike","Clash","Perfected Strike+1"],"max_hp_per_floor":[80,80,80,80,80,80,80,80,80,80,80,80,80,80,80,80],"relics":["Burning Blood","Dream Catcher","Red Skull","Question Card","Mercury Hourglass"],"card_choices":[{"not_picked":["Headbutt","Corruption"],"picked":"Dropkick","floor":1},{"not_picked":["Thunderclap","Warcry"],"picked":"Twin Strike","floor":3},{"not_picked":["Combust","Sentinel"],"picked":"Uppercut","floor":6},{"not_picked":["Havoc","Dark Embrace","Battle Trance"],"picked":"Dual Wield","floor":10},{"not_picked":["Cleave","Warcry","Metallicize"],"picked":"Twin Strike","floor":11},{"not_picked":["Twin Strike","Sentinel","Wild Strike"],"picked":"Clash","floor":13},{"not_picked":["Headbutt","Flex","Armaments"],"picked":"Perfected Strike","floor":14}],"player_experience":415154,"potions_floor_usage":[7,16],"damage_taken":[{"damage":1,"enemies":"Cultist","floor":1,"turns":4},{"damage":0,"enemies":"2 Louse","floor":3,"turns":3},{"damage":11,"enemies":"Jaw Worm","floor":4,"turns":2},{"damage":0,"enemies":"Large Slime","floor":6,"turns":4},{"damage":16,"enemies":"Gremlin Nob","floor":7,"turns":4},{"damage":31,"enemies":"Lagavulin","floor":10,"turns":4},{"damage":10,"enemies":"Lots of Slimes","floor":11,"turns":2},{"damage":6,"enemies":"3 Louse","floor":13,"turns":2},{"damage":8,"enemies":"Gremlin Gang","floor":14,"turns":2},{"damage":47,"enemies":"The Guardian","floor":16,"turns":4}],"event_choices":[{"event_name":"The Lab","player_choice":"Got Potions","floor":5,"damage_taken":0}],"boss_relics":[],"potions_floor_spawned":[3,7,10,13,14],"seed_played":"1597389705788157358","killed_by":"The Guardian","ascension_level":0,"is_trial":false}