{"gold_per_floor":[117,132,144,155,5,5,38,38,62,75,40,40,58,58,58,58],"floor_reached":16,"playtime":645,"items_purged":["Strike_B"],"score":199,"play_id":"071a82a4-d4cf-4b48-ac3e-f922ac1bba03","local_time":"20190114233834","is_ascension_mode":true,"campfire_choices":[{"data":"Zap","floor":6,"key":"SMITH"},{"data":"Hologram","floor":8,"key":"SMITH"},{"data":"Fission","floor":12,"key":"SMITH"},{"data":"Sunder","floor":15,"key":"SMITH"}],"neow_cost":"NONE","seed_source_timestamp":505030456289382,"circlet_count":0,"master_deck":["AscendersBane","Strike_B","Strike_B","Strike_B","Defend_B","Defend_B","Defend_B","Defend_B","Zap+1","Dualcast","Reboot","Gash","Beam Cell","Go for the Eyes","Conserve Battery","Sunder+1","Hologram+1","Fission+1"],"relics":["Cracked Core","Smiling Mask","Potion Belt"],"potions_floor_usage":[7],"damage_taken":[{"damage":0,"enemies":"Cultist","floor":1,"turns":3},{"damage":0,"enemies":"2 Louse","floor":2,"turns":3},{"damage":7,"enemies":"Small Slimes","floor":3,"turns":3},{"damage":10,"enemies":"Exordium Thugs","floor":4,"turns":4},{"damage":23,"enemies":"Lagavulin","floor":7,"turns":6},{"damage":1,"enemies":"Looter","floor":10,"turns":4},{"damage":17,"enemies":"Exordium Wildlife","floor":13,"turns":5},{"damage":30,"enemies":"Slime Boss","floor":16,"turns":4}],"seed_played":"-1905882169406743138","potions_obtained":[{"floor":1,"key":"Explosive Potion"},{"floor":4,"key":"Dexterity Potion"},{"floor":14,"key":"FearPotion"},{"floor":14,"key":"Energy Potion"}],"is_trial":false,"path_per_floor":["M","M","M","M","$","R","E","R","T","M","?","R","M","?","R","B"],"character_chosen":"DEFECT","items_purchased":["Sunder"],"campfire_rested":0,"item_purchase_floors":[5],"current_hp_per_floor":[64,64,57,47,47,47,24,24,24,23,40,40,23,23,23,0],"gold":58,"neow_bonus":"ONE_RANDOM_RARE_CARD","is_prod":false,"is_daily":false,"chose_seed":false,"campfire_upgraded":4,"win_rate":0,"timestamp":1547527114,"path_taken":["M","M","?","M","$","R","E","R","T","M","?","R","M","?","R","BOSS"],"build_version":"2019-01-10","purchased_purges":1,"victory":false,"max_hp_per_floor":[71,71,71,71,71,71,71,71,71,71,71,71,71,71,71,71],"card_choices":[{"not_picked":["Reinforced Body","Beam Cell"],"picked":"Gash","floor":1},{"not_picked":["Stack","Lockon"],"picked":"Beam Cell","floor":2},{"not_picked":["Cold Snap","Redo"],"picked":"Go for the Eyes","floor":3},{"not_picked":["Stack","White Noise"],"picked":"Conserve Battery","floor":4},{"not_picked":["Redo","Recycle"],"picked":"Hologram","floor":7},{"not_picked":["Compile Driver","Redo"],"picked":"Fission","floor":10},{"not_picked":["Rebound","Rip and Tear","Loop"],"picked":"SKIP","floor":13}],"player_experience":461284,"relics_obtained":[{"floor":7,"key":"Smiling Mask"},{"floor":9,"key":"Potion Belt"}],"event_choices":[{"damage_healed":17,"gold_gain":0,"player_choice":"Healed","damage_taken":0,"max_hp_gain":0,"max_hp_loss":0,"event_name":"The Cleric","floor":11,"gold_loss":35},{"damage_healed":0,"gold_gain":0,"player_choice":"Got Potions","damage_taken":0,"max_hp_gain":0,"max_hp_loss":0,"event_name":"Lab","floor":14,"gold_loss":0}],"is_beta":true,"boss_relics":[],"items_purged_floors":[5],"is_endless":false,"potions_floor_spawned":[1,4],"killed_by":"Slime Boss","ascension_level":19}