{"gold_per_floor":[219,230,155,155,175,175,208,208,232,232,51,77,112,122,122,225,225,241,12,12,22,22,22],"floor_reached":23,"playtime":1012,"items_purged":["Defend_R"],"score":207,"play_id":"5a34cb0d-408f-4054-abdb-e8ec8d42a26e","local_time":"20190303081252","is_ascension_mode":true,"campfire_choices":[{"data":"Warcry","floor":6,"key":"SMITH"},{"data":"Thunderclap","floor":10,"key":"SMITH"},{"data":"1","floor":15,"key":"LIFT"}],"neow_cost":"NONE","seed_source_timestamp":47996432395531,"circlet_count":0,"master_deck":["Strike_R","Strike_R","Strike_R","Strike_R","Strike_R","Defend_R","Bash","Thunderclap+1","Twin Strike+1","Bludgeon","Twin Strike","Cleave","Perfected Strike","Pommel Strike","Demon Form","Pommel Strike","Bloodletting","Twin Strike"],"relics":["Burning Blood","Bronze Scales","PreservedInsect","Odd Mushroom","Girya","Empty Cage","Bag of Marbles","Nloth\u0027s Gift","Ginger"],"potions_floor_usage":[16,16,16],"damage_taken":[{"damage":1,"enemies":"2 Louse","floor":1,"turns":3},{"damage":6,"enemies":"Cultist","floor":2,"turns":3},{"damage":8,"enemies":"Jaw Worm","floor":5,"turns":3},{"damage":38,"enemies":"Gremlin Nob","floor":7,"turns":5},{"damage":15,"enemies":"The Mushroom Lair","floor":12,"turns":3},{"damage":18,"enemies":"3 Sentries","floor":13,"turns":3},{"damage":10,"enemies":"Looter","floor":14,"turns":2},{"damage":19,"enemies":"Slime Boss","floor":16,"turns":6},{"damage":30,"enemies":"2 Thieves","floor":18,"turns":3},{"damage":51,"enemies":"3 Byrds","floor":21,"turns":4},{"damage":20,"enemies":"Cultist and Chosen","floor":23,"turns":3}],"seed_played":"8190104864553665951","potions_obtained":[{"floor":2,"key":"BloodPotion"},{"floor":12,"key":"LiquidBronze"},{"floor":14,"key":"Poison Potion"}],"is_trial":false,"path_per_floor":["M","M","$","?","M","R","E","?","T","R","$","?","E","M","R","B",null,"M","$","?","M","?","M"],"character_chosen":"IRONCLAD","items_purchased":["Twin Strike","PreservedInsect","Bag of Marbles","Bloodletting"],"campfire_rested":0,"item_purchase_floors":[11,11,19,19],"current_hp_per_floor":[80,80,80,80,78,78,46,51,51,51,51,42,30,26,26,21,85,61,61,61,16,16,0],"gold":22,"neow_bonus":"HUNDRED_GOLD","is_prod":false,"is_daily":false,"chose_seed":false,"campfire_upgraded":2,"win_rate":0,"timestamp":1551568372,"path_taken":["M","M","$","?","?","R","E","?","T","R","$","?","E","M","R","BOSS","M","$","?","?","?","M"],"build_version":"2019-01-23","purchased_purges":1,"victory":false,"max_hp_per_floor":[80,80,80,80,80,80,80,85,85,85,85,85,85,85,85,85,85,85,85,85,85,85,85],"card_choices":[{"not_picked":["Heavy Blade","Rupture"],"picked":"Thunderclap","floor":1},{"not_picked":["Rupture","Headbutt"],"picked":"Twin Strike","floor":2},{"not_picked":["Flame Barrier","Armaments"],"picked":"Warcry","floor":5},{"not_picked":["Power Through","Clash"],"picked":"Bludgeon","floor":7},{"not_picked":["Flame Barrier","Clothesline"],"picked":"Cleave","floor":12},{"not_picked":["Flame Barrier","Corruption"],"picked":"Perfected Strike","floor":13},{"not_picked":["Fire Breathing","Sword Boomerang"],"picked":"Pommel Strike","floor":14},{"not_picked":["Bludgeon","Brutality"],"picked":"Demon Form","floor":16},{"not_picked":["Second Wind","Power Through"],"picked":"Pommel Strike","floor":18},{"not_picked":["Seeing Red","True Grit"],"picked":"Twin Strike","floor":21}],"player_experience":11708,"relics_obtained":[{"floor":7,"key":"Bronze Scales"},{"floor":9,"key":"Boot"},{"floor":12,"key":"Odd Mushroom"},{"floor":13,"key":"Girya"}],"event_choices":[{"damage_healed":0,"gold_gain":0,"player_choice":"Upgraded","damage_taken":0,"max_hp_gain":0,"max_hp_loss":0,"event_name":"Upgrade Shrine","floor":4,"gold_loss":0,"cards_upgraded":["Twin Strike"]},{"damage_healed":0,"gold_gain":0,"player_choice":"Donut","damage_taken":0,"max_hp_gain":5,"max_hp_loss":0,"event_name":"Big Fish","floor":8,"gold_loss":0},{"damage_healed":0,"gold_gain":0,"player_choice":"Fought Mushrooms","damage_taken":0,"max_hp_gain":0,"max_hp_loss":0,"event_name":"Mushrooms","floor":12,"gold_loss":0},{"damage_healed":0,"gold_gain":0,"player_choice":"Traded Relic","damage_taken":0,"relics_obtained":["Nloth\u0027s Gift"],"max_hp_gain":0,"max_hp_loss":0,"event_name":"N\u0027loth","floor":20,"relics_lost":["Boot"],"gold_loss":0},{"cards_removed":["Warcry"],"damage_healed":0,"gold_gain":0,"player_choice":"Gave Card","damage_taken":0,"relics_obtained":["Ginger"],"max_hp_gain":0,"max_hp_loss":0,"event_name":"WeMeetAgain","floor":22,"gold_loss":0}],"is_beta":false,"boss_relics":[{"not_picked":["Cursed Key","Lizard Tail"],"picked":"Empty Cage"}],"items_purged_floors":[3],"is_endless":false,"potions_floor_spawned":[2,12,14],"killed_by":"Cultist and Chosen","ascension_level":1}