{"gold_per_floor":[111,128,128,139,139,164,179,179,179,211,211,136,136,61,61,137,137,157,82,82,82],"floor_reached":21,"playtime":719,"items_purged":["Regret"],"score":370,"play_id":"b7ad27a4-210d-4eee-b16c-7cb9227633d9","local_time":"20181124130518","is_ascension_mode":true,"campfire_choices":[{"floor":8,"key":"REST"},{"floor":13,"key":"REST"},{"floor":15,"key":"REST"}],"neow_cost":"NONE","seed_source_timestamp":95871198108532,"circlet_count":0,"master_deck":["AscendersBane","Strike_R","Strike_R","Defend_R","Defend_R","Defend_R","Defend_R","Bash","Demon Form","Feel No Pain","Pommel Strike","Uppercut","Disarm","Reaper","Limit Break"],"relics":["Burning Blood","Mercury Hourglass","Art of War","Potion Belt","Paper Frog","Centennial Puzzle","Runic Cube"],"potions_floor_usage":[6,7],"damage_taken":[{"damage":19,"enemies":"Jaw Worm","floor":1,"turns":4},{"damage":2,"enemies":"Cultist","floor":2,"turns":4},{"damage":6,"enemies":"2 Louse","floor":4,"turns":5},{"damage":22,"enemies":"3 Sentries","floor":6,"turns":7},{"damage":16,"enemies":"Large Slime","floor":7,"turns":7},{"damage":47,"enemies":"Gremlin Nob","floor":10,"turns":5},{"damage":50,"enemies":"The Guardian","floor":16,"turns":10},{"damage":58,"enemies":"Spheric Guardian","floor":18,"turns":7},{"damage":24,"enemies":"Chosen","floor":21,"turns":5}],"seed_played":"8726730734418485037","potions_obtained":[{"floor":4,"key":"PowerPotion"},{"floor":6,"key":"SpeedPotion"},{"floor":16,"key":"Strength Potion"}],"is_trial":false,"path_per_floor":["M","M","?","M","T","E","M","R","T","E","?","$","R","?","R","B",null,"M","?","?","M"],"character_chosen":"IRONCLAD","items_purchased":[],"campfire_rested":3,"item_purchase_floors":[],"current_hp_per_floor":[55,59,52,52,52,36,26,48,48,7,7,7,29,29,51,24,62,22,22,22,0],"gold":82,"neow_bonus":"ONE_RANDOM_RARE_CARD","is_prod":false,"is_daily":false,"chose_seed":false,"campfire_upgraded":0,"win_rate":0,"timestamp":1543093518,"path_taken":["M","M","?","M","?","E","?","R","T","E","?","$","R","?","R","BOSS","M","?","?","M"],"build_version":"2018-11-15","purchased_purges":1,"victory":false,"max_hp_per_floor":[75,75,75,75,75,75,75,75,75,75,75,75,75,75,75,75,75,75,75,75,75],"card_choices":[{"not_picked":["Heavy Blade","Pommel Strike"],"picked":"Feel No Pain","floor":1},{"not_picked":["Sword Boomerang","Headbutt"],"picked":"Pommel Strike","floor":2},{"not_picked":["Searing Blow","Corruption"],"picked":"Uppercut","floor":4},{"not_picked":["Clothesline","Rage"],"picked":"Disarm","floor":6},{"not_picked":["Dropkick","Havoc","Clash"],"picked":"SKIP","floor":7},{"not_picked":["Iron Wave","Immolate"],"picked":"Reaper","floor":10},{"not_picked":["Dark Embrace","Brutality"],"picked":"Limit Break","floor":16},{"not_picked":["Twin Strike","Headbutt","Sword Boomerang"],"picked":"SKIP","floor":18}],"player_experience":676647,"relics_obtained":[{"floor":5,"key":"Mercury Hourglass"},{"floor":6,"key":"Art of War"},{"floor":9,"key":"Potion Belt"},{"floor":10,"key":"Paper Frog"}],"event_choices":[{"cards_removed":["Strike_R"],"damage_healed":0,"gold_gain":0,"player_choice":"Card Removal","damage_taken":7,"max_hp_gain":0,"max_hp_loss":0,"event_name":"Golden Wing","floor":3,"gold_loss":0},{"damage_healed":0,"gold_gain":0,"player_choice":"Box","damage_taken":0,"relics_obtained":["Centennial Puzzle"],"max_hp_gain":0,"max_hp_loss":0,"event_name":"Big Fish","floor":11,"gold_loss":0,"cards_obtained":["Regret"]},{"cards_removed":["Strike_R"],"damage_healed":0,"gold_gain":0,"player_choice":"Card Removal","damage_taken":0,"max_hp_gain":0,"max_hp_loss":0,"event_name":"The Cleric","floor":14,"gold_loss":75},{"cards_removed":["Strike_R"],"damage_healed":0,"gold_gain":0,"player_choice":"Gave Gold","damage_taken":0,"max_hp_gain":0,"max_hp_loss":0,"event_name":"Beggar","floor":19,"gold_loss":75},{"damage_healed":0,"gold_gain":0,"player_choice":"Ignored","damage_taken":0,"max_hp_gain":0,"max_hp_loss":0,"event_name":"Vampires","floor":20,"gold_loss":0}],"is_beta":false,"boss_relics":[{"not_picked":["Lizard Tail","Calling Bell"],"picked":"Runic Cube"}],"items_purged_floors":[12],"is_endless":false,"potions_floor_spawned":[4,6,16],"killed_by":"Chosen","ascension_level":20}