{"gold_per_floor":[113,113,130,142,160,195,195,214,214,214,224,237,253,60,60,163,163,163,163,163,163,163,163,163,163,163,163,85,85,50,50,50,50,50,50,50,50,50,50,50,50,50,50,50,50,50,50,50,50,50],"floor_reached":51,"playtime":2338,"items_purged":[],"score":816,"play_id":"4a88a64b-7d95-4164-89a5-1630480c5925","local_time":"20190217193144","is_ascension_mode":true,"campfire_choices":[{"data":"Hyperbeam","floor":7,"key":"SMITH"},{"floor":15,"key":"REST"},{"data":"Buffer","floor":23,"key":"SMITH"},{"floor":32,"key":"REST"},{"data":"Storm","floor":40,"key":"SMITH"},{"data":"Biased Cognition","floor":44,"key":"SMITH"},{"data":"White Noise","floor":47,"key":"SMITH"},{"data":"Zap","floor":49,"key":"SMITH"}],"neow_cost":"NONE","seed_source_timestamp":259369327926648,"circlet_count":0,"master_deck":["Defend_B","Defend_B","Defend_B","Defend_B","Zap+1","Dualcast","Hyperbeam+1","Melter","Darkness","Sweeping Beam","Self Repair","Genetic Algorithm+1","Sunder+1","White Noise+1","Beam Cell+1","Biased Cognition+1","Beam Cell+1","Reinforced Body","Bite+1","Bite+1","Bite+1","Bite+1","Bite+1","Buffer+1","Conserve Battery+1","Gash+1","Rebound+1","Auto Shields","Sunder+1","Amplify","Storm+1","Hologram+1","FTL+1","Purity","Sweeping Beam+1","Madness","Madness"],"relics":["Cracked Core","FaceOfCleric","Ancient Tea Set","Molten Egg 2","Regal Pillow","Ectoplasm","Oddly Smooth Stone","Kunai","PreservedInsect","Runic Pyramid","Pantograph"],"potions_floor_usage":[12,25,33,33,50,50,50],"damage_taken":[{"damage":2,"enemies":"Jaw Worm","floor":1,"turns":2},{"damage":0,"enemies":"Cultist","floor":3,"turns":2},{"damage":0,"enemies":"2 Louse","floor":4,"turns":3},{"damage":0,"enemies":"Lots of Slimes","floor":5,"turns":1},{"damage":15,"enemies":"3 Sentries","floor":6,"turns":3},{"damage":0,"enemies":"Large Slime","floor":8,"turns":3},{"damage":18,"enemies":"3 Louse","floor":11,"turns":3},{"damage":14,"enemies":"Exordium Wildlife","floor":12,"turns":3},{"damage":13,"enemies":"Blue Slaver","floor":13,"turns":2},{"damage":67,"enemies":"Hexaghost","floor":16,"turns":9},{"damage":19,"enemies":"3 Byrds","floor":18,"turns":4},{"damage":0,"enemies":"Chosen","floor":21,"turns":4},{"damage":33,"enemies":"Snake Plant","floor":22,"turns":4},{"damage":37,"enemies":"Gremlin Leader","floor":25,"turns":7},{"damage":12,"enemies":"Chosen and Byrds","floor":27,"turns":3},{"damage":16,"enemies":"Centurion and Healer","floor":29,"turns":4},{"damage":26,"enemies":"Collector","floor":33,"turns":9},{"damage":11,"enemies":"3 Shapes","floor":35,"turns":3},{"damage":10,"enemies":"Orb Walker","floor":38,"turns":4},{"damage":22,"enemies":"4 Shapes","floor":39,"turns":4},{"damage":1,"enemies":"Transient","floor":41,"turns":5},{"damage":0,"enemies":"Maw","floor":45,"turns":8},{"damage":0,"enemies":"Jaw Worm Horde","floor":48,"turns":2},{"damage":53,"enemies":"Donu and Deca","floor":50,"turns":9}],"seed_played":"8682283938093361016","potions_obtained":[{"floor":4,"key":"PowerPotion"},{"floor":5,"key":"Ancient Potion"},{"floor":6,"key":"AttackPotion"},{"floor":16,"key":"Weak Potion"},{"floor":33,"key":"Regen Potion"},{"floor":39,"key":"Block Potion"},{"floor":41,"key":"Regen Potion"}],"is_trial":false,"path_per_floor":["M","?","M","M","M","E","R","M","T","?","M","M","M","$","R","B",null,"M","?","?","M","M","R","?","E","T","M","$","M","$","T","R","B",null,"M","?","$","M","M","R","M","?","T","R","M","?","R","M","R","B",null],"character_chosen":"DEFECT","items_purchased":["Beam Cell+1","Regal Pillow","Auto Shields","Sunder+1"],"campfire_rested":2,"item_purchase_floors":[14,14,28,30],"current_hp_per_floor":[73,73,74,75,76,69,69,70,70,70,60,47,42,42,81,22,84,73,73,59,60,44,44,44,33,33,28,28,32,32,32,64,55,65,65,65,65,62,52,52,64,64,64,64,70,61,61,65,65,72],"gold":50,"neow_bonus":"ONE_RANDOM_RARE_CARD","is_prod":false,"is_daily":false,"chose_seed":false,"campfire_upgraded":6,"win_rate":0,"timestamp":1550449904,"path_taken":["M","?","M","?","M","E","R","M","T","?","?","M","M","$","R","BOSS","M","?","?","M","?","R","?","E","T","M","$","M","$","?","R","BOSS","M","?","$","M","?","R","M","?","T","R","M","?","R","M","R","BOSS"],"build_version":"2019-01-23","purchased_purges":0,"victory":true,"max_hp_per_floor":[75,75,76,77,78,79,79,80,80,80,81,82,83,83,83,84,84,85,85,59,60,61,61,61,62,62,63,63,64,64,64,64,65,65,66,66,66,67,68,68,69,69,69,69,70,70,70,71,71,72],"card_choices":[{"not_picked":["Ball Lightning","Leap"],"picked":"Melter","floor":1},{"not_picked":["Rebound","Force Field"],"picked":"Darkness","floor":3},{"not_picked":["Heatsinks","Compile Driver"],"picked":"Sweeping Beam","floor":4},{"not_picked":["Aggregate","Ball Lightning"],"picked":"Self Repair","floor":5},{"not_picked":["Redo","Chill","Amplify"],"picked":"SKIP","floor":6},{"not_picked":["Rebound","Blizzard"],"picked":"Genetic Algorithm","floor":8},{"not_picked":["Leap","Reinforced Body"],"picked":"Sunder+1","floor":11},{"not_picked":["Reprogram","Cold Snap+1","Chill"],"picked":"SKIP","floor":12},{"not_picked":["Aggregate","Steam"],"picked":"White Noise","floor":13},{"not_picked":["Machine Learning","All For One+1"],"picked":"Biased Cognition","floor":16},{"not_picked":["Leap","Steam+1"],"picked":"Beam Cell+1","floor":18},{"not_picked":["Leap","Undo"],"picked":"Buffer","floor":21},{"not_picked":["Redo","Fusion+1"],"picked":"Conserve Battery+1","floor":22},{"not_picked":["Redo+1","Barrage+1"],"picked":"Gash+1","floor":25},{"not_picked":["Skim","Ball Lightning+1"],"picked":"Rebound+1","floor":27},{"not_picked":["Conserve Battery","Turbo","Redo"],"picked":"SKIP","floor":29},{"not_picked":["Creative AI","Meteor Strike+1"],"picked":"Amplify","floor":33},{"not_picked":["Coolheaded","Reinforced Body"],"picked":"Storm","floor":35},{"not_picked":["Rebound+1","Barrage+1","Beam Cell+1"],"picked":"SKIP","floor":38},{"not_picked":["Genetic Algorithm","Sweeping Beam+1"],"picked":"Hologram+1","floor":39},{"not_picked":["Double Energy","Streamline+1"],"picked":"FTL+1","floor":41},{"not_picked":["Jack Of All Trades","Panache"],"picked":"Purity","floor":42},{"not_picked":["Coolheaded","Cold Snap+1"],"picked":"Sweeping Beam+1","floor":45},{"not_picked":["Blizzard+1","Undo+1","Coolheaded+1"],"picked":"SKIP","floor":48}],"player_experience":202167,"relics_obtained":[{"floor":6,"key":"Ancient Tea Set"},{"floor":9,"key":"Molten Egg 2"},{"floor":25,"key":"Oddly Smooth Stone"},{"floor":26,"key":"Kunai"},{"floor":31,"key":"PreservedInsect"},{"floor":43,"key":"Pantograph"}],"event_choices":[{"damage_healed":0,"gold_gain":0,"player_choice":"Trade","damage_taken":0,"relics_obtained":["FaceOfCleric"],"max_hp_gain":0,"max_hp_loss":0,"event_name":"FaceTrader","floor":2,"gold_loss":0},{"damage_healed":0,"gold_gain":0,"player_choice":"Bought 0 Potions","damage_taken":0,"max_hp_gain":0,"max_hp_loss":0,"event_name":"The Woman in Blue","floor":10,"gold_loss":0},{"damage_healed":0,"gold_gain":0,"player_choice":"Read","damage_taken":0,"max_hp_gain":0,"max_hp_loss":0,"event_name":"The Library","floor":19,"gold_loss":0,"cards_obtained":["Reinforced Body"]},{"damage_healed":0,"gold_gain":0,"player_choice":"Became a vampire","damage_taken":0,"max_hp_gain":0,"max_hp_loss":26,"event_name":"Vampires","floor":20,"gold_loss":0,"cards_obtained":["Bite","Bite","Bite","Bite","Bite"]},{"damage_healed":0,"gold_gain":0,"player_choice":"Forge","damage_taken":0,"max_hp_gain":0,"max_hp_loss":0,"event_name":"Accursed Blacksmith","floor":24,"gold_loss":0,"cards_upgraded":["Genetic Algorithm"]},{"damage_healed":0,"gold_gain":100,"player_choice":"Pray","damage_taken":0,"max_hp_gain":0,"max_hp_loss":0,"event_name":"Golden Shrine","floor":36,"gold_loss":0},{"damage_healed":0,"gold_gain":0,"player_choice":"Memory 1","damage_taken":0,"max_hp_gain":0,"max_hp_loss":0,"event_name":"SensoryStone","floor":42,"gold_loss":0},{"damage_healed":0,"gold_gain":0,"player_choice":"Embrace Madness","damage_taken":9,"max_hp_gain":0,"max_hp_loss":0,"event_name":"Winding Halls","floor":46,"gold_loss":0,"cards_obtained":["Madness","Madness"]}],"is_beta":false,"boss_relics":[{"not_picked":["Fusion Hammer","Eternal Feather"],"picked":"Ectoplasm"},{"not_picked":["Orrery","Snecko Eye"],"picked":"Runic Pyramid"}],"items_purged_floors":[],"is_endless":false,"potions_floor_spawned":[4,5,6,16,18,22,33,39,41,48],"ascension_level":3}