{"gold_per_floor":[115,190,207,157,175,175,175,52,52,64,64,74,88,116,116,116],"floor_reached":16,"playtime":871,"items_purged":["Strike_R"],"score":147,"play_id":"2475e4ed-e48a-475f-91b9-ae4640fcacfc","local_time":"20181108175452","is_ascension_mode":true,"campfire_choices":[{"data":"Armaments","floor":6,"key":"SMITH"},{"data":"Feed","floor":11,"key":"SMITH"},{"data":"True Grit","floor":15,"key":"SMITH"}],"neow_cost":"PERCENT_DAMAGE","seed_source_timestamp":373510961764938,"circlet_count":0,"master_deck":["Strike_R","Strike_R","Strike_R","Defend_R","Defend_R","Defend_R","Defend_R","Bash","Feed+1","Headbutt","Heavy Blade","Armaments+1","True Grit+1","Warcry+1","Rage+1","Corruption","Pummel"],"relics":["Burning Blood","Potion Belt","Toxic Egg 2","Letter Opener"],"potions_floor_usage":[],"damage_taken":[{"damage":8,"enemies":"Small Slimes","floor":1,"turns":4},{"damage":1,"enemies":"2 Louse","floor":3,"turns":2},{"damage":10,"enemies":"Jaw Worm","floor":5,"turns":6},{"damage":0,"enemies":"2 Fungi Beasts","floor":10,"turns":4},{"damage":1,"enemies":"Exordium Wildlife","floor":12,"turns":5},{"damage":6,"enemies":"Looter","floor":13,"turns":3},{"damage":31,"enemies":"Lagavulin","floor":14,"turns":8},{"damage":52,"enemies":"The Guardian","floor":16,"turns":9}],"seed_played":"-4003659749028139091","potions_obtained":[{"floor":3,"key":"Fire Potion"},{"floor":10,"key":"SmokeBomb"},{"floor":12,"key":"Poison Potion"}],"is_trial":false,"path_per_floor":["M","?","M","?","M","R","?","$","T","M","R","M","M","E","R","B"],"character_chosen":"IRONCLAD","items_purchased":["True Grit"],"campfire_rested":0,"item_purchase_floors":[8],"current_hp_per_floor":[57,46,54,54,53,53,50,50,50,59,59,68,72,51,51,0],"gold":116,"neow_bonus":"THREE_RARE_CARDS","is_prod":false,"is_daily":false,"chose_seed":false,"campfire_upgraded":3,"win_rate":0,"timestamp":1541717692,"path_taken":["M","?","M","?","M","R","?","$","T","M","R","M","M","E","R","BOSS"],"build_version":"2018-11-07","purchased_purges":1,"victory":false,"max_hp_per_floor":[83,83,86,86,89,89,89,89,89,92,92,96,100,104,104,104],"card_choices":[{"not_picked":["Limit Break","Berserk"],"picked":"Feed","floor":0},{"not_picked":["Battle Trance","Sword Boomerang"],"picked":"Headbutt","floor":1},{"not_picked":["Clash","Wild Strike"],"picked":"Heavy Blade","floor":3},{"not_picked":["Wild Strike","Warcry"],"picked":"Armaments","floor":5},{"not_picked":["Body Slam","Perfected Strike"],"picked":"Warcry+1","floor":10},{"not_picked":["Warcry+1","Dark Embrace"],"picked":"Rage+1","floor":12},{"not_picked":["Perfected Strike","Fire Breathing"],"picked":"Corruption","floor":13},{"not_picked":["Twin Strike","Havoc+1"],"picked":"Pummel","floor":14}],"player_experience":330495,"relics_obtained":[{"floor":9,"key":"Toxic Egg 2"},{"floor":14,"key":"Letter Opener"}],"event_choices":[{"damage_healed":0,"gold_gain":75,"player_choice":"Gather Gold","damage_taken":11,"max_hp_gain":0,"max_hp_loss":0,"event_name":"World of Goop","floor":2,"gold_loss":0},{"cards_removed":["Strike_R"],"damage_healed":0,"gold_gain":0,"player_choice":"Card Removal","damage_taken":0,"max_hp_gain":0,"max_hp_loss":0,"event_name":"The Cleric","floor":4,"gold_loss":50},{"damage_healed":0,"gold_gain":0,"player_choice":"Success","damage_taken":3,"relics_obtained":["Potion Belt"],"max_hp_gain":0,"max_hp_loss":0,"event_name":"Scrap Ooze","floor":7,"gold_loss":0}],"is_beta":true,"boss_relics":[],"items_purged_floors":[8],"is_endless":false,"potions_floor_spawned":[3,10,12],"killed_by":"The Guardian","ascension_level":4}