{"path_per_floor":["M","?","M","$","?","R","M","R","T","?","R","M","$","M","R","B",null,"M","$","?","$","M","R","$","R","T","R","M","?","M","?","R","B",null,"M","M","?","M","?","R","M","?","T","M","?","$","R","M","R"],"character_chosen":"THE_SILENT","items_purchased":["Deadly Poison","Bronze Scales","Deadly Poison","War Paint","Deadly Poison","Dagger Spray"],"gold_per_floor":[112,62,78,78,78,78,93,93,93,93,93,112,64,82,82,206,206,229,32,32,32,56,56,56,56,81,81,105,0,24,24,24,145,145,165,179,179,192,292,292,311,311,311,332,332,94,94,112,112,112],"floor_reached":50,"campfire_rested":3,"playtime":1455,"item_purchase_floors":[13,19,19,46,46,46],"current_hp_per_floor":[66,66,66,66,49,49,49,49,59,52,52,46,46,46,70,66,80,48,48,48,48,48,48,48,48,48,48,50,50,48,48,48,41,58,52,35,35,42,42,42,23,15,15,21,21,21,40,25,44,0],"items_purged":[],"gold":112,"score":505,"play_id":"bf69ab20-dca5-46d6-a5c9-96c18c3a0480","local_time":"20180528215553","is_prod":false,"is_daily":false,"chose_seed":false,"is_ascension_mode":false,"campfire_upgraded":8,"win_rate":0,"timestamp":1527508553,"campfire_choices":[{"data":"Crippling Poison","floor":6,"key":"SMITH"},{"data":"Catalyst","floor":8,"key":"SMITH"},{"data":"Dagger Spray","floor":11,"key":"SMITH"},{"floor":15,"key":"REST"},{"data":"Noxious Fumes","floor":23,"key":"SMITH"},{"data":"Deadly Poison","floor":25,"key":"SMITH"},{"data":"Deadly Poison","floor":27,"key":"SMITH"},{"data":"Neutralize","floor":32,"key":"SMITH"},{"data":"Defend_G","floor":40,"key":"SMITH"},{"floor":47,"key":"REST"},{"floor":49,"key":"REST"}],"path_taken":["M","?","M","?","?","R","M","R","T","?","R","M","$","?","R","BOSS","M","$","?","$","M","R","?","R","T","R","M","?","M","?","R","BOSS","M","M","?","M","?","R","M","?","T","M","?","$","R","?","R","BOSS"],"build_version":"2018-05-27","seed_source_timestamp":6707655670906,"purchased_purges":0,"victory":false,"master_deck":["Defend_G+1","Defend_G+1","Defend_G","Defend_G","Defend_G","Survivor","Neutralize+1","Dagger Spray+1","Crippling Poison+1","Catalyst+1","Deadly Poison+1","Noxious Fumes+1","Burst","Deadly Poison+1","Bite","Bite","Bite","Bite","Bite","Slice","Injury","Sucker Punch+1","Burst+1","Dagger Spray+1","Madness","Madness","Clumsy","Deadly Poison+1","Catalyst+1","Deadly Poison","Dagger Spray","PiercingWail+1"],"max_hp_per_floor":[70,70,70,70,70,70,70,70,80,80,80,80,80,80,80,80,80,80,80,56,56,56,56,56,56,56,56,56,56,58,58,58,58,58,60,60,60,62,62,62,64,64,64,64,64,64,64,64,64,64],"relics":["Cursed Key","Golden Idol","Pear","White Beast Statue","Bronze Scales","Singing Bowl","Lizard Tail","Mercury Hourglass","War Paint"],"card_choices":[{"not_picked":["Quick Slash","Flechettes"],"picked":"Dagger Spray","floor":1},{"not_picked":["Expertise","Dagger Spray"],"picked":"Crippling Poison","floor":3},{"not_picked":["Bouncing Flask","Dagger Spray"],"picked":"Catalyst","floor":7},{"not_picked":["Terror","Dash","Outmaneuver"],"picked":"SKIP","floor":12},{"not_picked":["Dagger Throw","Infinite Blades"],"picked":"Noxious Fumes","floor":14},{"not_picked":["Die Die Die","After Image"],"picked":"Burst","floor":16},{"not_picked":["Cloak And Dagger+1","Escape Plan","Heel Hook"],"picked":"SKIP","floor":18},{"not_picked":["Riddle With Holes","Masterful Stab+1"],"picked":"Slice","floor":22},{"not_picked":["Finisher","Slice+1"],"picked":"Sucker Punch+1","floor":28},{"not_picked":["Outmaneuver","Cloak And Dagger","Blur+1"],"picked":"Singing Bowl","floor":30},{"not_picked":["Night Terror","Unload"],"picked":"Burst","floor":33},{"not_picked":["Underhanded Strike+1","Flying Knee+1","Cloak And Dagger+1"],"picked":"Singing Bowl","floor":35},{"not_picked":["Dodge and Roll+1","All Out Attack+1"],"picked":"Dagger Spray+1","floor":36},{"not_picked":["Underhanded Strike","Sucker Punch","Footwork"],"picked":"Singing Bowl","floor":38},{"not_picked":["Acrobatics+1","Storm of Steel","Dagger Throw+1"],"picked":"Singing Bowl","floor":41},{"not_picked":["Expertise+1","Quick Slash"],"picked":"Deadly Poison+1","floor":44},{"not_picked":["Backflip+1","Dodge and Roll"],"picked":"PiercingWail+1","floor":48}],"player_experience":240983,"potions_floor_usage":[16,28,33,35,36,38,38,41,48,48,50],"damage_taken":[{"damage":4,"enemies":"2 Louse","floor":1,"turns":4},{"damage":0,"enemies":"Jaw Worm","floor":3,"turns":4},{"damage":0,"enemies":"Small Slimes","floor":7,"turns":3},{"damage":6,"enemies":"Exordium Thugs","floor":12,"turns":4},{"damage":0,"enemies":"3 Louse","floor":14,"turns":2},{"damage":4,"enemies":"Hexaghost","floor":16,"turns":7},{"damage":32,"enemies":"Spheric Guardian","floor":18,"turns":6},{"damage":0,"enemies":"Shell Parasite","floor":22,"turns":1},{"damage":4,"enemies":"Snecko","floor":28,"turns":4},{"damage":13,"enemies":"Centurion and Healer","floor":30,"turns":6},{"damage":23,"enemies":"Champ","floor":33,"turns":6},{"damage":8,"enemies":"Orb Walker","floor":35,"turns":3},{"damage":27,"enemies":"Flame Bruiser 1 Orb","floor":36,"turns":5},{"damage":5,"enemies":"Transient","floor":38,"turns":5},{"damage":23,"enemies":"4 Shapes","floor":41,"turns":3},{"damage":36,"enemies":"Maw","floor":44,"turns":6},{"damage":19,"enemies":"3 Darklings","floor":48,"turns":4},{"damage":52,"enemies":"Donu and Deca","floor":50,"turns":4}],"relics_obtained":[{"floor":9,"key":"Pear"},{"floor":26,"key":"Singing Bowl"},{"floor":43,"key":"Mercury Hourglass"}],"event_choices":[{"event_name":"The Cleric","player_choice":"Card Removal","floor":2,"damage_taken":0},{"event_name":"Golden Idol","player_choice":"Take Damage","floor":5,"damage_taken":0},{"event_name":"Golden Wing","player_choice":"Card Removal","floor":10,"damage_taken":0},{"event_name":"Vampires","player_choice":"Became a vampire","floor":20,"damage_taken":0},{"event_name":"Masked Bandits","player_choice":"Paid Bandits 105 gold","floor":29,"damage_taken":0},{"event_name":"Drug Dealer","player_choice":"Ignored","floor":31,"damage_taken":0},{"event_name":"Mysterious Sphere","player_choice":"Ignore","floor":37,"damage_taken":0},{"event_name":"Golden Shrine","player_choice":"Pray","floor":39,"damage_taken":0},{"event_name":"Winding Halls","player_choice":"Embrace Madness","floor":42,"damage_taken":0},{"event_name":"Duplicator","player_choice":"One dupe","floor":45,"damage_taken":0}],"boss_relics":[{"not_picked":["Black Star","Snecko Eye"],"picked":"White Beast Statue"},{"not_picked":["Eternal Feather","Runic Pyramid"],"picked":"Lizard Tail"}],"items_purged_floors":[],"potions_floor_spawned":[14,16,18,22,28,30,33,35,36,38,41,44,48],"seed_played":"5959220019097607215","killed_by":"Donu and Deca","ascension_level":0,"potions_obtained":[{"floor":14,"key":"GhostInAJar"},{"floor":16,"key":"SteroidPotion"},{"floor":18,"key":"GhostInAJar"},{"floor":22,"key":"Block Potion"},{"floor":28,"key":"Strength Potion"},{"floor":33,"key":"PowerPotion"},{"floor":35,"key":"Block Potion"},{"floor":36,"key":"SkillPotion"},{"floor":38,"key":"LiquidBronze"},{"floor":41,"key":"SteroidPotion"},{"floor":44,"key":"FearPotion"},{"floor":48,"key":"Swift Potion"}],"is_trial":false}