{"gold_per_floor":[116,49,65,85,235,235,265,29,56,56,70,70,44,58,58,58],"floor_reached":16,"playtime":593,"items_purged":[],"score":204,"play_id":"ba672c7b-8e66-4621-8ee6-bc92e3b2f2b6","local_time":"20181101085314","is_ascension_mode":true,"campfire_choices":[{"data":"Neutralize","floor":6.0,"key":"SMITH"},{"floor":10.0,"key":"REST"},{"floor":12,"key":"REST"},{"floor":15,"key":"REST"}],"neow_cost":"NONE","seed_source_timestamp":1606641477464969,"circlet_count":0,"master_deck":["Defend_G","Defend_G","Defend_G","Defend_G","Defend_G","Strike_G","Strike_G","Strike_G","Strike_G","Strike_G","Survivor","Neutralize+1","AscendersBane","Backstab","Doubt","Well Laid Plans","Crippling Poison","Backflip"],"special_seed":0,"relics":["Ring of the Snake","NeowsBlessing","Orichalcum","Regal Pillow","Snake Skull","Boot"],"potions_floor_usage":[16,16,16,16],"damage_taken":[{"damage":0.0,"enemies":"Jaw Worm","floor":1.0,"turns":1.0},{"damage":0.0,"enemies":"Cultist","floor":3.0,"turns":1.0},{"damage":0.0,"enemies":"Small Slimes","floor":4.0,"turns":1.0},{"damage":52.0,"enemies":"3 Sentries","floor":7.0,"turns":20.0},{"damage":32,"enemies":"Gremlin Gang","floor":11,"turns":5},{"damage":7,"enemies":"Exordium Thugs","floor":13,"turns":4},{"damage":9,"enemies":"Large Slime","floor":14,"turns":7},{"damage":70,"enemies":"Hexaghost","floor":16,"turns":14}],"seed_played":"4326360345761440077","potions_obtained":[{"floor":7.0,"key":"Swift Potion"},{"floor":11,"key":"EntropicBrew"},{"floor":14,"key":"PowerPotion"}],"is_trial":false,"path_per_floor":["M","?","M","M","?","R","E","$","T","R","M","R","M","M","R"],"character_chosen":"THE_SILENT","items_purchased":["Snake Skull","Crippling Poison"],"campfire_rested":3,"item_purchase_floors":[8,8],"current_hp_per_floor":[59,59,59,59,59,59,7,7,7,41,9,43,36,27,61,0],"gold":58,"neow_bonus":"THREE_ENEMY_KILL","is_prod":false,"is_daily":false,"chose_seed":false,"campfire_upgraded":1,"win_rate":0,"timestamp":1541087594,"path_taken":["M","?","?","M","?","R","E","$","T","R","?","R","M","M","R","BOSS"],"build_version":"2018-10-25v2","purchased_purges":0,"victory":false,"max_hp_per_floor":[66,66,66,66,66,66,66,66,66,66,66,66,66,66,66,66],"card_choices":[{"not_picked":["Quick Slash","Outmaneuver"],"picked":"Backstab","floor":1.0},{"not_picked":["Deadly Poison","PiercingWail","Deflect"],"picked":"SKIP","floor":3.0},{"not_picked":["Prepared","Sucker Punch","Dagger Spray"],"picked":"SKIP","floor":4.0},{"not_picked":["Slice","Flying Knee"],"picked":"Well Laid Plans","floor":7.0},{"not_picked":["Sucker Punch","Blade Dance","Outmaneuver"],"picked":"SKIP","floor":11},{"not_picked":["Prepared","Unload"],"picked":"Backflip","floor":13},{"not_picked":["Eviscerate","Expertise","Finisher"],"picked":"SKIP","floor":14}],"player_experience":580252,"relics_obtained":[{"floor":7.0,"key":"Regal Pillow"},{"floor":9.0,"key":"Boot"}],"event_choices":[{"damage_healed":0.0,"max_hp_gain":0.0,"max_hp_loss":0.0,"gold_gain":0.0,"event_name":"WeMeetAgain","player_choice":"Paid Gold","floor":2.0,"gold_loss":67.0,"damage_taken":0.0,"relics_obtained":["Orichalcum"]},{"damage_healed":0.0,"max_hp_gain":0.0,"max_hp_loss":0.0,"gold_gain":150.0,"event_name":"Liars Game","player_choice":"AGREE","floor":5.0,"gold_loss":0.0,"damage_taken":0.0,"cards_obtained":["Doubt"]}],"is_beta":false,"boss_relics":[],"items_purged_floors":[],"is_endless":false,"potions_floor_spawned":[7,11,13,14],"killed_by":"Hexaghost","ascension_level":20}