{"gold_per_floor":[111,123,142,157,176,207,207,224,250,7,26,26],"floor_reached":12,"playtime":635,"items_purged":["Strike_G"],"score":113,"play_id":"39858a7d-005c-4a5e-9e99-15b815fe2850","local_time":"20190131183425","is_ascension_mode":true,"campfire_choices":[{"data":"Blur","floor":7,"key":"SMITH"}],"neow_cost":"NONE","seed_source_timestamp":656213349327141,"circlet_count":0,"master_deck":["Defend_G","Defend_G","Defend_G","Defend_G","Defend_G","Strike_G","Strike_G","Strike_G","Strike_G","Survivor","Neutralize","Escape Plan","All Out Attack","Noxious Fumes","Blur+1","Blur","Backstab","Leg Sweep","Poisoned Stab","Noxious Fumes","Swift Strike","Masterful Stab"],"special_seed":0,"relics":["Ring of the Snake","Bottled Lightning"],"potions_floor_usage":[5,5,6],"damage_taken":[{"damage":0.0,"enemies":"Cultist","floor":1.0,"turns":4.0},{"damage":7.0,"enemies":"Jaw Worm","floor":2.0,"turns":8.0},{"damage":2.0,"enemies":"2 Louse","floor":3.0,"turns":2.0},{"damage":2.0,"enemies":"Red Slaver","floor":4.0,"turns":4.0},{"damage":2,"enemies":"Exordium Thugs","floor":5,"turns":8},{"damage":20,"enemies":"3 Sentries","floor":6,"turns":7},{"damage":32,"enemies":"Exordium Wildlife","floor":8,"turns":8},{"damage":0,"enemies":"2 Fungi Beasts","floor":11,"turns":2}],"seed_played":"4882064125330391656","potions_obtained":[{"floor":1.0,"key":"SkillPotion"},{"floor":2.0,"key":"AttackPotion"},{"floor":3.0,"key":"SpeedPotion"},{"floor":11,"key":"GamblersBrew"}],"is_trial":false,"path_per_floor":["M","M","M","M","M","E","R","M","T","$","M","?"],"character_chosen":"THE_SILENT","items_purchased":["Poisoned Stab","Noxious Fumes","Swift Strike"],"campfire_rested":0,"item_purchase_floors":[10,10,10],"current_hp_per_floor":[70,63,61,59,57,37,37,5,5,5,5,0],"gold":26,"neow_bonus":"TEN_PERCENT_HP_BONUS","is_prod":false,"is_daily":false,"chose_seed":false,"campfire_upgraded":1,"win_rate":0,"timestamp":1548977665,"path_taken":["M","M","M","M","M","E","R","M","T","$","?","?"],"build_version":"2019-01-23","purchased_purges":1,"victory":false,"max_hp_per_floor":[77,77,77,77,77,77,77,77,77,77,77,77],"card_choices":[{"not_picked":["Prepared","Heel Hook"],"picked":"Escape Plan","floor":1.0},{"not_picked":["Blur","Bane"],"picked":"All Out Attack","floor":2.0},{"not_picked":["Flechettes","Cloak And Dagger"],"picked":"Noxious Fumes","floor":3.0},{"not_picked":["Underhanded Strike","Masterful Stab"],"picked":"Blur","floor":4.0},{"not_picked":["Bouncing Flask","Outmaneuver"],"picked":"Blur","floor":5},{"not_picked":["Blur","Deadly Poison"],"picked":"Backstab","floor":6},{"not_picked":["PiercingWail","Infinite Blades"],"picked":"Leg Sweep","floor":8},{"not_picked":["Infinite Blades","Tactician"],"picked":"Masterful Stab","floor":11}],"player_experience":281964,"relics_obtained":[{"floor":6,"key":"Bottled Lightning"}],"event_choices":[],"is_beta":false,"boss_relics":[],"items_purged_floors":[10],"is_endless":false,"potions_floor_spawned":[1,2,3,11],"ascension_level":7}