{"gold_per_floor":[112,112,287,300,59,91,91,117,186,186],"floor_reached":10,"playtime":404,"items_purged":["Defend_R"],"score":78,"play_id":"afd72305-cfac-47a3-9753-e3a719b7a43d","local_time":"20190303085633","is_ascension_mode":true,"campfire_choices":[{"data":"Master of Strategy","floor":7,"key":"SMITH"}],"neow_cost":"NONE","seed_source_timestamp":51226454115933,"circlet_count":0,"master_deck":["Strike_R","Strike_R","Strike_R","Strike_R","Strike_R","Defend_R","Defend_R","Bash","Warcry","Twin Strike","Doubt","Battle Trance","Master of Strategy+1","Limit Break","Spot Weakness"],"relics":["Burning Blood","Vajra","Dodecahedron","Meat on the Bone"],"potions_floor_usage":[10],"damage_taken":[{"damage":6,"enemies":"Jaw Worm","floor":1,"turns":5},{"damage":0,"enemies":"Cultist","floor":4,"turns":4},{"damage":48,"enemies":"Gremlin Nob","floor":6,"turns":5},{"damage":36,"enemies":"Lagavulin","floor":8,"turns":5},{"damage":0,"enemies":"Gremlin Nob","floor":10,"turns":2}],"seed_played":"-2374453016925016787","potions_obtained":[{"floor":8,"key":"LiquidBronze"}],"is_trial":false,"path_per_floor":["M","?","?","M","$","E","R","E","T","E"],"character_chosen":"IRONCLAD","items_purchased":["Master of Strategy"],"campfire_rested":0,"item_purchase_floors":[5],"current_hp_per_floor":[80,73,73,79,79,37,37,7,7,7],"gold":186,"neow_bonus":"THREE_CARDS","is_prod":false,"is_daily":false,"chose_seed":false,"campfire_upgraded":1,"win_rate":0,"timestamp":1551570993,"path_taken":["M","?","?","M","?","E","R","E","T","E"],"build_version":"2019-01-23","purchased_purges":1,"victory":false,"max_hp_per_floor":[80,80,80,80,80,80,80,80,80,80],"card_choices":[{"not_picked":["Metallicize","Fire Breathing"],"picked":"Warcry","floor":0},{"not_picked":["Spot Weakness","Flex"],"picked":"Twin Strike","floor":1},{"not_picked":["Warcry","Inflame"],"picked":"Battle Trance","floor":4},{"not_picked":["Fire Breathing","Shrug It Off"],"picked":"Limit Break","floor":6},{"not_picked":["Shrug It Off","Body Slam"],"picked":"Spot Weakness","floor":8}],"player_experience":14822,"relics_obtained":[{"floor":6,"key":"Vajra"},{"floor":8,"key":"Dodecahedron"},{"floor":9,"key":"Meat on the Bone"}],"event_choices":[{"cards_removed":["Defend_R"],"damage_healed":0,"gold_gain":0,"player_choice":"Card Removal","damage_taken":7,"max_hp_gain":0,"max_hp_loss":0,"event_name":"Golden Wing","floor":2,"gold_loss":0},{"damage_healed":0,"gold_gain":175,"player_choice":"AGREE","damage_taken":0,"max_hp_gain":0,"max_hp_loss":0,"event_name":"Liars Game","floor":3,"gold_loss":0,"cards_obtained":["Doubt"]}],"is_beta":false,"boss_relics":[],"items_purged_floors":[5],"is_endless":false,"potions_floor_spawned":[8],"killed_by":"Gremlin Nob","ascension_level":1}