{"path_per_floor":["M","M","T","?","?","M","M","R","T","R","M","?","R","E","R","B",null,"M","?","?","M"],"character_chosen":"IRONCLAD","items_purchased":[],"gold_per_floor":[109,129,177,157,332,344,361,361,387,387,400,400,400,433,433,564,564,585,535,535,558,558],"floor_reached":22,"campfire_rested":1,"playtime":1721,"current_hp_per_floor":[71,74,81,81,81,79,78,78,78,78,76,76,76,36,75,46,81,25,25,52,33,0],"items_purged":[],"gold":558,"score":184,"play_id":"3dab19e5-4693-4c66-98d0-8c36a09ddd12","local_time":"20180404173913","is_prod":false,"is_daily":false,"is_ascension_mode":false,"campfire_upgraded":3,"timestamp":1522827553,"path_taken":["M","?","?","?","?","M","M","R","T","R","M","?","R","E","R","BOSS","M","?","?","M","?"],"build_version":"2018-03-29v2","purchased_purges":0,"victory":false,"master_deck":["Strike_R","Strike_R","Strike_R","Strike_R","Strike_R","Defend_R","Defend_R","Defend_R","Defend_R","Bash","Limit Break+1","Clothesline","Armaments+1","Doubt","Twin Strike","True Grit","Body Slam+1","Inflame","Reaper+1","Flame Barrier+1","Ghostly Armor"],"max_hp_per_floor":[80,80,87,87,87,87,87,87,87,87,87,81,81,81,81,81,81,81,81,81,81,81],"relics":["Burning Blood","Strawberry","Regal Pillow","Golden Idol","Molten Egg 2","Black Star"],"card_choices":[{"not_picked":["Wild Strike","Sentinel"],"picked":"Clothesline","floor":1},{"not_picked":["Wild Strike","Combust"],"picked":"Armaments","floor":2},{"not_picked":["Heavy Blade","Wild Strike"],"picked":"Twin Strike","floor":6},{"not_picked":["Metallicize","Havoc"],"picked":"True Grit","floor":7},{"not_picked":["Perfected Strike","Twin Strike"],"picked":"Body Slam","floor":11},{"not_picked":["Sentinel","Reckless Charge"],"picked":"Inflame","floor":14},{"not_picked":["Bludgeon","Dark Embrace"],"picked":"Reaper","floor":16},{"not_picked":["Bloodletting","Pommel Strike"],"picked":"Flame Barrier","floor":18},{"not_picked":["Second Wind","Power Through"],"picked":"Ghostly Armor","floor":21}],"player_experience":72597,"potions_floor_usage":[6,11,14],"damage_taken":[{"damage":15,"enemies":"Cultist","floor":1,"turns":7},{"damage":3,"enemies":"Small Slimes","floor":2,"turns":4},{"damage":8,"enemies":"Jaw Worm","floor":6,"turns":6},{"damage":7,"enemies":"Looter","floor":7,"turns":4},{"damage":8,"enemies":"Large Slime","floor":11,"turns":6},{"damage":46,"enemies":"3 Sentries","floor":14,"turns":11},{"damage":35,"enemies":"Slime Boss","floor":16,"turns":14},{"damage":62,"enemies":"Spheric Guardian","floor":18,"turns":8},{"damage":31,"enemies":"Chosen","floor":21,"turns":8},{"damage":44,"enemies":"Centurion and Healer","floor":22,"turns":5}],"event_choices":[{"event_name":"The Woman in Blue","player_choice":"Bought 1 Potion","floor":4,"damage_taken":0},{"event_name":"Liars Game","player_choice":"agreed","floor":5,"damage_taken":0},{"event_name":"Golden Idol","player_choice":"Lose Max HP","floor":12,"damage_taken":0},{"event_name":"The Joust","player_choice":"Bet on Murderer","floor":19,"damage_taken":0},{"event_name":"The Library","player_choice":"Heal","floor":20,"damage_taken":0}],"boss_relics":[{"not_picked":["Runic Pyramid","Velvet Choker"],"picked":"Black Star"}],"potions_floor_spawned":[2,11,21],"seed_played":"-3707357543011168733","killed_by":"Centurion and Healer","ascension_level":0,"is_trial":false}