{"gold_per_floor":[117,16,36,47,61,61,75,75,75,75,25,55,75,98,98,201,201,216,231,242,242,258,258,273,273,273,283,301,301,315,345,345,345],"floor_reached":33,"playtime":1386,"items_purged":[],"score":273,"play_id":"f9a9ad8a-e9f1-4585-a3f4-1fc0204cec7a","local_time":"20180910170609","is_ascension_mode":false,"campfire_choices":[{"data":"Perfected Strike","floor":6,"key":"SMITH"},{"data":"Clash","floor":8,"key":"SMITH"},{"data":"Twin Strike","floor":10,"key":"SMITH"},{"data":"Pommel Strike","floor":15,"key":"SMITH"},{"data":"Clash","floor":23,"key":"SMITH"},{"data":"Twin Strike","floor":25,"key":"SMITH"},{"data":"Clash","floor":29,"key":"SMITH"},{"floor":32,"key":"REST"}],"neow_cost":"","seed_source_timestamp":328856062670399,"circlet_count":0,"master_deck":["Strike_R+1","Strike_R","Strike_R","Strike_R","Strike_R","Defend_R","Defend_R","Defend_R","Defend_R","Bash+1","Clash+1","Twin Strike+1","Perfected Strike+1","Clash+1","Pommel Strike+1","Headbutt+1","Whirlwind","Twin Strike+1","Clash+1","Carnage"],"relics":["Burning Blood","Vajra","Happy Flower","Odd Mushroom","Eternal Feather","Whetstone","Gremlin Horn"],"potions_floor_usage":[5,5,5,12,12,12,16,16,19,19,22,27,28,31],"damage_taken":[{"damage":6,"enemies":"Jaw Worm","floor":1,"turns":6},{"damage":0,"enemies":"Small Slimes","floor":3,"turns":3},{"damage":0,"enemies":"2 Louse","floor":4,"turns":2},{"damage":0,"enemies":"Blue Slaver","floor":5,"turns":3},{"damage":1,"enemies":"2 Fungi Beasts","floor":7,"turns":3},{"damage":18,"enemies":"Lagavulin","floor":12,"turns":3},{"damage":0,"enemies":"Looter","floor":13,"turns":1},{"damage":4,"enemies":"The Mushroom Lair","floor":14,"turns":3},{"damage":49,"enemies":"Hexaghost","floor":16,"turns":6},{"damage":0,"enemies":"Chosen","floor":18,"turns":3},{"damage":15,"enemies":"3 Byrds","floor":19,"turns":4},{"damage":16,"enemies":"Snake Plant","floor":20,"turns":2},{"damage":23,"enemies":"Centurion and Healer","floor":22,"turns":4},{"damage":15,"enemies":"Cultist and Chosen","floor":24,"turns":4},{"damage":15,"enemies":"Snecko","floor":27,"turns":3},{"damage":0,"enemies":"Snake Plant","floor":28,"turns":2},{"damage":10,"enemies":"Cultist and Chosen","floor":30,"turns":3},{"damage":55,"enemies":"Book of Stabbing","floor":31,"turns":5},{"damage":59,"enemies":"Champ","floor":33,"turns":7}],"seed_played":"-8295699193006638009","potions_obtained":[{"floor":3,"key":"Ancient Potion"},{"floor":4,"key":"EssenceOfSteel"},{"floor":12,"key":"AttackPotion"},{"floor":13,"key":"Fire Potion"},{"floor":14,"key":"SpeedPotion"},{"floor":16,"key":"BloodPotion"},{"floor":18,"key":"LiquidBronze"},{"floor":20,"key":"Poison Potion"},{"floor":24,"key":"Explosive Potion"},{"floor":27,"key":"LiquidBronze"}],"is_trial":false,"path_per_floor":["M","$","M","M","M","R","M","R","T","R","?","E","M","?","R","B",null,"M","M","M","$","M","R","M","R","T","M","M","R","M","E","R"],"character_chosen":"IRONCLAD","items_purchased":["EntropicBrew"],"campfire_rested":1,"item_purchase_floors":[2],"current_hp_per_floor":[80,80,80,80,80,80,80,80,80,80,80,76,80,80,80,37,80,80,79,69,69,52,61,52,61,61,52,58,67,63,14,50,0],"gold":345,"neow_bonus":"","is_prod":false,"is_daily":false,"chose_seed":false,"campfire_upgraded":7,"win_rate":0.0,"timestamp":1536613569,"path_taken":["M","$","M","M","M","R","M","R","T","R","?","E","M","?","R","BOSS","M","M","M","$","M","R","M","R","T","M","M","R","M","E","R","BOSS"],"build_version":"2018-09-06","purchased_purges":0,"victory":false,"max_hp_per_floor":[80,80,80,80,80,80,80,80,80,80,80,80,80,80,80,80,80,80,80,80,80,80,80,80,80,80,80,80,80,80,80,80,80],"card_choices":[{"not_picked":["Armaments","Flame Barrier"],"picked":"Clash","floor":1},{"not_picked":["True Grit","Warcry","Infernal Blade"],"picked":"SKIP","floor":3},{"not_picked":["Burning Pact","Corruption"],"picked":"Twin Strike","floor":4},{"not_picked":["Metallicize","Corruption"],"picked":"Perfected Strike","floor":5},{"not_picked":["Inflame","Headbutt"],"picked":"Heavy Blade","floor":7},{"not_picked":["Havoc","Flame Barrier"],"picked":"Clash","floor":12},{"not_picked":["Barricade","Armaments","Sever Soul"],"picked":"SKIP","floor":13},{"not_picked":["Havoc","True Grit"],"picked":"Pommel Strike","floor":14},{"not_picked":["Flame Barrier","True Grit"],"picked":"Headbutt+1","floor":18},{"not_picked":["Armaments","Cleave","Infernal Blade"],"picked":"SKIP","floor":19},{"not_picked":["Sword Boomerang","True Grit+1"],"picked":"Whirlwind","floor":20},{"not_picked":["True Grit","Inflame"],"picked":"Twin Strike","floor":22},{"not_picked":["Second Wind","Shrug It Off+1","Iron Wave"],"picked":"SKIP","floor":24},{"not_picked":["Flame Barrier","Headbutt"],"picked":"Clash","floor":27},{"not_picked":["Armaments","Battle Trance","True Grit"],"picked":"SKIP","floor":28},{"not_picked":["Feel No Pain","Sever Soul+1","Cleave"],"picked":"SKIP","floor":30},{"not_picked":["Feed","Flame Barrier"],"picked":"Carnage","floor":31}],"player_experience":69657,"relics_obtained":[{"floor":9,"key":"Vajra"},{"floor":12,"key":"Happy Flower"},{"floor":14,"key":"Odd Mushroom"},{"floor":26,"key":"Whetstone"},{"floor":31,"key":"Gremlin Horn"}],"event_choices":[{"event_name":"The Cleric","player_choice":"Card Removal","floor":11,"damage_taken":0},{"event_name":"Mushrooms","player_choice":"Fought Mushrooms","floor":14,"damage_taken":0}],"is_beta":false,"boss_relics":[{"not_picked":["Busted Crown","Empty Cage"],"picked":"Eternal Feather"}],"items_purged_floors":[],"is_endless":false,"potions_floor_spawned":[3,4,12,13,14,16,18,20,24,27],"killed_by":"Champ","ascension_level":0}