{"gold_per_floor":[310,153,165,182,14,44,44,104,129,154,180,197,197,230,230,306,306,319,339,41,41,41,41,76,76,99,134,134,33,33,51,51,127,127,140,153,153,36,55,55,86,141,193,238,250,265,265,291,291,291],"floor_reached":51,"playtime":2676,"items_purged":["Strike_G"],"score":1446,"play_id":"6dbba5cc-f52a-44d5-9269-70307d8ad5c5","local_time":"20180707170054","is_ascension_mode":true,"campfire_choices":[{"floor":13,"key":"REST"},{"data":"Finisher","floor":15,"key":"SMITH"},{"floor":23,"key":"REST"},{"floor":25,"key":"REST"},{"data":"1","floor":30,"key":"LIFT"},{"data":"2","floor":32,"key":"LIFT"},{"data":"3","floor":40,"key":"LIFT"},{"data":"A Thousand Cuts","floor":47,"key":"SMITH"},{"data":"Adrenaline","floor":49,"key":"SMITH"}],"neow_cost":"NO_GOLD","seed_source_timestamp":250996246003651,"circlet_count":0,"master_deck":["Defend_G+1","Defend_G","Defend_G","Defend_G+1","Defend_G","Strike_G+1","Survivor","Neutralize+1","AscendersBane","Dash","Dagger Spray","Footwork","Noxious Fumes+1","Adrenaline+1","Infinite Blades","Finisher+1","A Thousand Cuts+1","Dagger Spray+1","Acrobatics+1","Distraction+1","Backflip+1","Noxious Fumes","Footwork","Writhe","Wraith Form v2","Backstab","Dash","Acrobatics+1"],"relics":["Ring of the Snake","Old Coin","Bronze Scales","Blood Vial","Tiny Chest","Singing Bowl","Ancient Tea Set","The Courier","Orichalcum","Astrolabe","Incense Burner","Strawberry","Whetstone","Pen Nib","Girya","Anchor","Snecko Eye","War Paint","Du-Vu Doll","Calipers","Snake Skull","Oddly Smooth Stone","Art of War"],"potions_floor_usage":[6,12,19,24,27,33,33,33,41,50,50],"damage_taken":[{"damage":4,"enemies":"Small Slimes","floor":1,"turns":6},{"damage":0,"enemies":"Jaw Worm","floor":3,"turns":4},{"damage":0,"enemies":"2 Louse","floor":4,"turns":2},{"damage":15,"enemies":"Gremlin Nob","floor":6,"turns":5},{"damage":15,"enemies":"3 Sentries","floor":8,"turns":6},{"damage":6,"enemies":"Lagavulin","floor":11,"turns":8},{"damage":0,"enemies":"2 Fungi Beasts","floor":12,"turns":2},{"damage":11,"enemies":"3 Sentries","floor":14,"turns":5},{"damage":22,"enemies":"Hexaghost","floor":16,"turns":10},{"damage":26,"enemies":"2 Thieves","floor":18,"turns":4},{"damage":0,"enemies":"Spheric Guardian","floor":19,"turns":4},{"damage":48,"enemies":"Slavers","floor":24,"turns":6},{"damage":17,"enemies":"Book of Stabbing","floor":27,"turns":5},{"damage":0,"enemies":"Centurion and Healer","floor":31,"turns":5},{"damage":22,"enemies":"Collector","floor":33,"turns":10},{"damage":0,"enemies":"3 Darklings","floor":35,"turns":5},{"damage":0,"enemies":"3 Shapes","floor":36,"turns":4},{"damage":5,"enemies":"Sphere and 2 Shapes","floor":39,"turns":5},{"damage":0,"enemies":"Nemesis","floor":41,"turns":5},{"damage":0,"floor":42,"turns":5},{"damage":12,"enemies":"3 Darklings","floor":45,"turns":3},{"damage":7,"enemies":"4 Shapes","floor":46,"turns":5},{"damage":0,"enemies":"2 Orb Walkers","floor":48,"turns":4},{"damage":35,"enemies":"Donu and Deca","floor":50,"turns":9}],"seed_played":"3056228576108320783","potions_obtained":[{"floor":1,"key":"EssenceOfSteel"},{"floor":8,"key":"SteroidPotion"},{"floor":14,"key":"Block Potion"},{"floor":16,"key":"SpeedPotion"},{"floor":19,"key":"Regen Potion"},{"floor":31,"key":"SpeedPotion"},{"floor":33,"key":"Strength Potion"},{"floor":35,"key":"Weak Potion"},{"floor":42,"key":"Block Potion"}],"is_trial":false,"path_per_floor":["M","$","M","M","$","E","?","E","T","T","E","M","R","E","R","B",null,"M","M","$","?","?","R","E","R","T","E","T","$","R","M","R","B",null,"M","M","?","$","M","R","E","?","T","T","M","M","R","E","R","B"],"character_chosen":"THE_SILENT","items_purchased":["Bronze Scales","Noxious Fumes","Adrenaline","Incense Burner","Noxious Fumes","Dexterity Potion","War Paint"],"campfire_rested":3,"item_purchase_floors":[2,5,5,20,20,29,38],"current_hp_per_floor":[55,55,55,55,55,40,40,27,27,27,23,27,47,40,40,20,58,34,38,38,38,45,68,24,48,48,44,44,44,44,48,48,28,71,73,77,79,79,78,78,82,84,84,84,74,71,71,75,75,42],"gold":291,"neow_bonus":"ONE_RARE_RELIC","is_prod":false,"is_daily":false,"chose_seed":false,"campfire_upgraded":3,"win_rate":0,"timestamp":1530975654,"path_taken":["M","$","M","M","$","E","?","E","T","?","E","M","R","E","R","BOSS","M","M","$","?","?","R","E","R","T","E","?","$","R","?","R","BOSS","M","M","?","?","M","R","E","?","T","?","M","?","R","E","R","BOSS"],"build_version":"2018-07-05","purchased_purges":1,"victory":true,"max_hp_per_floor":[66,66,66,66,66,66,66,66,66,66,66,68,68,70,70,70,70,70,72,72,72,79,79,81,81,81,83,83,83,83,85,85,85,85,85,87,89,89,91,91,93,93,93,93,93,95,95,97,97,97],"card_choices":[{"not_picked":["Choke","Setup"],"picked":"Dash","floor":1},{"not_picked":["Concentrate","Backflip"],"picked":"Dagger Spray","floor":3},{"not_picked":["Deflect","Poisoned Stab"],"picked":"Footwork","floor":4},{"not_picked":["Expertise","Acrobatics"],"picked":"Infinite Blades","floor":6},{"not_picked":["Grand Finale","Escape Plan","Underhanded Strike"],"picked":"SKIP","floor":8},{"not_picked":["Cloak And Dagger","Caltrops"],"picked":"Finisher","floor":11},{"not_picked":["Crippling Poison","Endless Agony","Bane"],"picked":"Singing Bowl","floor":12},{"not_picked":["PiercingWail","Riddle With Holes","Deadly Poison"],"picked":"Singing Bowl","floor":14},{"not_picked":["Tactician","Tools of the Trade"],"picked":"A Thousand Cuts","floor":16},{"not_picked":["Malaise","Acrobatics"],"picked":"Backflip+1","floor":18},{"not_picked":["All Out Attack","Eviscerate","Dagger Throw"],"picked":"Singing Bowl","floor":19},{"not_picked":["Quick Slash","Terror","Underhanded Strike+1"],"picked":"Singing Bowl","floor":24},{"not_picked":["Finisher","Endless Agony","Bane"],"picked":"Singing Bowl","floor":27},{"not_picked":["Sucker Punch+1","Poisoned Stab","Wraith Form v2"],"picked":"Singing Bowl","floor":31},{"not_picked":["Unload","Phantasmal Killer"],"picked":"Wraith Form v2","floor":33},{"not_picked":["Flechettes","Choke"],"picked":"Backstab","floor":35},{"not_picked":["PiercingWail","Deadly Poison","Deflect"],"picked":"Singing Bowl","floor":36},{"not_picked":["Transmutation","Flash of Steel","Blind"],"picked":"Singing Bowl","floor":37},{"not_picked":["Bane","Concentrate","Flying Knee"],"picked":"Singing Bowl","floor":39},{"not_picked":["Bouncing Flask","Grand Finale","Dagger Spray"],"picked":"Singing Bowl","floor":41},{"not_picked":["Caltrops+1","Backflip"],"picked":"Dash","floor":42},{"not_picked":["Quick Slash","Deadly Poison+1"],"picked":"Acrobatics+1","floor":45},{"not_picked":["Underhanded Strike","Accuracy","Slice"],"picked":"Singing Bowl","floor":46},{"not_picked":["Expertise","Flying Knee","Terror"],"picked":"Singing Bowl","floor":48}],"player_experience":773221,"relics_obtained":[{"floor":6,"key":"Blood Vial"},{"floor":8,"key":"Tiny Chest"},{"floor":9,"key":"Singing Bowl"},{"floor":10,"key":"Ancient Tea Set"},{"floor":11,"key":"The Courier"},{"floor":14,"key":"Orichalcum"},{"floor":24,"key":"Whetstone"},{"floor":26,"key":"Pen Nib"},{"floor":27,"key":"Girya"},{"floor":28,"key":"Anchor"},{"floor":41,"key":"Du-Vu Doll"},{"floor":42,"key":"Calipers"},{"floor":43,"key":"Snake Skull"},{"floor":44,"key":"Oddly Smooth Stone"},{"floor":48,"key":"Art of War"}],"event_choices":[{"event_name":"Living Wall","player_choice":"Grow","floor":7,"damage_taken":0},{"event_name":"The Library","player_choice":"Read","floor":21,"damage_taken":0},{"event_name":"The Mausoleum","player_choice":"Yes","floor":22,"damage_taken":0},{"event_name":"SensoryStone","player_choice":"Memory 1","floor":37,"damage_taken":0},{"event_name":"Mysterious Sphere","player_choice":"Fight","floor":42,"damage_taken":0}],"boss_relics":[{"not_picked":["Philosopher\u0027s Stone","Orrery"],"picked":"Astrolabe"},{"not_picked":["Velvet Choker","Lizard Tail"],"picked":"Snecko Eye"}],"items_purged_floors":[29],"is_endless":false,"potions_floor_spawned":[1,8,14,16,18,19,31,33,35,39,42,45],"ascension_level":15}