{"gold_per_floor":[118,118,128,146,246,281,54,72,123,139,139,239,253,268,268,364,364,378,118,118,136,51,81,98,98,98,98,133,152,21,83,83,179,179,196,94,113,130,157,184,200,216,264,264,280,308,51,64,64,64,64,64,31,62,62],"floor_reached":56,"playtime":3506,"items_purged":["Pain","Strike_R","Strike_R","Strike_R","Strike_R"],"score":1321,"play_id":"eee3fd14-8bf9-4cde-ab8d-58016a79f865","local_time":"20190308131455","is_ascension_mode":false,"campfire_choices":[{"data":"Armaments","floor":11,"key":"SMITH"},{"data":"Enlightenment","floor":15,"key":"SMITH"},{"data":"Metallicize","floor":25,"key":"SMITH"},{"data":"Entrench","floor":32,"key":"SMITH"},{"floor":49,"key":"RECALL"},{"data":"Demon Form","floor":52,"key":"SMITH"}],"neow_cost":"NONE","seed_source_timestamp":3223641232958,"circlet_count":0,"master_deck":["Defend_R","Defend_R","Defend_R","Defend_R","Bash","Metallicize+1","Whirlwind","Pommel Strike","Armaments+1","Flame Barrier","Enlightenment+1","Shrug It Off","Uppercut","Impervious","Barricade","Ghostly Armor+1","True Grit","Feed","Flash of Steel","Headbutt+1","Rampage","Infernal Blade+1","Offering","Battle Trance","Spot Weakness","Entrench+1","Demon Form+1","True Grit","Body Slam","Sentinel+1","Limit Break","Body Slam+1","Inflame","Metallicize"],"relics":["Burning Blood","Orichalcum","WarpedTongs","Pantograph","Smiling Mask","Coffee Dripper","Matryoshka","Vajra","Art of War","Bag of Preparation","Shuriken","Self Forming Clay","Tiny Chest","Philosopher\u0027s Stone","Mummified Hand","Question Card","War Paint","Darkstone Periapt","ClockworkSouvenir","Bag of Marbles"],"potions_floor_usage":[21,31,33,46,54,55,55],"damage_taken":[{"damage":3,"enemies":"Small Slimes","floor":1,"turns":4},{"damage":4,"enemies":"Cultist","floor":3,"turns":4},{"damage":10,"enemies":"Jaw Worm","floor":4,"turns":4},{"damage":28,"enemies":"Gremlin Nob","floor":6,"turns":5},{"damage":5,"enemies":"Lots of Slimes","floor":8,"turns":4},{"damage":8,"enemies":"3 Louse","floor":10,"turns":3},{"damage":5,"enemies":"Looter","floor":13,"turns":3},{"damage":5,"enemies":"Red Slaver","floor":14,"turns":3},{"damage":11,"enemies":"The Guardian","floor":16,"turns":17},{"damage":11,"enemies":"Shell Parasite","floor":18,"turns":7},{"damage":2,"enemies":"3 Byrds","floor":21,"turns":6},{"damage":14,"enemies":"Book of Stabbing","floor":23,"turns":8},{"damage":0,"enemies":"Cultist and Chosen","floor":24,"turns":10},{"damage":36,"enemies":"Gremlin Leader","floor":28,"turns":9},{"damage":0,"enemies":"Centurion and Healer","floor":29,"turns":7},{"damage":15,"enemies":"Slavers","floor":31,"turns":7},{"damage":29,"enemies":"Collector","floor":33,"turns":10},{"damage":16,"enemies":"3 Darklings","floor":35,"turns":5},{"damage":2,"enemies":"Orb Walker","floor":37,"turns":6},{"damage":0,"enemies":"Sphere and 2 Shapes","floor":38,"turns":5},{"damage":26,"enemies":"Nemesis","floor":40,"turns":9},{"damage":23,"enemies":"Transient","floor":41,"turns":5},{"damage":0,"enemies":"Maw","floor":42,"turns":8},{"damage":12,"enemies":"Writhing Mass","floor":45,"turns":8},{"damage":38,"enemies":"Reptomancer","floor":46,"turns":11},{"damage":2,"enemies":"4 Shapes","floor":48,"turns":6},{"damage":28,"enemies":"Donu and Deca","floor":50,"turns":10},{"damage":64,"enemies":"Shield and Spear","floor":54,"turns":9},{"damage":38,"enemies":"The Heart","floor":55,"turns":8}],"seed_played":"-5165869347910299770","potions_obtained":[{"floor":3,"key":"Strength Potion"},{"floor":4,"key":"EssenceOfSteel"},{"floor":10,"key":"SpeedPotion"},{"floor":23,"key":"EssenceOfSteel"},{"floor":29,"key":"Explosive Potion"},{"floor":31,"key":"Ancient Potion"},{"floor":33,"key":"FearPotion"},{"floor":37,"key":"PowerPotion"},{"floor":48,"key":"Regen Potion"}],"is_trial":false,"path_per_floor":["M","?","M","M","?","E","$","M","T","M","R","?","M","M","R","B",null,"M","$","T","M","?","E","M","R","T","?","E","M","$","E","R","B",null,"M","$","M","M","T","E","M","M","T","?","M","E","$","M","R","B",null,"R","$","E","B",null],"character_chosen":"IRONCLAD","items_purchased":["Flame Barrier","Enlightenment","True Grit","Feed","Flash of Steel","Spot Weakness","True Grit","ClockworkSouvenir","Metallicize"],"campfire_rested":0,"item_purchase_floors":[7,7,19,19,19,30,36,47,53],"current_hp_per_floor":[80,80,80,76,76,54,54,55,55,53,53,53,54,55,55,75,80,75,75,75,83,83,75,85,85,85,85,59,69,69,63,63,69,103,93,93,100,109,109,93,76,86,86,86,84,56,56,63,63,66,128,128,128,88,81],"gold":62,"neow_bonus":"RANDOM_COMMON_RELIC","is_prod":false,"is_daily":false,"chose_seed":false,"campfire_upgraded":5,"win_rate":0,"timestamp":1552072495,"path_taken":["M","?","M","?","?","E","$","M","T","?","R","?","M","M","R","BOSS","M","$","?","M","?","E","M","R","T","?","E","?","?","E","R","BOSS","M","$","M","M","?","E","M","M","T","?","M","E","$","M","R","BOSS","R","$","E","BOSS"],"build_version":"2019-01-23","purchased_purges":5,"victory":true,"max_hp_per_floor":[80,80,80,80,80,80,80,80,80,80,80,80,80,80,80,80,80,80,80,80,84,84,84,88,88,88,88,92,96,96,99,99,103,103,103,103,106,109,109,113,113,117,117,117,121,125,125,128,128,128,128,128,128,131,131],"card_choices":[{"not_picked":["Twin Strike","Searing Blow"],"picked":"Metallicize","floor":1},{"not_picked":["Headbutt","Flex"],"picked":"Whirlwind","floor":3},{"not_picked":["Twin Strike","Rupture"],"picked":"Pommel Strike","floor":4},{"not_picked":["Wild Strike","Pommel Strike"],"picked":"Armaments","floor":6},{"not_picked":["Thunderclap","Sword Boomerang"],"picked":"Shrug It Off","floor":8},{"not_picked":["Thunderclap","Flex"],"picked":"Uppercut","floor":10},{"not_picked":["Armaments","Warcry"],"picked":"Impervious","floor":13},{"not_picked":["Clash","Corruption","Evolve"],"picked":"SKIP","floor":14},{"not_picked":["Fiend Fire","Double Tap"],"picked":"Barricade","floor":16},{"not_picked":["Pommel Strike+1","Wild Strike+1"],"picked":"Ghostly Armor+1","floor":18},{"not_picked":["Pummel","Iron Wave"],"picked":"Headbutt+1","floor":21},{"not_picked":["Hemokinesis","True Grit"],"picked":"Rampage","floor":23},{"not_picked":["Clash","Cleave"],"picked":"Infernal Blade","floor":24},{"not_picked":["Searing Blow","Intimidate"],"picked":"Offering","floor":28},{"not_picked":["Wild Strike","Anger+1"],"picked":"Battle Trance","floor":29},{"not_picked":["Shrug It Off","Armaments"],"picked":"Entrench","floor":31},{"not_picked":["Brutality","Feed"],"picked":"Demon Form","floor":33},{"not_picked":["Clothesline","Anger","Twin Strike+1"],"picked":"SKIP","floor":35},{"not_picked":["Thunderclap","Pommel Strike"],"picked":"Body Slam","floor":37},{"not_picked":["Headbutt","Feel No Pain","Sword Boomerang"],"picked":"SKIP","floor":38},{"not_picked":["Intimidate","Blood for Blood+1"],"picked":"Sentinel","floor":40},{"not_picked":["Cleave+1","Iron Wave+1","Clash"],"picked":"Limit Break","floor":41},{"not_picked":["Twin Strike+1","Shrug It Off","Seeing Red","Wild Strike+1"],"picked":"SKIP","floor":42},{"not_picked":["Flex+1","True Grit","Wild Strike"],"picked":"Body Slam+1","floor":45},{"not_picked":["Shrug It Off+1","Corruption","Perfected Strike"],"picked":"Inflame","floor":46},{"not_picked":["Havoc+1","Rampage+1","Anger","Body Slam"],"picked":"SKIP","floor":48},{"not_picked":["Berserk","Pommel Strike+1","Headbutt+1","Reckless Charge+1"],"picked":"SKIP","floor":54}],"player_experience":239933,"relics_obtained":[{"floor":6,"key":"Pantograph"},{"floor":9,"key":"Smiling Mask"},{"floor":20,"key":"Matryoshka"},{"floor":23,"key":"Art of War"},{"floor":26,"key":"Bag of Preparation"},{"floor":26,"key":"Shuriken"},{"floor":28,"key":"Self Forming Clay"},{"floor":31,"key":"Tiny Chest"},{"floor":39,"key":"Mummified Hand"},{"floor":40,"key":"Question Card"},{"floor":43,"key":"War Paint"},{"floor":46,"key":"Darkstone Periapt"},{"floor":54,"key":"Bag of Marbles"}],"event_choices":[{"damage_healed":0,"gold_gain":0,"player_choice":"Rummage","damage_taken":0,"relics_obtained":["WarpedTongs"],"max_hp_gain":0,"max_hp_loss":0,"event_name":"Accursed Blacksmith","floor":2,"gold_loss":0,"cards_obtained":["Pain"]},{"damage_healed":0,"gold_gain":100,"player_choice":"Gold","damage_taken":0,"max_hp_gain":0,"max_hp_loss":0,"event_name":"Wheel of Change","floor":5,"gold_loss":0},{"damage_healed":0,"gold_gain":100,"player_choice":"Pray","damage_taken":0,"max_hp_gain":0,"max_hp_loss":0,"event_name":"Golden Shrine","floor":12,"gold_loss":0},{"damage_healed":0,"gold_gain":0,"player_choice":"Obtained Relic","damage_taken":0,"relics_obtained":["Vajra"],"max_hp_gain":0,"max_hp_loss":0,"event_name":"Addict","floor":22,"gold_loss":85},{"cards_removed":["Strike_R"],"damage_healed":0,"gold_gain":0,"player_choice":"Purged","damage_taken":0,"max_hp_gain":0,"max_hp_loss":0,"event_name":"Purifier","floor":27,"gold_loss":0},{"damage_healed":0,"gold_gain":0,"player_choice":"Ignored","damage_taken":0,"max_hp_gain":0,"max_hp_loss":0,"event_name":"Tomb of Lord Red Mask","floor":44,"gold_loss":0}],"is_beta":false,"boss_relics":[{"not_picked":["Cursed Key","Black Blood"],"picked":"Coffee Dripper"},{"not_picked":["Mark of Pain","Busted Crown"],"picked":"Philosopher\u0027s Stone"}],"items_purged_floors":[7,19,30,36,47],"is_endless":false,"potions_floor_spawned":[3,4,10,13,14,23,29,31,33,37,40,41,42,48],"ascension_level":0}