{"gold_per_floor":[112,131,145,145,45,120,120,144,174,189,202,202,219,219,219,316,316,328,328],"floor_reached":19,"playtime":729,"items_purged":["Strike_B"],"score":239,"play_id":"98d0fa43-9009-41c5-bb1e-4cc2a267ac08","local_time":"20181029044003","is_ascension_mode":true,"campfire_choices":[{"data":"Chaos","floor":7,"key":"SMITH"},{"data":"Zap","floor":12,"key":"SMITH"},{"data":"Hologram","floor":15,"key":"SMITH"}],"neow_cost":"NONE","seed_source_timestamp":120371757110648,"circlet_count":0,"master_deck":["Strike_B","Strike_B","Defend_B","Defend_B","Defend_B","Defend_B","Zap+1","Dualcast","AscendersBane","Chaos+1","Sweeping Beam","Conserve Battery","Gash","Hologram+1","Lockon","Buffer","Chill+1"],"relics":["Cracked Core","FaceOfCleric","Vajra","Tiny Chest","Symbiotic Virus","Sozu"],"potions_floor_usage":[19,19],"damage_taken":[{"damage":0,"enemies":"Cultist","floor":1,"turns":3},{"damage":10,"enemies":"2 Louse","floor":2,"turns":2},{"damage":2,"enemies":"Jaw Worm","floor":3,"turns":3},{"damage":0,"enemies":"Exordium Wildlife","floor":10,"turns":2},{"damage":10,"enemies":"Gremlin Gang","floor":11,"turns":4},{"damage":3,"enemies":"Blue Slaver","floor":13,"turns":4},{"damage":4,"enemies":"The Guardian","floor":16,"turns":11},{"damage":12,"enemies":"Spheric Guardian","floor":18,"turns":4},{"damage":69,"enemies":"Masked Bandits","floor":19,"turns":5}],"seed_played":"-6732903424269460338","potions_obtained":[{"floor":3,"key":"Block Potion"},{"floor":11,"key":"SteroidPotion"},{"floor":13,"key":"SkillPotion"}],"is_trial":false,"path_per_floor":["M","M","M","?","$","?","R","T","T","M","M","R","M","T","R","B",null,"M"],"character_chosen":"DEFECT","items_purchased":["Gash"],"campfire_rested":0,"item_purchase_floors":[5],"current_hp_per_floor":[68,58,56,56,56,45,45,45,45,46,37,37,35,35,35,32,67,56,0],"gold":328,"neow_bonus":"REMOVE_CARD","is_prod":false,"is_daily":false,"chose_seed":false,"campfire_upgraded":3,"win_rate":0,"timestamp":1540813203,"path_taken":["M","?","M","?","$","?","R","?","T","M","M","R","M","?","R","BOSS","M","?"],"build_version":"2018-10-25v2","purchased_purges":1,"victory":false,"max_hp_per_floor":[75,75,75,75,75,75,75,75,75,76,77,77,78,78,78,79,79,80,80],"card_choices":[{"not_picked":["Conserve Battery","Streamline"],"picked":"Chaos","floor":1},{"not_picked":["Leap","Rebound"],"picked":"Sweeping Beam","floor":2},{"not_picked":["Beam Cell","Recycle"],"picked":"Conserve Battery","floor":3},{"not_picked":["Amplify","Stack"],"picked":"Hologram","floor":10},{"not_picked":["Reprogram","Force Field","Stack"],"picked":"SKIP","floor":11},{"not_picked":["Recycle","Stack"],"picked":"Lockon","floor":13},{"not_picked":["Rainbow","Seek"],"picked":"Buffer","floor":16},{"not_picked":["Rebound","Redo"],"picked":"Chill+1","floor":18}],"player_experience":325299,"relics_obtained":[{"floor":8,"key":"Vajra"},{"floor":9,"key":"Tiny Chest"},{"floor":14,"key":"Symbiotic Virus"}],"event_choices":[{"damage_healed":0,"gold_gain":0,"player_choice":"Trade","damage_taken":0,"relics_obtained":["FaceOfCleric"],"max_hp_gain":0,"max_hp_loss":0,"event_name":"FaceTrader","floor":4,"gold_loss":0},{"damage_healed":0,"gold_gain":75,"player_choice":"Gather Gold","damage_taken":11,"max_hp_gain":0,"max_hp_loss":0,"event_name":"World of Goop","floor":6,"gold_loss":0},{"damage_healed":0,"gold_gain":0,"player_choice":"Fought Bandits","damage_taken":0,"max_hp_gain":0,"max_hp_loss":0,"event_name":"Masked Bandits","floor":19,"gold_loss":0}],"is_beta":false,"boss_relics":[{"not_picked":["Black Star","Cursed Key"],"picked":"Sozu"}],"items_purged_floors":[5],"is_endless":false,"potions_floor_spawned":[3,11,13],"killed_by":"Masked Bandits","ascension_level":10}