{"path_per_floor":["M","M","M","M","$","E","R","?","T","R","M","$","T","M","R","B",null,"M","$","M","?","?","E"],"character_chosen":"IRONCLAD","items_purchased":["Dramatic Entrance","Cleave","Seeing Red","Carnage","Bronze Scales","SpeedPotion"],"gold_per_floor":[111,130,142,159,20,54,54,154,206,206,225,79,79,92,92,196,196,206,11,30,30,30,58,58],"floor_reached":24,"campfire_rested":1,"playtime":2977,"item_purchase_floors":[5,5,12,12,19,19],"current_hp_per_floor":[80,72,57,58,58,64,64,64,64,64,65,65,72,64,87,29,105,79,79,84,84,68,19,0],"items_purged":[],"gold":58,"score":266,"play_id":"f57fd6e0-ac58-4e12-8a8c-cef268e21654","local_time":"20180604205946","is_prod":false,"is_daily":false,"chose_seed":false,"is_ascension_mode":false,"campfire_upgraded":2,"win_rate":0.0,"timestamp":1528171186,"campfire_choices":[{"data":"Dramatic Entrance","floor":7,"key":"SMITH"},{"data":"Bash","floor":10,"key":"SMITH"},{"floor":15,"key":"REST"}],"path_taken":["M","M","M","?","?","E","R","?","T","R","M","$","?","M","R","BOSS","M","$","M","?","?","E","M"],"build_version":"2018-05-31","seed_source_timestamp":154058897925796,"purchased_purges":0,"victory":false,"master_deck":["Strike_R","Strike_R","Strike_R","Strike_R","Strike_R","Defend_R","Defend_R","Defend_R","Defend_R","Bash+1","Flex","Fire Breathing","Iron Wave","Metallicize","Dramatic Entrance+1","Cleave","Impervious","Battle Trance","Seeing Red","Carnage","Dropkick","Demon Form","Clumsy","Doubt","Injury","Carnage","Shrug It Off+1","Thunderclap","Thunderclap+1"],"max_hp_per_floor":[80,80,80,80,80,80,80,80,80,80,80,80,87,87,87,87,105,105,105,105,105,105,105,105],"relics":["Burning Blood","Darkstone Periapt","Boot","Strawberry","Calling Bell","Orichalcum","Matryoshka","Champion Belt","Bronze Scales","Nilry\u0027s Codex","Blood Vial"],"card_choices":[{"not_picked":["Warcry","Clash"],"picked":"Flex","floor":1},{"not_picked":["Shrug It Off","Sever Soul"],"picked":"Fire Breathing","floor":2},{"not_picked":["Reckless Charge","Headbutt"],"picked":"Iron Wave","floor":3},{"not_picked":["Body Slam","Shrug It Off"],"picked":"Metallicize","floor":4},{"not_picked":["Sword Boomerang","Dual Wield"],"picked":"Impervious","floor":6},{"not_picked":["Cleave","Clash"],"picked":"Battle Trance","floor":11},{"not_picked":["Warcry","Sword Boomerang"],"picked":"Dropkick","floor":14},{"not_picked":["Dark Embrace","Feed"],"picked":"Demon Form","floor":16},{"not_picked":["Body Slam","Shrug It Off"],"picked":"Carnage","floor":18},{"not_picked":["Iron Wave","Clash+1"],"picked":"Shrug It Off+1","floor":20},{"not_picked":["Entrench","True Grit"],"picked":"Thunderclap+1","floor":23}],"player_experience":0,"potions_floor_usage":[6,6,6,24],"damage_taken":[{"damage":6,"enemies":"Cultist","floor":1,"turns":3},{"damage":14,"enemies":"2 Louse","floor":2,"turns":3},{"damage":21,"enemies":"Jaw Worm","floor":3,"turns":4},{"damage":5,"enemies":"Large Slime","floor":4,"turns":5},{"damage":0,"enemies":"3 Sentries","floor":6,"turns":6},{"damage":5,"enemies":"Looter","floor":11,"turns":2},{"damage":14,"enemies":"Exordium Wildlife","floor":14,"turns":4},{"damage":64,"enemies":"The Guardian","floor":16,"turns":10},{"damage":32,"enemies":"2 Thieves","floor":18,"turns":5},{"damage":1,"enemies":"3 Byrds","floor":20,"turns":3},{"damage":55,"enemies":"Book of Stabbing","floor":23,"turns":7},{"damage":31,"enemies":"Cultist and Chosen","floor":24,"turns":5}],"relics_obtained":[{"floor":6,"key":"Darkstone Periapt"},{"floor":9,"key":"Boot"},{"floor":13,"key":"Strawberry"},{"floor":17,"key":"Orichalcum"},{"floor":17,"key":"Matryoshka"},{"floor":17,"key":"Champion Belt"},{"floor":22,"key":"Nilry\u0027s Codex"},{"floor":23,"key":"Blood Vial"}],"event_choices":[{"event_name":"Golden Shrine","player_choice":"Pray","floor":8,"damage_taken":0},{"event_name":"The Library","player_choice":"Read","floor":21,"damage_taken":0},{"event_name":"Cursed Tome","player_choice":"Obtained Book","floor":22,"damage_taken":0}],"boss_relics":[{"not_picked":["Runic Cube","Lizard Tail"],"picked":"Calling Bell"}],"items_purged_floors":[],"potions_floor_spawned":[2,3,4],"seed_played":"7625700904939347694","killed_by":"Cultist and Chosen","ascension_level":0,"potions_obtained":[{"floor":2,"key":"AttackPotion"},{"floor":3,"key":"Block Potion"},{"floor":4,"key":"Strength Potion"}],"is_trial":false}