{"gold_per_floor":[14,14,89,14,14,47,47,47,47,57,57,88,88,100,100,174,174,188,207,207,224,239,239,239],"floor_reached":24,"playtime":917,"items_purged":[],"score":377,"play_id":"c6a85859-bb89-4678-a361-439ca93ee05b","local_time":"20190107195648","is_ascension_mode":true,"campfire_choices":[{"floor":8.0,"key":"REST"},{"data":"Rage","floor":13.0,"key":"SMITH"},{"data":"Bash","floor":15.0,"key":"SMITH"},{"floor":23,"key":"REST"}],"neow_cost":"NO_GOLD","seed_source_timestamp":313786887266718,"circlet_count":0,"master_deck":["AscendersBane","Strike_R","Strike_R","Defend_R","Defend_R","Defend_R","Bash+1","Anger+1","Rage+1","Brutality","Thunderclap+1","True Grit","Flame Barrier"],"special_seed":0,"relics":["Burning Blood","Torii","Singing Bowl","Ancient Tea Set","Incense Burner","Fusion Hammer"],"potions_floor_usage":[21,21],"damage_taken":[{"damage":9.0,"enemies":"Jaw Worm","floor":1.0,"turns":5.0},{"damage":32.0,"enemies":"Gremlin Nob","floor":6.0,"turns":4.0},{"damage":7.0,"enemies":"Small Slimes","floor":10.0,"turns":3.0},{"damage":16.0,"enemies":"Lagavulin","floor":12.0,"turns":5.0},{"damage":0.0,"enemies":"2 Louse","floor":14.0,"turns":4.0},{"damage":14.0,"enemies":"The Guardian","floor":16.0,"turns":10.0},{"damage":5.0,"enemies":"Spheric Guardian","floor":18.0,"turns":5.0},{"damage":25.0,"enemies":"2 Thieves","floor":19.0,"turns":3.0},{"damage":46,"enemies":"Cultist and Chosen","floor":21,"turns":8},{"damage":4,"enemies":"Snake Plant","floor":22,"turns":4},{"damage":57,"enemies":"Book of Stabbing","floor":24,"turns":5}],"seed_played":"-2412462179152153282","potions_obtained":[{"floor":1.0,"key":"EssenceOfSteel"},{"floor":10.0,"key":"Strength Potion"},{"floor":16.0,"key":"SpeedPotion"},{"floor":19.0,"key":"Regen Potion"},{"floor":21,"key":"Ancient Potion"}],"is_trial":false,"path_per_floor":["M","?","?","?","T","E","?","R","T","M","$","E","R","M","R","B",null,"M","M","?","M","M","R","E"],"character_chosen":"IRONCLAD","items_purchased":[],"campfire_rested":2,"item_purchase_floors":[],"current_hp_per_floor":[65,65,54,54,54,28,28,50,50,51,51,43,43,51,51,43,72,73,54,54,29,33,57,0],"gold":239,"neow_bonus":"REMOVE_TWO","is_prod":false,"is_daily":false,"chose_seed":false,"campfire_upgraded":2,"win_rate":0,"timestamp":1546858608,"path_taken":["M","?","?","?","?","E","?","R","T","M","$","E","R","M","R","BOSS","M","?","?","M","M","R","E"],"build_version":"2019-01-03v4","purchased_purges":0,"victory":false,"max_hp_per_floor":[75,75,75,75,75,75,75,75,75,77,77,79,79,81,81,81,81,81,81,81,81,83,83,83],"card_choices":[{"not_picked":["Burning Pact","Flex"],"picked":"Anger","floor":1.0},{"not_picked":["Heavy Blade","Power Through"],"picked":"Rage","floor":6.0},{"not_picked":["Wild Strike","Twin Strike","Anger"],"picked":"Singing Bowl","floor":10.0},{"not_picked":["Clothesline","Sever Soul","Searing Blow"],"picked":"Singing Bowl","floor":12.0},{"not_picked":["Headbutt","Power Through","Wild Strike"],"picked":"Singing Bowl","floor":14.0},{"not_picked":["Dark Embrace","Bludgeon"],"picked":"Brutality","floor":16.0},{"not_picked":["Heavy Blade","Second Wind"],"picked":"Thunderclap+1","floor":18.0},{"not_picked":["Havoc","Corruption"],"picked":"True Grit","floor":19.0},{"not_picked":["Pommel Strike","Havoc"],"picked":"Flame Barrier","floor":21},{"not_picked":["Dropkick","Anger","Pommel Strike"],"picked":"Singing Bowl","floor":22}],"player_experience":764583,"relics_obtained":[{"floor":5.0,"key":"Torii"},{"floor":6.0,"key":"Singing Bowl"},{"floor":9.0,"key":"Ancient Tea Set"},{"floor":12.0,"key":"Incense Burner"}],"event_choices":[{"damage_healed":0.0,"max_hp_gain":0.0,"max_hp_loss":0.0,"gold_gain":0.0,"event_name":"Living Wall","player_choice":"Grow","floor":2.0,"gold_loss":0.0,"damage_taken":0.0,"cards_upgraded":["Anger"]},{"damage_healed":0.0,"max_hp_gain":0.0,"max_hp_loss":0.0,"gold_gain":75.0,"event_name":"World of Goop","player_choice":"Gather Gold","floor":3.0,"gold_loss":0.0,"damage_taken":11.0},{"cards_removed":["Strike_R"],"damage_healed":0.0,"max_hp_gain":0.0,"max_hp_loss":0.0,"gold_gain":0.0,"event_name":"The Cleric","player_choice":"Card Removal","floor":4.0,"gold_loss":75.0,"damage_taken":0.0},{"damage_healed":0.0,"max_hp_gain":0.0,"max_hp_loss":0.0,"gold_gain":0.0,"event_name":"Match and Keep!","player_choice":"0 cards matched","floor":7.0,"gold_loss":0.0,"damage_taken":0.0,"cards_obtained":[]},{"cards_removed":["Strike_R"],"damage_healed":0.0,"max_hp_gain":0.0,"max_hp_loss":0.0,"gold_gain":0.0,"event_name":"Back to Basics","player_choice":"Elegance","floor":20.0,"gold_loss":0.0,"damage_taken":0.0}],"is_beta":false,"boss_relics":[{"not_picked":["Ectoplasm","Philosopher\u0027s Stone"],"picked":"Fusion Hammer"}],"items_purged_floors":[],"is_endless":false,"potions_floor_spawned":[1,10,16,19,21],"killed_by":"Book of Stabbing","ascension_level":17}