{"gold_per_floor":[119,119,135,155,167,167,179,192,219,219,251,70,81,95,95,199,199,218,234,254,254,353,353,364,364,364,380,396,412,412,412,412,508,558,576,9,9,9,9,9,44,44,44,44,0,0,0,0,0,0,0,0,0,30,30],"floor_reached":55,"playtime":4303,"items_purged":["Strike_G"],"score":835,"play_id":"54b495a9-979c-44d6-84f8-a274eb85ae3a","local_time":"20190304020446","is_ascension_mode":true,"campfire_choices":[{"data":"Dash","floor":6,"key":"SMITH"},{"data":"Poisoned Stab","floor":10,"key":"SMITH"},{"data":"Footwork","floor":15,"key":"SMITH"},{"data":"Dodge and Roll","floor":23,"key":"SMITH"},{"data":"Backflip","floor":25,"key":"SMITH"},{"data":"Burst","floor":30,"key":"SMITH"},{"floor":32,"key":"RECALL"},{"data":"Apotheosis","floor":40,"key":"SMITH"},{"floor":44,"key":"REST"},{"data":"Panache","floor":49,"key":"SMITH"},{"data":"After Image","floor":52,"key":"SMITH"}],"neow_cost":"NONE","seed_source_timestamp":88944011141860,"circlet_count":0,"master_deck":["Defend_G","Defend_G","Defend_G","Defend_G","Defend_G","Strike_G","Strike_G","Strike_G","Survivor+1","Neutralize+1","Quick Slash+1","Backflip+1","Dash+1","Poisoned Stab+1","Backstab","Dodge and Roll+1","Footwork+1","Caltrops","Adrenaline+1","Die Die Die","Dodge and Roll+1","Bullet Time","Parasite","Poisoned Stab+1","Burst+1","Infinite Blades","Apotheosis+1","After Image+1","Madness","Madness","Doubt","Panache+1"],"relics":["Ring of the Snake","Juzu Bracelet","The Courier","Cursed Key","Mercury Hourglass","Tiny House","Mummified Hand","Potion Belt","Bag of Preparation","Red Mask","Art of War"],"potions_floor_usage":[33,33,42,47,54,54],"damage_taken":[{"damage":0,"enemies":"Jaw Worm","floor":1,"turns":5},{"damage":0,"enemies":"Cultist","floor":3,"turns":4},{"damage":0,"enemies":"2 Louse","floor":4,"turns":2},{"damage":16,"enemies":"Exordium Thugs","floor":5,"turns":7},{"damage":3,"enemies":"Blue Slaver","floor":7,"turns":4},{"damage":1,"enemies":"Red Slaver","floor":8,"turns":4},{"damage":0,"enemies":"3 Sentries","floor":11,"turns":9},{"damage":0,"enemies":"2 Fungi Beasts","floor":13,"turns":3},{"damage":0,"enemies":"3 Louse","floor":14,"turns":2},{"damage":0,"enemies":"The Guardian","floor":16,"turns":12},{"damage":0,"enemies":"2 Thieves","floor":18,"turns":4},{"damage":0,"enemies":"Chosen","floor":19,"turns":4},{"damage":0,"enemies":"3 Cultists","floor":20,"turns":5},{"damage":16,"enemies":"Snecko","floor":24,"turns":6},{"damage":0,"enemies":"Shelled Parasite and Fungi","floor":27,"turns":7},{"damage":0,"enemies":"Snake Plant","floor":28,"turns":4},{"damage":0,"enemies":"Centurion and Healer","floor":29,"turns":5},{"damage":33,"enemies":"Champ","floor":33,"turns":19},{"damage":0,"enemies":"3 Shapes","floor":35,"turns":4},{"damage":18,"enemies":"Nemesis","floor":41,"turns":8},{"damage":0,"enemies":"3 Darklings","floor":42,"turns":1},{"damage":0,"enemies":"Maw","floor":47,"turns":2},{"damage":51,"enemies":"Awakened One","floor":50,"turns":19},{"damage":57,"enemies":"Shield and Spear","floor":54,"turns":8},{"damage":65,"enemies":"The Heart","floor":55,"turns":3}],"seed_played":"-1559116486801905206","potions_obtained":[{"floor":1,"key":"Swift Potion"},{"floor":5,"key":"AttackPotion"},{"floor":8,"key":"FearPotion"},{"floor":16,"key":"SmokeBomb"},{"floor":33,"key":"GhostInAJar"},{"floor":34,"key":"PowerPotion"},{"floor":41,"key":"SmokeBomb"},{"floor":54,"key":"Energy Potion"}],"is_trial":false,"path_per_floor":["M","?","M","M","M","R","M","M","T","R","E","$","M","M","R","B",null,"M","M","M","?","?","R","M","R","T","M","M","M","R","?","R","B",null,"M","$","?","?","$","R","E","M","T","R","?","?","M","?","R","B",null,"R","$","E","B"],"character_chosen":"THE_SILENT","items_purchased":["Footwork","Caltrops","Apotheosis","Mummified Hand","After Image","Potion Belt"],"campfire_rested":1,"item_purchase_floors":[12,12,36,36,36,36],"current_hp_per_floor":[70,70,70,70,54,54,51,50,50,50,50,50,50,50,50,50,70,70,70,70,70,70,70,54,54,54,54,54,54,54,54,54,21,75,75,75,75,66,66,66,48,48,48,70,70,70,70,70,70,19,75,75,75,18,0],"gold":30,"neow_bonus":"UPGRADE_CARD","is_prod":false,"is_daily":false,"chose_seed":false,"campfire_upgraded":9,"win_rate":0,"timestamp":1551686686,"path_taken":["M","?","?","M","M","R","M","M","T","R","E","?","M","M","R","BOSS","M","M","M","?","?","R","M","R","T","M","M","M","R","?","R","BOSS","M","$","?","?","$","R","E","M","T","R","?","?","M","?","R","BOSS","R","$","E","BOSS"],"build_version":"2019-01-23","purchased_purges":1,"victory":false,"max_hp_per_floor":[70,70,70,70,70,70,70,70,70,70,70,70,70,70,70,70,70,70,70,70,70,70,70,70,70,70,70,70,70,70,70,70,70,75,75,75,75,75,75,75,75,75,75,75,75,75,75,75,75,75,75,75,75,75,75],"card_choices":[{"not_picked":["Calculated Gamble","Flying Knee"],"picked":"Quick Slash","floor":1},{"not_picked":["Slice","Deflect"],"picked":"Backflip","floor":3},{"not_picked":["Blade Dance","Outmaneuver"],"picked":"Dash","floor":4},{"not_picked":["Bouncing Flask","Deflect"],"picked":"Poisoned Stab","floor":5},{"not_picked":["PiercingWail","Bane","Sucker Punch"],"picked":"SKIP","floor":7},{"not_picked":["Outmaneuver","Skewer"],"picked":"Backstab","floor":8},{"not_picked":["Poisoned Stab","Cloak And Dagger"],"picked":"Dodge and Roll","floor":11},{"not_picked":["Acrobatics","Poisoned Stab","Crippling Poison"],"picked":"SKIP","floor":13},{"not_picked":["Escape Plan","Prepared"],"picked":"Adrenaline","floor":14},{"not_picked":["Night Terror","Bullet Time"],"picked":"Die Die Die","floor":16},{"not_picked":["Caltrops+1","Distraction","Calculated Gamble"],"picked":"SKIP","floor":18},{"not_picked":["PiercingWail+1","Caltrops","Cloak And Dagger"],"picked":"SKIP","floor":19},{"not_picked":["Quick Slash","Dagger Spray"],"picked":"Dodge and Roll+1","floor":20},{"not_picked":["PiercingWail","Dagger Spray","Flying Knee"],"picked":"SKIP","floor":24},{"not_picked":["Underhanded Strike","Prepared"],"picked":"Poisoned Stab+1","floor":27},{"not_picked":["Blade Dance","Predator","Accuracy"],"picked":"SKIP","floor":28},{"not_picked":["Flying Knee","Flechettes+1"],"picked":"Burst","floor":29},{"not_picked":["Cloak And Dagger+1","Deflect"],"picked":"Infinite Blades","floor":34},{"not_picked":["Expertise","Reflex+1","Terror+1"],"picked":"SKIP","floor":35},{"not_picked":["Reflex+1","Glass Knife","PiercingWail+1"],"picked":"SKIP","floor":41},{"not_picked":["Mayhem","Jack Of All Trades"],"picked":"Panache","floor":46},{"not_picked":["Slice","Sucker Punch+1","Flying Knee"],"picked":"SKIP","floor":54}],"player_experience":117855,"relics_obtained":[{"floor":9,"key":"Juzu Bracelet"},{"floor":11,"key":"The Courier"},{"floor":26,"key":"Mercury Hourglass"},{"floor":41,"key":"Bag of Preparation"},{"floor":54,"key":"Art of War"}],"event_choices":[{"damage_healed":0,"gold_gain":0,"player_choice":"Forge","damage_taken":0,"max_hp_gain":0,"max_hp_loss":0,"event_name":"Accursed Blacksmith","floor":2,"gold_loss":0,"cards_upgraded":["Quick Slash"]},{"damage_healed":0,"gold_gain":0,"player_choice":"1 cards matched","damage_taken":0,"max_hp_gain":0,"max_hp_loss":0,"event_name":"Match and Keep!","floor":21,"gold_loss":0,"cards_obtained":["Bullet Time"]},{"damage_healed":0,"gold_gain":0,"player_choice":"1 cards matched","damage_taken":0,"max_hp_gain":0,"max_hp_loss":0,"event_name":"Match and Keep!","floor":21,"gold_loss":0,"cards_obtained":["Bullet Time"]},{"damage_healed":0,"gold_gain":99,"player_choice":"Stole From Cult","damage_taken":0,"max_hp_gain":0,"max_hp_loss":0,"event_name":"Nest","floor":22,"gold_loss":0},{"damage_healed":0,"gold_gain":0,"player_choice":"Upgraded","damage_taken":0,"max_hp_gain":0,"max_hp_loss":0,"event_name":"Upgrade Shrine","floor":31,"gold_loss":0,"cards_upgraded":["Survivor"]},{"damage_healed":0,"gold_gain":0,"player_choice":"Ignored","damage_taken":0,"max_hp_gain":0,"max_hp_loss":0,"event_name":"Mysterious Sphere","floor":37,"gold_loss":0},{"damage_healed":0,"gold_gain":0,"player_choice":"Embrace Madness","damage_taken":9,"max_hp_gain":0,"max_hp_loss":0,"event_name":"Winding Halls","floor":38,"gold_loss":0,"cards_obtained":["Madness","Madness"]},{"damage_healed":0,"gold_gain":0,"player_choice":"Paid","damage_taken":0,"relics_obtained":["Red Mask"],"max_hp_gain":0,"max_hp_loss":0,"event_name":"Tomb of Lord Red Mask","floor":45,"gold_loss":44},{"damage_healed":0,"gold_gain":0,"player_choice":"Memory 1","damage_taken":0,"max_hp_gain":0,"max_hp_loss":0,"event_name":"SensoryStone","floor":46,"gold_loss":0},{"cards_removed":["Strike_G"],"damage_healed":0,"gold_gain":0,"player_choice":"Removed Attack","damage_taken":0,"max_hp_gain":0,"max_hp_loss":0,"event_name":"Falling","floor":48,"gold_loss":0}],"is_beta":false,"boss_relics":[{"not_picked":["Runic Dome","Black Star"],"picked":"Cursed Key"},{"not_picked":["Coffee Dripper","Snecko Eye"],"picked":"Tiny House"}],"items_purged_floors":[12],"is_endless":false,"potions_floor_spawned":[1,5,8,14,16,20,27,28,33,35,41,54],"killed_by":"The Heart","ascension_level":3}