{"gold_per_floor":[110,110,124,124,124,150,150,167,194,14,30,41,56,131,131,231,261,272,291,291,291,11,23,23],"floor_reached":24,"playtime":1827,"items_purged":["Strike_B"],"score":198,"play_id":"3b0247be-480d-4774-8e47-7ba63a34cf48","local_time":"20180706020257","is_ascension_mode":false,"campfire_choices":[{"data":"Genetic Algorithm","floor":7,"key":"SMITH"},{"data":"White Noise","floor":15,"key":"SMITH"}],"neow_cost":"TEN_PERCENT_HP_LOSS","seed_source_timestamp":133387224237779,"circlet_count":0,"master_deck":["Strike_B","Strike_B","Defend_B","Defend_B","Defend_B","Defend_B","Zap","Dualcast+1","Seek","White Noise+1","Beam Cell","Genetic Algorithm+1","Reprogram","Gash","Go for the Eyes","Sunder","Biased Cognition","Go for the Eyes","Storm+1","RitualDagger","Ball Lightning+1"],"relics":["Cracked Core","Regal Pillow","Blood Vial","Orichalcum","Strawberry","Tiny House","TheAbacus"],"potions_floor_usage":[11,19,23,24],"damage_taken":[{"damage":8,"enemies":"Cultist","floor":1,"turns":5},{"damage":6,"enemies":"Jaw Worm","floor":3,"turns":3},{"damage":12,"enemies":"Lagavulin","floor":6,"turns":6},{"damage":4,"enemies":"2 Louse","floor":8,"turns":3},{"damage":5,"enemies":"Large Slime","floor":11,"turns":6},{"damage":4,"enemies":"3 Louse","floor":12,"turns":4},{"damage":0,"enemies":"Exordium Wildlife","floor":13,"turns":2},{"damage":3,"enemies":"Slime Boss","floor":16,"turns":6},{"damage":8,"enemies":"Shell Parasite","floor":18,"turns":6},{"damage":7,"enemies":"3 Byrds","floor":19,"turns":3},{"damage":15,"enemies":"Snake Plant","floor":23,"turns":3},{"damage":36,"enemies":"Slavers","floor":24,"turns":3}],"seed_played":"4571022619645768018","potions_obtained":[{"floor":6,"key":"SpeedPotion"},{"floor":8,"key":"Fire Potion"},{"floor":11,"key":"Swift Potion"},{"floor":16,"key":"PowerPotion"},{"floor":17,"key":"Swift Potion"},{"floor":19,"key":"Poison Potion"}],"is_trial":false,"path_per_floor":["M","?","M","?","?","E","R","M","T","$","M","M","M","?","R","B",null,"M","M","?","?","$","M"],"character_chosen":"DEFECT","items_purchased":["Gash","Strawberry","TheAbacus"],"campfire_rested":0,"item_purchase_floors":[10,10,22],"current_hp_per_floor":[60,60,54,54,47,35,35,33,33,40,37,35,37,26,26,25,80,72,67,52,46,46,33,0],"gold":23,"neow_bonus":"THREE_RARE_CARDS","is_prod":false,"is_daily":false,"chose_seed":false,"campfire_upgraded":2,"win_rate":0,"timestamp":1530867777,"path_taken":["M","?","M","?","?","E","R","M","T","$","?","M","M","?","R","BOSS","M","M","?","?","$","M","E"],"build_version":"2018-07-05","purchased_purges":1,"victory":false,"max_hp_per_floor":[68,68,68,68,68,68,68,68,68,75,75,75,75,75,75,75,80,80,80,85,85,85,85,85],"card_choices":[{"not_picked":["Core Surge","Hyperbeam"],"picked":"Seek","floor":0},{"not_picked":["Cold Snap","BootSequence"],"picked":"White Noise","floor":1},{"not_picked":["Rebound","Coolheaded"],"picked":"Beam Cell","floor":3},{"not_picked":["Lockon","Conserve Battery"],"picked":"Genetic Algorithm","floor":6},{"not_picked":["Undo","Auto Shields"],"picked":"Reprogram","floor":8},{"not_picked":["Conserve Battery","Coolheaded"],"picked":"Go for the Eyes","floor":11},{"not_picked":["Stack","Leap"],"picked":"Sunder","floor":12},{"not_picked":["Stack","Hologram","Cold Snap"],"picked":"SKIP","floor":13},{"not_picked":["Rainbow","Core Surge"],"picked":"Biased Cognition","floor":16},{"not_picked":["Stack","Reprogram"],"picked":"Go for the Eyes","floor":17},{"not_picked":["Steam Power","Compile Driver","Glacier+1"],"picked":"SKIP","floor":18},{"not_picked":["Hello World","White Noise+1"],"picked":"Storm+1","floor":19},{"not_picked":["FTL","Compile Driver"],"picked":"Ball Lightning+1","floor":23}],"player_experience":121780,"relics_obtained":[{"floor":6,"key":"Blood Vial"},{"floor":9,"key":"Orichalcum"}],"event_choices":[{"event_name":"Living Wall","player_choice":"Forget","floor":2,"damage_taken":0},{"event_name":"Big Fish","player_choice":"Box","floor":4,"damage_taken":0},{"event_name":"Golden Wing","player_choice":"Card Removal","floor":5,"damage_taken":0},{"event_name":"World of Goop","player_choice":"Gather Gold","floor":14,"damage_taken":0},{"event_name":"Forgotten Altar","player_choice":"Shed Blood","floor":20,"damage_taken":0},{"event_name":"Nest","player_choice":"Joined the Cult","floor":21,"damage_taken":0}],"boss_relics":[{"not_picked":["Pandora\u0027s Box","Busted Crown"],"picked":"Tiny House"}],"items_purged_floors":[22],"is_endless":false,"potions_floor_spawned":[6,8,11,16,19],"killed_by":"Slavers","ascension_level":0}