{"gold_per_floor":[362,186,201,216,216,216,236,267,267,267,72,102,102,118,118,192,192,212,80,80,91,91,122,122,177,247,247,274,274,308,323,323,394,394,411,411,411,430,530,530,561,861,861,861,861,861,890,901,901,901],"floor_reached":50,"playtime":3504,"items_purged":["Strike_R"],"score":1339,"play_id":"12d6b0cd-47ab-43e2-ac68-0066a8abbdec","local_time":"20190301165828","is_ascension_mode":true,"campfire_choices":[{"data":"Body Slam","floor":6.0,"key":"SMITH"},{"data":"Cleave","floor":10.0,"key":"SMITH"},{"data":"Inflame","floor":13.0,"key":"SMITH"},{"data":"Bash","floor":15.0,"key":"SMITH"},{"data":"Ghostly","floor":24.0,"key":"SMITH"},{"data":"Rage","floor":27.0,"key":"SMITH"},{"data":"Ghostly","floor":32.0,"key":"SMITH"},{"data":"Exhume","floor":40.0,"key":"SMITH"},{"floor":42.0,"key":"DIG"},{"floor":46.0,"key":"DIG"},{"floor":49.0,"key":"RECALL"}],"neow_cost":"TEN_PERCENT_HP_LOSS","seed_source_timestamp":0,"circlet_count":0,"master_deck":["AscendersBane","Strike_R+1","Defend_R+1","Bash+1","Body Slam+1","Battle Trance","Cleave+1","Pummel+1","Shrug It Off","Thunderclap","Inflame+1","Reaper+1","Brutality","Twin Strike+1","Offering","Rupture+1","Immolate+1","Rampage+1","Body Slam+1","Battle Trance","Reckless Charge+1","Ghostly","Ghostly+1","Ghostly+1","Iron Wave+1","Rage+1","Feel No Pain+1","Clothesline+1","Power Through","Exhume+1","Shrug It Off","Warcry+1","Headbutt+1","Parasite"],"special_seed":0,"relics":["Burning Blood","Strawberry","PreservedInsect","Molten Egg 2","Astrolabe","Frozen Egg 2","Tiny Chest","Bottled Tornado","Paper Frog","Enchiridion","StoneCalendar","Empty Cage","Shovel","Du-Vu Doll","Torii","Old Coin","Bottled Flame","Boot","Whetstone"],"potions_floor_usage":[50],"damage_taken":[{"damage":7.0,"enemies":"2 Louse","floor":1.0,"turns":4.0},{"damage":0.0,"enemies":"Small Slimes","floor":3.0,"turns":4.0},{"damage":2.0,"enemies":"Cultist","floor":4.0,"turns":4.0},{"damage":8.0,"enemies":"Blue Slaver","floor":7.0,"turns":3.0},{"damage":33.0,"enemies":"Lagavulin","floor":8.0,"turns":7.0},{"damage":19.0,"enemies":"3 Sentries","floor":12.0,"turns":6.0},{"damage":25.0,"enemies":"Large Slime","floor":14.0,"turns":5.0},{"damage":9.0,"enemies":"Slime Boss","floor":16.0,"turns":6.0},{"damage":37.0,"enemies":"Shell Parasite","floor":18.0,"turns":6.0},{"damage":9.0,"enemies":"Spheric Guardian","floor":21.0,"turns":3.0},{"damage":14.0,"enemies":"Book of Stabbing","floor":23.0,"turns":4.0},{"damage":2.0,"enemies":"Gremlin Leader","floor":25.0,"turns":5.0},{"damage":7.0,"enemies":"Book of Stabbing","floor":28.0,"turns":4.0},{"damage":5.0,"enemies":"Gremlin Leader","floor":30.0,"turns":5.0},{"damage":3.0,"enemies":"3 Cultists","floor":31.0,"turns":4.0},{"damage":36.0,"enemies":"Champ","floor":33.0,"turns":8.0},{"damage":12.0,"enemies":"Orb Walker","floor":35.0,"turns":1.0},{"damage":8.0,"enemies":"3 Darklings","floor":38.0,"turns":4.0},{"damage":10.0,"enemies":"Mind Bloom Boss Battle","floor":39.0,"turns":5.0},{"damage":40.0,"enemies":"Nemesis","floor":41.0,"turns":7.0},{"damage":4.0,"enemies":"Reptomancer","floor":47.0,"turns":5.0},{"damage":23.0,"enemies":"Writhing Mass","floor":48.0,"turns":5.0},{"damage":24,"enemies":"Time Eater","floor":50,"turns":7}],"seed_played":"-3974545949937881129","potions_obtained":[{"floor":1.0,"key":"LiquidBronze"},{"floor":7.0,"key":"SpeedPotion"},{"floor":12.0,"key":"SteroidPotion"},{"floor":18.0,"key":"BloodPotion"},{"floor":25.0,"key":"Swift Potion"},{"floor":33.0,"key":"Dexterity Potion"},{"floor":39.0,"key":"EssenceOfSteel"},{"floor":41.0,"key":"PowerPotion"}],"is_trial":false,"path_per_floor":["M","$","M","M","?","R","M","E","T","R","$","E","R","M","R","B",null,"M","$","?","M","?","E","R","E","T","R","E","?","E","M","R","B",null,"M","?","?","M","?","R","E","R","T","T","?","R","E","M","R","B"],"character_chosen":"IRONCLAD","items_purchased":["Battle Trance","Cleave","Inflame","Reaper","Body Slam+1","Battle Trance"],"campfire_rested":0,"item_purchase_floors":[2,2,11,11,19,19],"current_hp_per_floor":[67,67,68,68,48,48,46,26,26,26,26,31,31,26,26,37,66,49,49,49,46,37,29,29,37,37,37,36,15,37,37,37,29,35,29,29,29,27,37,37,10,10,10,10,30,30,30,24,24,0],"gold":901,"neow_bonus":"TWO_FIFTY_GOLD","is_prod":false,"is_daily":false,"chose_seed":false,"campfire_upgraded":8,"win_rate":0,"timestamp":1551477508,"path_taken":["M","$","M","M","?","R","M","E","T","R","$","E","R","M","R","BOSS","M","$","?","M","?","E","R","E","T","R","E","?","E","M","R","BOSS","M","?","?","?","?","R","E","R","T","?","?","R","E","M","R","BOSS"],"build_version":"2019-01-23","purchased_purges":1,"victory":false,"max_hp_per_floor":[68,68,68,68,68,68,68,75,75,75,75,75,75,75,75,75,75,75,75,75,75,37,37,37,37,37,37,37,37,37,37,37,37,37,37,37,37,37,37,37,37,37,37,37,30,30,30,30,30,30],"card_choices":[{"not_picked":["Infernal Blade","Clash"],"picked":"Body Slam","floor":1.0},{"not_picked":["Warcry","Cleave","Sword Boomerang"],"picked":"SKIP","floor":3.0},{"not_picked":["Fire Breathing","Flex"],"picked":"Pummel","floor":4.0},{"not_picked":["Heavy Blade","Rupture"],"picked":"Shrug It Off","floor":7.0},{"not_picked":["Havoc","Sentinel"],"picked":"Thunderclap","floor":8.0},{"not_picked":["Inflame","Flame Barrier"],"picked":"Brutality","floor":12.0},{"not_picked":["Heavy Blade+1","Second Wind"],"picked":"Twin Strike+1","floor":14.0},{"not_picked":["Double Tap","Dark Embrace"],"picked":"Offering","floor":16.0},{"not_picked":["Thunderclap+1","Wild Strike+1","Perfected Strike+1"],"picked":"SKIP","floor":18.0},{"not_picked":["Pommel Strike+1","Havoc"],"picked":"Reckless Charge+1","floor":21.0},{"not_picked":["Wild Strike+1","Brutality"],"picked":"Iron Wave+1","floor":23.0},{"not_picked":["Barricade+1","True Grit"],"picked":"Rage","floor":25.0},{"not_picked":["Havoc","Perfected Strike+1"],"picked":"Feel No Pain+1","floor":28.0},{"not_picked":["Evolve+1","Twin Strike+1"],"picked":"Clothesline+1","floor":30.0},{"not_picked":["Cleave+1","Heavy Blade+1"],"picked":"Power Through","floor":31.0},{"not_picked":["Feed+1","Barricade+1"],"picked":"Exhume","floor":33.0},{"not_picked":["Sword Boomerang+1","Armaments"],"picked":"Shrug It Off","floor":35.0},{"not_picked":["Sever Soul+1","Fire Breathing+1"],"picked":"Warcry+1","floor":38.0},{"not_picked":["Rampage+1","Sword Boomerang+1"],"picked":"Headbutt+1","floor":39.0},{"not_picked":["Brutality+1","Havoc","Armaments"],"picked":"SKIP","floor":41.0},{"not_picked":["Ghostly Armor","True Grit","Corruption+1"],"picked":"SKIP","floor":47.0},{"not_picked":["Cleave+1","Body Slam+1","Anger+1"],"picked":"SKIP","floor":48.0}],"player_experience":615827,"relics_obtained":[{"floor":8.0,"key":"Strawberry"},{"floor":9.0,"key":"PreservedInsect"},{"floor":12.0,"key":"Molten Egg 2"},{"floor":23.0,"key":"Frozen Egg 2"},{"floor":25.0,"key":"Tiny Chest"},{"floor":26.0,"key":"Bottled Tornado"},{"floor":28.0,"key":"Paper Frog"},{"floor":29.0,"key":"Enchiridion"},{"floor":30.0,"key":"StoneCalendar"},{"floor":39.0,"key":"Du-Vu Doll"},{"floor":41.0,"key":"Torii"},{"floor":42.0,"key":"Old Coin"},{"floor":44.0,"key":"Bottled Flame"},{"floor":46.0,"key":"Boot"},{"floor":47.0,"key":"Whetstone"}],"event_choices":[{"damage_healed":0.0,"max_hp_gain":0.0,"max_hp_loss":0.0,"gold_gain":0.0,"event_name":"Shining Light","player_choice":"Entered Light","floor":5.0,"gold_loss":0.0,"damage_taken":20.0,"cards_upgraded":["Defend_R","Strike_R"]},{"cards_removed":["Defend_R"],"damage_healed":0.0,"max_hp_gain":0.0,"max_hp_loss":0.0,"gold_gain":0.0,"event_name":"Back to Basics","player_choice":"Elegance","floor":20.0,"gold_loss":0.0,"damage_taken":0.0},{"damage_healed":0.0,"max_hp_gain":0.0,"max_hp_loss":38.0,"gold_gain":0.0,"event_name":"Ghosts","player_choice":"Became a Ghost","floor":22.0,"gold_loss":0.0,"damage_taken":0.0,"cards_obtained":["Ghostly","Ghostly","Ghostly"]},{"damage_healed":0.0,"max_hp_gain":0.0,"max_hp_loss":0.0,"gold_gain":0.0,"event_name":"Cursed Tome","player_choice":"Obtained Book","floor":29.0,"gold_loss":0.0,"damage_taken":21.0},{"damage_healed":0.0,"max_hp_gain":0.0,"max_hp_loss":0.0,"gold_gain":0.0,"event_name":"Tomb of Lord Red Mask","player_choice":"Ignored","floor":36.0,"gold_loss":0.0,"damage_taken":0.0},{"damage_healed":0.0,"max_hp_gain":0.0,"max_hp_loss":0.0,"gold_gain":0.0,"event_name":"WeMeetAgain","player_choice":"Gave Potion","floor":37.0,"gold_loss":0.0,"damage_taken":0.0,"relics_obtained":["Shovel"]},{"damage_healed":0.0,"max_hp_gain":0.0,"max_hp_loss":0.0,"gold_gain":0.0,"event_name":"MindBloom","player_choice":"Fight","floor":39.0,"gold_loss":0.0,"damage_taken":0.0},{"damage_healed":30.0,"max_hp_gain":0.0,"max_hp_loss":7.0,"gold_gain":0.0,"event_name":"The Moai Head","player_choice":"Heal","floor":45.0,"gold_loss":0.0,"damage_taken":0.0}],"is_beta":false,"boss_relics":[{"not_picked":["Orrery","Runic Dome"],"picked":"Astrolabe"},{"not_picked":["Snecko Eye","Lizard Tail"],"picked":"Empty Cage"}],"items_purged_floors":[2],"is_endless":false,"potions_floor_spawned":[1,7,12,18,25,28,33,35,39,41],"killed_by":"Time Eater","ascension_level":20}