{"gold_per_floor":[117,136,156,180,130,130,130,130,130,130,146,174,193,207,207,305,305,305,305,13,13,13,13,13,13,13,13,13,13,13,13,13,13,13,13,13,13,13,13,13,13,13,13,13,13,13,13,0,0,0],"floor_reached":51,"playtime":2617,"items_purged":["Strike_G"],"score":726,"play_id":"dca8aff0-2787-4f8e-9838-8e9e4ce6c9f5","local_time":"20181119131140","is_ascension_mode":false,"campfire_choices":[{"data":"Envenom","floor":8,"key":"SMITH"},{"data":"Riddle With Holes","floor":10,"key":"SMITH"},{"data":"Cloak And Dagger","floor":15,"key":"SMITH"},{"data":"Deadly Poison","floor":23,"key":"SMITH"},{"floor":28,"key":"REST"},{"floor":32,"key":"REST"},{"data":"Neutralize","floor":40,"key":"SMITH"},{"data":"Endless Agony","floor":44,"key":"SMITH"},{"floor":49,"key":"REST"}],"neow_cost":"NONE","seed_source_timestamp":11412367365439294,"circlet_count":0,"master_deck":["Defend_G","Defend_G","Defend_G","Defend_G","Defend_G","Strike_G","Survivor","Neutralize+1","Envenom+1","Riddle With Holes+1","Endless Agony+1","Deadly Poison+1","Cloak And Dagger+1","Dagger Spray","Dash","Envenom+1","Accuracy+1","Accuracy+1","Footwork+1","Deadly Poison","Quick Slash+1","Deadly Poison","Dash+1","Corpse Explosion","Catalyst+1","Blade Dance","Noxious Fumes+1","Iron Wave","Deadly Poison","Blade Dance+1"],"relics":["Ring of the Snake","Lantern","Frozen Egg 2","Kunai","Letter Opener","Ectoplasm","PreservedInsect","Enchiridion","Snake Skull","WristBlade","Oddly Smooth Stone","Red Mask"],"potions_floor_usage":[16,16,18,33,33,38,50,50,50],"damage_taken":[{"damage":0,"enemies":"Cultist","floor":1,"turns":5},{"damage":2,"enemies":"Small Slimes","floor":2,"turns":5},{"damage":1,"enemies":"Jaw Worm","floor":3,"turns":3},{"damage":0,"enemies":"Exordium Wildlife","floor":11,"turns":2},{"damage":6,"enemies":"3 Sentries","floor":12,"turns":8},{"damage":5,"enemies":"Large Slime","floor":13,"turns":6},{"damage":0,"enemies":"3 Louse","floor":14,"turns":2},{"damage":3,"enemies":"The Guardian","floor":16,"turns":11},{"damage":6,"enemies":"Shell Parasite","floor":18,"turns":5},{"damage":8,"enemies":"Colosseum Slavers","floor":22,"turns":4},{"damage":0,"enemies":"3 Byrds","floor":24,"turns":4},{"damage":26,"enemies":"Centurion and Healer","floor":25,"turns":4},{"damage":12,"enemies":"Snake Plant","floor":29,"turns":3},{"damage":1,"enemies":"3 Cultists","floor":31,"turns":4},{"damage":7,"enemies":"Automaton","floor":33,"turns":9},{"damage":25,"enemies":"3 Darklings","floor":35,"turns":4},{"damage":0,"enemies":"3 Shapes","floor":37,"turns":4},{"damage":0,"enemies":"3 Darklings","floor":38,"turns":1},{"damage":5,"enemies":"Maw","floor":42,"turns":6},{"damage":0,"enemies":"4 Shapes","floor":45,"turns":3},{"damage":0,"enemies":"Transient","floor":46,"turns":5},{"damage":0,"enemies":"Maw","floor":47,"turns":4},{"damage":67,"enemies":"Donu and Deca","floor":50,"turns":6}],"seed_played":"-8933230494243093494","potions_obtained":[{"floor":3,"key":"Strength Potion"},{"floor":13,"key":"Energy Potion"},{"floor":14,"key":"GhostInAJar"},{"floor":25,"key":"EssenceOfSteel"},{"floor":31,"key":"Weak Potion"},{"floor":35,"key":"SteroidPotion"},{"floor":42,"key":"EssenceOfSteel"},{"floor":45,"key":"Ancient Potion"},{"floor":47,"key":"Regen Potion"}],"is_trial":false,"path_per_floor":["M","M","M","T","?","?","?","R","T","R","M","E","M","M","R","B",null,"M","?","$","?","?","R","M","M","T","$","R","M","?","M","R","B",null,"M","$","M","M","?","R","$","M","T","R","M","M","M","?","R","B",null],"character_chosen":"THE_SILENT","items_purchased":["Footwork+1","PreservedInsect"],"campfire_rested":3,"item_purchase_floors":[20,20],"current_hp_per_floor":[70,68,67,67,67,60,53,53,53,53,53,47,42,42,42,39,70,64,64,64,48,40,40,40,14,14,14,35,23,23,22,43,36,70,45,45,45,45,45,45,45,40,40,40,40,40,40,40,61,9],"gold":0,"neow_bonus":"TRANSFORM_CARD","is_prod":false,"is_daily":false,"chose_seed":false,"campfire_upgraded":6,"win_rate":0,"timestamp":1542661900,"path_taken":["M","M","M","?","?","?","?","R","T","R","?","E","M","M","R","BOSS","M","?","$","?","?","R","M","M","T","$","R","M","?","?","R","BOSS","M","$","M","M","?","R","?","M","T","R","?","M","?","?","R","BOSS"],"build_version":"2018-11-15","purchased_purges":1,"victory":true,"max_hp_per_floor":[70,70,70,70,70,70,70,70,70,70,70,70,70,70,70,70,70,70,70,70,70,70,70,70,70,70,70,70,70,70,70,70,70,70,70,70,70,70,70,70,70,70,70,70,70,70,70,70,70,70],"card_choices":[{"not_picked":["Dagger Throw","Crippling Poison"],"picked":"Riddle With Holes","floor":1},{"not_picked":["Quick Slash","Flying Knee"],"picked":"Endless Agony","floor":2},{"not_picked":["Acrobatics","Distraction"],"picked":"Deadly Poison","floor":3},{"not_picked":["Predator","Flying Knee","PiercingWail"],"picked":"SKIP","floor":11},{"not_picked":["Outmaneuver","Escape Plan"],"picked":"Cloak And Dagger","floor":12},{"not_picked":["Deflect","Backstab"],"picked":"Dagger Spray","floor":13},{"not_picked":["Finisher","Flying Knee"],"picked":"Dash","floor":14},{"not_picked":["Corpse Explosion","Storm of Steel"],"picked":"Envenom+1","floor":16},{"not_picked":["Acrobatics","Outmaneuver"],"picked":"Accuracy+1","floor":18},{"not_picked":["Outmaneuver","Backflip"],"picked":"Deadly Poison","floor":24},{"not_picked":["Outmaneuver","Calculated Gamble"],"picked":"Quick Slash+1","floor":25},{"not_picked":["Glass Knife","Slice","Crippling Poison"],"picked":"SKIP","floor":29},{"not_picked":["Prepared+1","Poisoned Stab+1"],"picked":"Dash+1","floor":31},{"not_picked":["Grand Finale","Bullet Time"],"picked":"Corpse Explosion","floor":33},{"not_picked":["Flying Knee+1","Sucker Punch"],"picked":"Catalyst+1","floor":35},{"not_picked":["Slice","Calculated Gamble+1"],"picked":"Blade Dance","floor":37},{"not_picked":["Well Laid Plans+1","All Out Attack"],"picked":"Noxious Fumes+1","floor":38},{"not_picked":["Reflex","Outmaneuver+1","PiercingWail"],"picked":"SKIP","floor":42},{"not_picked":["Dagger Spray+1","Flying Knee"],"picked":"Deadly Poison","floor":45},{"not_picked":["Slice+1","Sucker Punch"],"picked":"Blade Dance+1","floor":46},{"not_picked":["Heel Hook","Acrobatics+1","Flying Knee+1"],"picked":"SKIP","floor":47}],"player_experience":435985,"relics_obtained":[{"floor":4,"key":"Lantern"},{"floor":9,"key":"Kunai"},{"floor":12,"key":"Letter Opener"},{"floor":21,"key":"Enchiridion"},{"floor":26,"key":"Snake Skull"},{"floor":43,"key":"Oddly Smooth Stone"}],"event_choices":[{"cards_removed":["Strike_G"],"damage_healed":0,"gold_gain":0,"player_choice":"Card Removal","damage_taken":0,"max_hp_gain":0,"max_hp_loss":0,"event_name":"The Cleric","floor":5,"gold_loss":50},{"damage_healed":0,"gold_gain":0,"player_choice":"Success","damage_taken":7,"relics_obtained":["Frozen Egg 2"],"max_hp_gain":0,"max_hp_loss":0,"event_name":"Scrap Ooze","floor":6,"gold_loss":0},{"cards_removed":["Strike_G"],"damage_healed":0,"gold_gain":0,"player_choice":"Card Removal","damage_taken":7,"max_hp_gain":0,"max_hp_loss":0,"event_name":"Golden Wing","floor":7,"gold_loss":0},{"damage_healed":0,"gold_gain":0,"player_choice":"Read","damage_taken":0,"max_hp_gain":0,"max_hp_loss":0,"event_name":"The Library","floor":19,"gold_loss":0,"cards_obtained":["Accuracy"]},{"damage_healed":0,"gold_gain":0,"player_choice":"Obtained Book","damage_taken":16,"max_hp_gain":0,"max_hp_loss":0,"event_name":"Cursed Tome","floor":21,"gold_loss":0},{"damage_healed":0,"gold_gain":0,"player_choice":"Fight","damage_taken":0,"max_hp_gain":0,"max_hp_loss":0,"event_name":"Colosseum","floor":22,"gold_loss":0},{"damage_healed":0,"gold_gain":0,"player_choice":"Fled From Nobs","damage_taken":0,"max_hp_gain":0,"max_hp_loss":0,"event_name":"Colosseum","floor":22,"gold_loss":0},{"damage_healed":0,"gold_gain":0,"player_choice":"2 cards matched","damage_taken":0,"max_hp_gain":0,"max_hp_loss":0,"event_name":"Match and Keep!","floor":30,"gold_loss":0,"cards_obtained":["Deadly Poison","Predator"]},{"cards_removed":["Predator"],"damage_healed":0,"gold_gain":0,"player_choice":"Took Card","damage_taken":0,"max_hp_gain":0,"max_hp_loss":0,"event_name":"NoteForYourself","floor":39,"gold_loss":0,"cards_obtained":["Iron Wave"]},{"damage_healed":0,"gold_gain":0,"player_choice":"Paid","damage_taken":0,"relics_obtained":["Red Mask"],"max_hp_gain":0,"max_hp_loss":0,"event_name":"Tomb of Lord Red Mask","floor":48,"gold_loss":13}],"is_beta":false,"boss_relics":[{"not_picked":["Calling Bell","Velvet Choker"],"picked":"Ectoplasm"},{"not_picked":["Philosopher\u0027s Stone","White Beast Statue"],"picked":"WristBlade"}],"items_purged_floors":[20],"is_endless":false,"potions_floor_spawned":[3,13,14,22,25,31,35,42,45,47],"ascension_level":0}