{"path_per_floor":["M","M","M","M","$","E","$","E","T","M","E","?","M","M","R","B",null,"M","M","?","M","$","R","E","$","T","M","R","E","R","M","R","B",null,"M","M","?","$","M","R","M","?","T","E","$","E","M","E","R","B"],"character_chosen":"IRONCLAD","items_purchased":["Pen Nib","Reckless Charge","Shrug It Off","Inflame","Berserk","Metallicize","Shrug It Off","Vajra","Feel No Pain","Anchor"],"gold_per_floor":[409,429,439,451,209,240,160,192,192,207,239,239,259,275,275,348,348,358,348,348,368,146,146,181,97,145,157,157,188,188,202,202,276,276,288,308,308,88,100,100,118,118,118,146,2,30,49,79,79,79],"floor_reached":51,"campfire_rested":3,"playtime":3403,"current_hp_per_floor":[69,72,72,62,62,23,23,21,21,27,25,25,25,26,26,16,58,61,45,45,34,34,34,18,18,18,28,49,24,24,24,45,28,61,67,72,72,72,72,72,64,64,64,37,37,45,47,22,58,39],"items_purged":["Strike_R"],"gold":79,"score":1311,"play_id":"aa64ba5c-6adc-4144-a9d8-c952bd8530d4","local_time":"20180505175436","is_prod":false,"is_daily":false,"chose_seed":false,"is_ascension_mode":true,"campfire_upgraded":4,"timestamp":1525535676,"path_taken":["M","M","M","M","$","E","$","E","T","M","E","?","M","M","R","BOSS","M","?","?","M","$","R","E","?","T","?","R","E","R","M","R","BOSS","M","M","?","$","M","R","M","?","T","E","?","E","M","E","R","BOSS"],"build_version":"2018-05-03","seed_source_timestamp":520961778840473,"purchased_purges":1,"victory":true,"master_deck":["Strike_R","Strike_R","Strike_R","Defend_R","Defend_R","Defend_R","Defend_R","Bash","AscendersBane","Cleave","Pommel Strike","Ghostly Armor","Reckless Charge","Shrug It Off","True Grit","Inflame+1","Iron Wave","Sword Boomerang","Anger","Berserk+1","Disarm","Limit Break+1","Offering","True Grit+1","Berserk","Impervious","Metallicize","Shrug It Off","Evolve+1","Impervious","Shrug It Off+1","Headbutt","Feel No Pain","Metallicize","Rampage+1","Ghostly Armor"],"max_hp_per_floor":[72,72,72,72,72,72,72,72,72,72,72,72,72,72,72,72,72,72,72,72,72,72,72,72,72,72,72,72,72,72,72,72,72,72,72,72,72,72,72,72,72,72,72,72,72,72,72,72,72,72],"relics":["Burning Blood","Old Coin","Pen Nib","Bird Faced Urn","Mercury Hourglass","Centennial Puzzle","Kunai","Runic Cube","Bag of Preparation","Bag of Marbles","Gremlin Horn","Mark of Pain","Vajra","Thread and Needle","Turnip","Anchor","Regal Pillow","Shovel"],"card_choices":[{"not_picked":["Twin Strike","Clash"],"picked":"Cleave","floor":1},{"not_picked":["Body Slam","Wild Strike"],"picked":"Pommel Strike","floor":2},{"not_picked":["Warcry","Bloodletting"],"picked":"Ghostly Armor","floor":3},{"not_picked":["Berserk","Dual Wield"],"picked":"Twin Strike","floor":4},{"not_picked":["Body Slam","Clash"],"picked":"True Grit","floor":6},{"not_picked":["Thunderclap","Warcry"],"picked":"Iron Wave","floor":8},{"not_picked":["Cleave","Corruption"],"picked":"Sword Boomerang","floor":10},{"not_picked":["Body Slam","Cleave"],"picked":"Anger","floor":11},{"not_picked":["Sentinel","Feel No Pain"],"picked":"Disarm","floor":14},{"not_picked":["Feed","Reaper"],"picked":"Limit Break","floor":16},{"not_picked":["Anger","Clash"],"picked":"True Grit","floor":21},{"not_picked":["Second Wind","Wild Strike"],"picked":"Impervious","floor":24},{"not_picked":["Cleave","Heavy Blade"],"picked":"Evolve","floor":31},{"not_picked":["Bludgeon","Berserk"],"picked":"Impervious","floor":33},{"not_picked":["Uppercut","Twin Strike"],"picked":"Shrug It Off","floor":35},{"not_picked":["Twin Strike","Iron Wave"],"picked":"Headbutt","floor":36},{"not_picked":["Immolate","Havoc"],"picked":"Metallicize","floor":44},{"not_picked":["Dropkick","Seeing Red"],"picked":"Rampage","floor":46},{"not_picked":["Fire Breathing","Clash"],"picked":"Ghostly Armor","floor":48}],"player_experience":516679,"potions_floor_usage":[8,11,16,16,29,33,50,50,50],"damage_taken":[{"damage":9,"enemies":"Jaw Worm","floor":1,"turns":4},{"damage":1,"enemies":"Cultist","floor":2,"turns":4},{"damage":3,"enemies":"2 Louse","floor":3,"turns":2},{"damage":16,"enemies":"Lots of Slimes","floor":4,"turns":4},{"damage":45,"enemies":"Lagavulin","floor":6,"turns":8},{"damage":10,"enemies":"Gremlin Nob","floor":8,"turns":3},{"damage":0,"enemies":"3 Louse","floor":10,"turns":2},{"damage":10,"enemies":"Lagavulin","floor":11,"turns":7},{"damage":8,"enemies":"Large Slime","floor":13,"turns":3},{"damage":7,"enemies":"Exordium Thugs","floor":14,"turns":4},{"damage":20,"enemies":"The Guardian","floor":16,"turns":10},{"damage":7,"enemies":"3 Byrds","floor":18,"turns":4},{"damage":26,"enemies":"2 Thieves","floor":19,"turns":4},{"damage":21,"enemies":"Centurion and Healer","floor":21,"turns":6},{"damage":28,"enemies":"Book of Stabbing","floor":24,"turns":6},{"damage":4,"enemies":"3 Cultists","floor":27,"turns":5},{"damage":39,"enemies":"Slavers","floor":29,"turns":4},{"damage":14,"enemies":"Snake Plant","floor":31,"turns":5},{"damage":33,"enemies":"Champ","floor":33,"turns":8},{"damage":6,"enemies":"3 Shapes","floor":35,"turns":1},{"damage":4,"enemies":"Flame Bruiser 1 Orb","floor":36,"turns":6},{"damage":4,"enemies":"3 Darklings","floor":39,"turns":5},{"damage":22,"enemies":"4 Shapes","floor":41,"turns":5},{"damage":45,"enemies":"Giant Head","floor":44,"turns":9},{"damage":8,"enemies":"Nemesis","floor":46,"turns":7},{"damage":16,"enemies":"Maw","floor":47,"turns":9},{"damage":45,"enemies":"2 Orb Walkers","floor":48,"turns":6},{"damage":39,"enemies":"Time Eater","floor":50,"turns":9}],"event_choices":[{"event_name":"Transmorgrifier","player_choice":"Transform","floor":12,"damage_taken":0},{"event_name":"The Library","player_choice":"Read","floor":20,"damage_taken":0},{"event_name":"SensoryStone","player_choice":"Memory 1","floor":37,"damage_taken":0}],"boss_relics":[{"not_picked":["Tiny House","Astrolabe"],"picked":"Runic Cube"},{"not_picked":["Orrery","Black Star"],"picked":"Mark of Pain"}],"potions_floor_spawned":[2,3,10,13,14,16,19,24,29,33,36,39,46,48],"seed_played":"6024462500101307386","ascension_level":13,"is_trial":false}