{"gold_per_floor":[119,294,97,114,40,40,104,121,148,148,163,183,207,230,230,351,351,334,365,465,481,184,184,223,223,223,238,259,280,117,97,97,223,223,237,6,64,64,77,77,108,133,187,187,40,40,59,59,59,59,59,59,7,42,42],"floor_reached":55,"playtime":5717,"items_purged":["Doubt","Injury","Defend_B","Defend_B"],"score":963,"play_id":"b46ce586-e039-45bb-8615-eaf888af7231","local_time":"20181111152736","is_ascension_mode":true,"campfire_choices":[{"data":"Zap","floor":6,"key":"SMITH"},{"floor":15,"key":"REST"},{"floor":23,"key":"REST"},{"floor":25,"key":"REST"},{"floor":32,"key":"REST"},{"floor":40,"key":"RECALL"},{"data":"Recycle","floor":46,"key":"SMITH"},{"data":"Buffer","floor":49,"key":"SMITH"},{"data":"Buffer","floor":52,"key":"SMITH"}],"neow_cost":"CURSE","seed_source_timestamp":2697845657997858,"circlet_count":0,"master_deck":["Strike_B","Strike_B","Defend_B","Zap+1","Dualcast","Storm","Coolheaded","Auto Shields","Capacitor","Cold Snap","Cold Snap","Heatsinks","Conserve Battery","Hologram","Cold Snap","Static Discharge","Echo Form","Creative AI","Blizzard+1","Heatsinks","Capacitor","Storm","Buffer+1","Coolheaded+1","Recycle+1","Static Discharge","Buffer+1","Redo+1","Self Repair","Storm","Turbo+1","Cold Snap+1","Amplify","Heatsinks","White Noise","Lockon+1"],"relics":["Cracked Core","Orichalcum","Strawberry","Golden Idol","DataDisk","Nuclear Battery","Red Mask","Blood Vial","Happy Flower","Coffee Dripper","Du-Vu Doll","Letter Opener","Oddly Smooth Stone","Dodecahedron","Bag of Preparation"],"potions_floor_usage":[11,11,19,19,24,29,33,33,54,55,55],"damage_taken":[{"damage":0,"enemies":"2 Louse","floor":1,"turns":4},{"damage":0,"enemies":"Jaw Worm","floor":4,"turns":5},{"damage":17,"enemies":"Gremlin Nob","floor":7,"turns":4},{"damage":1,"enemies":"Small Slimes","floor":8,"turns":4},{"damage":3,"enemies":"Looter","floor":11,"turns":4},{"damage":3,"enemies":"Red Slaver","floor":12,"turns":5},{"damage":9,"enemies":"Exordium Wildlife","floor":13,"turns":5},{"damage":21,"enemies":"Slime Boss","floor":16,"turns":13},{"damage":10,"enemies":"2 Thieves","floor":18,"turns":4},{"damage":41,"enemies":"Masked Bandits","floor":19,"turns":4},{"damage":4,"enemies":"Spheric Guardian","floor":21,"turns":4},{"damage":37,"enemies":"Gremlin Leader","floor":24,"turns":9},{"damage":19,"enemies":"Snake Plant","floor":27,"turns":4},{"damage":5,"enemies":"Sentry and Sphere","floor":28,"turns":4},{"damage":0,"enemies":"Centurion and Healer","floor":29,"turns":5},{"damage":16,"enemies":"Collector","floor":33,"turns":7},{"damage":9,"enemies":"3 Darklings","floor":35,"turns":5},{"damage":14,"enemies":"2 Orb Walkers","floor":37,"turns":3},{"damage":6,"enemies":"3 Shapes","floor":39,"turns":2},{"damage":38,"enemies":"Reptomancer","floor":41,"turns":7},{"damage":0,"enemies":"Maw","floor":42,"turns":4},{"damage":0,"enemies":"Spire Growth","floor":47,"turns":3},{"damage":17,"enemies":"Awakened One","floor":50,"turns":7},{"damage":0,"enemies":"Shield and Spear","floor":54,"turns":5},{"damage":96,"enemies":"The Heart","floor":55,"turns":3}],"seed_played":"-4704507575594948879","potions_obtained":[{"floor":1,"key":"LiquidBronze"},{"floor":7,"key":"FearPotion"},{"floor":8,"key":"Regen Potion"},{"floor":13,"key":"Swift Potion"},{"floor":18,"key":"Energy Potion"},{"floor":21,"key":"Strength Potion"},{"floor":27,"key":"Poison Potion"},{"floor":28,"key":"Weak Potion"},{"floor":31,"key":"Energy Potion"},{"floor":39,"key":"Dexterity Potion"},{"floor":42,"key":"SpeedPotion"}],"is_trial":false,"path_per_floor":["M","?","$","M","$","R","?","M","T","?","M","M","M","T","R","B",null,"M","?","?","M","$","R","E","R","T","M","M","M","$","?","R","B",null,"M","$","?","?","M","R","E","M","T","T","$","R","M","?","R","B",null,"R","$","E","B"],"character_chosen":"DEFECT","items_purchased":["Capacitor","Cold Snap","Heatsinks","Blood Vial","Capacitor","Static Discharge","Self Repair","Heatsinks","White Noise","PowerPotion"],"campfire_rested":4,"item_purchase_floors":[3,3,5,22,22,30,36,45,45,53],"current_hp_per_floor":[75,75,75,75,75,75,58,57,64,44,53,50,41,41,65,44,73,63,22,22,18,18,42,7,31,31,14,11,13,13,13,37,23,67,60,60,48,48,51,51,22,31,31,31,31,31,47,47,47,39,71,71,71,82,0],"gold":42,"neow_bonus":"TRANSFORM_TWO_CARDS","is_prod":false,"is_daily":false,"chose_seed":false,"campfire_upgraded":4,"win_rate":0,"timestamp":1541946456,"path_taken":["M","?","$","M","$","R","?","M","T","?","M","M","?","?","R","BOSS","M","?","?","?","$","R","E","R","T","M","M","M","$","?","R","BOSS","M","$","?","?","M","R","E","?","T","?","$","R","M","?","R","BOSS","R","$","E","BOSS"],"build_version":"2018-11-08","purchased_purges":4,"victory":false,"max_hp_per_floor":[75,75,75,75,75,75,75,75,82,82,82,82,82,82,82,82,82,82,82,82,82,82,82,82,82,82,82,82,82,82,82,82,82,82,82,82,82,82,82,82,82,82,82,82,82,82,82,82,82,82,82,82,82,82,82],"card_choices":[{"not_picked":["Beam Cell","Scrape"],"picked":"Auto Shields","floor":1},{"not_picked":["Sweeping Beam","Melter"],"picked":"Cold Snap","floor":4},{"not_picked":["Chaos","Barrage"],"picked":"Conserve Battery","floor":7},{"not_picked":["Fusion","Reinforced Body"],"picked":"Hologram","floor":8},{"not_picked":["FTL","Redo"],"picked":"Cold Snap","floor":11},{"not_picked":["Gash","Sunder"],"picked":"Static Discharge","floor":12},{"not_picked":["Beam Cell","Coolheaded"],"picked":"Echo Form","floor":13},{"not_picked":["All For One","Meteor Strike"],"picked":"Creative AI","floor":16},{"not_picked":["Melter+1","Rebound"],"picked":"Blizzard+1","floor":18},{"not_picked":["Cold Snap","Reprogram"],"picked":"Heatsinks","floor":19},{"not_picked":["Sweeping Beam","Hologram","Ball Lightning"],"picked":"SKIP","floor":21},{"not_picked":["Blizzard","Turbo"],"picked":"Storm","floor":24},{"not_picked":["Reprogram","Steam"],"picked":"Buffer","floor":27},{"not_picked":["Stack","Sweeping Beam"],"picked":"Coolheaded+1","floor":28},{"not_picked":["Stack","Auto Shields"],"picked":"Recycle","floor":29},{"not_picked":["Echo Form","Amplify"],"picked":"Buffer","floor":33},{"not_picked":["Coolheaded","Barrage"],"picked":"Redo+1","floor":35},{"not_picked":["Ball Lightning","Go for the Eyes"],"picked":"Storm","floor":37},{"not_picked":["Go for the Eyes","FTL"],"picked":"Turbo+1","floor":39},{"not_picked":["Coolheaded","Scrape"],"picked":"Cold Snap+1","floor":41},{"not_picked":["Fusion","FTL"],"picked":"Amplify","floor":42},{"not_picked":["Doom and Gloom+1","Undo+1"],"picked":"Beam Cell+1","floor":47},{"not_picked":["Go for the Eyes","Stack+1"],"picked":"Lockon+1","floor":54}],"player_experience":315895,"relics_obtained":[{"floor":7,"key":"Orichalcum"},{"floor":9,"key":"Strawberry"},{"floor":14,"key":"DataDisk"},{"floor":19,"key":"Red Mask"},{"floor":24,"key":"Happy Flower"},{"floor":37,"key":"Du-Vu Doll"},{"floor":41,"key":"Letter Opener"},{"floor":43,"key":"Oddly Smooth Stone"},{"floor":44,"key":"Dodecahedron"},{"floor":54,"key":"Bag of Preparation"}],"event_choices":[{"damage_healed":0,"gold_gain":175,"player_choice":"AGREE","damage_taken":0,"max_hp_gain":0,"max_hp_loss":0,"event_name":"Liars Game","floor":2,"gold_loss":0,"cards_obtained":["Doubt"]},{"damage_healed":0,"gold_gain":0,"player_choice":"Searched \u00272\u0027 times","damage_taken":0,"max_hp_gain":0,"max_hp_loss":0,"event_name":"Dead Adventurer","floor":7,"gold_loss":0},{"damage_healed":0,"gold_gain":0,"player_choice":"Take Damage","damage_taken":20,"relics_obtained":["Golden Idol"],"max_hp_gain":0,"max_hp_loss":0,"event_name":"Golden Idol","floor":10,"gold_loss":0},{"damage_healed":0,"gold_gain":0,"player_choice":"Fought Bandits","damage_taken":0,"max_hp_gain":0,"max_hp_loss":0,"event_name":"Masked Bandits","floor":19,"gold_loss":0},{"damage_healed":0,"gold_gain":100,"player_choice":"Pray","damage_taken":0,"max_hp_gain":0,"max_hp_loss":0,"event_name":"Golden Shrine","floor":20,"gold_loss":0},{"damage_healed":0,"gold_gain":0,"player_choice":"Bought 1 Potion","damage_taken":0,"max_hp_gain":0,"max_hp_loss":0,"event_name":"The Woman in Blue","floor":31,"gold_loss":0},{"damage_healed":0,"gold_gain":0,"player_choice":"Fight","damage_taken":0,"max_hp_gain":0,"max_hp_loss":0,"event_name":"Mysterious Sphere","floor":37,"gold_loss":0},{"cards_removed":["Defend_B"],"damage_healed":0,"gold_gain":0,"player_choice":"Purged","damage_taken":0,"max_hp_gain":0,"max_hp_loss":0,"event_name":"Purifier","floor":38,"gold_loss":0},{"cards_removed":["Beam Cell"],"damage_healed":0,"gold_gain":0,"player_choice":"Removed Attack","damage_taken":0,"max_hp_gain":0,"max_hp_loss":0,"event_name":"Falling","floor":48,"gold_loss":0}],"is_beta":true,"boss_relics":[{"not_picked":["Runic Dome","Inserter"],"picked":"Nuclear Battery"},{"not_picked":["Cursed Key","Lizard Tail"],"picked":"Coffee Dripper"}],"items_purged_floors":[3,22,30,36],"is_endless":false,"potions_floor_spawned":[1,7,8,13,18,21,27,28,39,42],"killed_by":"The Heart","ascension_level":5}