{"gold_per_floor":[109,126,24,35,65,95,95,123,150,150,161,161],"floor_reached":12,"playtime":457,"items_purged":[],"score":154,"play_id":"0b3d7868-695f-49a7-b5a4-13e8cd1397ac","local_time":"20190114214113","is_ascension_mode":true,"campfire_choices":[{"data":"Zap","floor":7,"key":"SMITH"},{"data":"Beam Cell","floor":10,"key":"SMITH"}],"neow_cost":"NONE","seed_source_timestamp":364943265276600,"circlet_count":0,"master_deck":["AscendersBane","Strike_B","Strike_B","Strike_B","Strike_B","Defend_B","Defend_B","Defend_B","Defend_B","Zap+1","Dualcast","Reinforced Body","Gash","Ball Lightning","FTL","Beam Cell+1","Seek","Rebound","Cold Snap"],"relics":["Cracked Core","PreservedInsect","Tiny Chest","Vajra","Ornamental Fan","Bag of Marbles"],"potions_floor_usage":[12,12],"damage_taken":[{"damage":2,"enemies":"2 Louse","floor":1,"turns":2},{"damage":4,"enemies":"Small Slimes","floor":2,"turns":5},{"damage":0,"enemies":"Cultist","floor":4,"turns":2},{"damage":20,"enemies":"3 Sentries","floor":6,"turns":6},{"damage":10,"enemies":"Lagavulin","floor":8,"turns":4},{"damage":7,"enemies":"Looter","floor":11,"turns":2},{"damage":5,"enemies":"Blue Slaver","floor":12,"turns":1}],"seed_played":"-3044101910014391306","potions_obtained":[{"floor":6,"key":"Poison Potion"},{"floor":11,"key":"FocusPotion"}],"is_trial":false,"path_per_floor":["M","M","$","M","?","E","R","E","T","R","M","M"],"character_chosen":"DEFECT","items_purchased":["Ball Lightning","FTL"],"campfire_rested":0,"item_purchase_floors":[3,3],"current_hp_per_floor":[62,58,58,58,40,20,20,10,10,10,3,0],"gold":161,"neow_bonus":"RANDOM_COMMON_RELIC","is_prod":false,"is_daily":false,"chose_seed":false,"campfire_upgraded":2,"win_rate":0,"timestamp":1547530873,"path_taken":["M","M","$","M","?","E","R","E","T","R","M","M"],"build_version":"2019-01-10","purchased_purges":0,"victory":false,"max_hp_per_floor":[71,71,71,71,71,71,71,71,71,71,71,71],"card_choices":[{"not_picked":["Cold Snap","Beam Cell"],"picked":"Reinforced Body","floor":1},{"not_picked":["Hologram","Scrape"],"picked":"Gash","floor":2},{"not_picked":["Compile Driver","Heatsinks"],"picked":"Beam Cell","floor":4},{"not_picked":["Hologram","Undo"],"picked":"Seek","floor":6},{"not_picked":["Rip and Tear","Sweeping Beam"],"picked":"Rebound","floor":8},{"not_picked":["Melter","Turbo"],"picked":"Cold Snap","floor":11}],"player_experience":475032,"relics_obtained":[{"floor":6,"key":"Vajra"},{"floor":8,"key":"Ornamental Fan"},{"floor":9,"key":"Bag of Marbles"}],"event_choices":[{"damage_healed":0,"gold_gain":0,"player_choice":"Success","damage_taken":18,"relics_obtained":["Tiny Chest"],"max_hp_gain":0,"max_hp_loss":0,"event_name":"Scrap Ooze","floor":5,"gold_loss":0}],"is_beta":false,"boss_relics":[],"items_purged_floors":[],"is_endless":false,"potions_floor_spawned":[6,11],"killed_by":"Blue Slaver","ascension_level":15}