{"gold_per_floor":[115,127,127,127,127,127,165,177,189,217,8,8,27,27,27,27],"floor_reached":16,"playtime":292,"items_purged":[],"score":228,"play_id":"685b9ad3-9221-49d9-8e2e-076253a27905","local_time":"20190116121955","is_ascension_mode":true,"campfire_choices":[{"data":"Streamline","floor":6,"key":"SMITH"},{"data":"Self Repair","floor":8,"key":"SMITH"},{"data":"Biased Cognition","floor":15,"key":"SMITH"}],"neow_cost":"NONE","seed_source_timestamp":504229250753000,"circlet_count":0,"master_deck":["AscendersBane","Strike_B","Strike_B","Defend_B","Defend_B","Defend_B","Defend_B","Zap","Dualcast","Streamline+1","Coolheaded","Self Repair+1","Biased Cognition+1","White Noise","Ball Lightning"],"relics":["Cracked Core","NeowsBlessing","Golden Idol","Mummified Hand","MawBank","Pear","Tiny Chest","Juzu Bracelet"],"potions_floor_usage":[10,16,16],"damage_taken":[{"damage":0,"enemies":"Jaw Worm","floor":1,"turns":1},{"damage":0,"enemies":"2 Louse","floor":2,"turns":1},{"damage":0,"enemies":"Lagavulin","floor":7,"turns":1},{"damage":13,"enemies":"Small Slimes","floor":10,"turns":3},{"damage":12,"enemies":"Exordium Wildlife","floor":13,"turns":3},{"damage":31,"enemies":"Slime Boss","floor":16,"turns":4}],"seed_played":"-4085235870017048618","potions_obtained":[{"floor":1,"key":"FocusPotion"},{"floor":2,"key":"Regen Potion"},{"floor":10,"key":"Strength Potion"}],"is_trial":false,"path_per_floor":["M","M","?","?","?","R","E","R","T","M","$","?","M","?","R","B"],"character_chosen":"DEFECT","items_purchased":["Tiny Chest","White Noise"],"campfire_rested":0,"item_purchase_floors":[11,11],"current_hp_per_floor":[64,64,57,33,7,7,7,7,17,23,23,23,21,21,21,0],"gold":27,"neow_bonus":"THREE_ENEMY_KILL","is_prod":false,"is_daily":false,"chose_seed":false,"campfire_upgraded":3,"win_rate":0,"timestamp":1547669995,"path_taken":["M","M","?","?","?","R","E","R","T","?","?","?","M","?","R","BOSS"],"build_version":"2019-01-10","purchased_purges":0,"victory":false,"max_hp_per_floor":[71,71,71,71,71,71,71,71,81,81,81,81,81,81,81,81],"card_choices":[{"not_picked":["Double Energy","Compile Driver"],"picked":"Streamline","floor":1},{"not_picked":["Leap","Cold Snap"],"picked":"Coolheaded","floor":2},{"not_picked":["Beam Cell","Scrape"],"picked":"Self Repair","floor":7},{"not_picked":["Leap","Redo"],"picked":"Biased Cognition","floor":10},{"not_picked":["Compile Driver","Cold Snap"],"picked":"Ball Lightning","floor":13}],"player_experience":501342,"relics_obtained":[{"floor":7,"key":"MawBank"},{"floor":9,"key":"Pear"}],"event_choices":[{"cards_removed":["Strike_B"],"damage_healed":0,"gold_gain":0,"player_choice":"Card Removal","damage_taken":7,"max_hp_gain":0,"max_hp_loss":0,"event_name":"Golden Wing","floor":3,"gold_loss":0},{"damage_healed":0,"gold_gain":0,"player_choice":"Take Damage","damage_taken":24,"relics_obtained":["Golden Idol"],"max_hp_gain":0,"max_hp_loss":0,"event_name":"Golden Idol","floor":4,"gold_loss":0},{"damage_healed":0,"gold_gain":0,"player_choice":"Success","damage_taken":26,"relics_obtained":["Mummified Hand"],"max_hp_gain":0,"max_hp_loss":0,"event_name":"Scrap Ooze","floor":5,"gold_loss":0},{"damage_healed":0,"gold_gain":0,"player_choice":"Searched \u00271\u0027 times","damage_taken":0,"relics_obtained":["Juzu Bracelet"],"max_hp_gain":0,"max_hp_loss":0,"event_name":"Dead Adventurer","floor":12,"gold_loss":0},{"cards_removed":["Strike_B"],"damage_healed":0,"gold_gain":0,"player_choice":"Purged","damage_taken":0,"max_hp_gain":0,"max_hp_loss":0,"event_name":"Purifier","floor":14,"gold_loss":0}],"is_beta":false,"boss_relics":[],"items_purged_floors":[],"is_endless":false,"potions_floor_spawned":[1,2,10],"killed_by":"Slime Boss","ascension_level":17}