{"gold_per_floor":[215,229,246,246,265,295,93,122,145,159,159,129,129,141,141,220,220,220,220,69,69,69,69,69,69,69,69,69,69,69,69,69,69,69,69,69,69,0,0,0,0,0,0,0,0,0,0,0,0,0],"floor_reached":50,"playtime":2657,"items_purged":[],"score":1108,"play_id":"c511008e-573f-465f-8714-12972956a529","local_time":"20180703221602","is_ascension_mode":true,"campfire_choices":[{"floor":11,"key":"REST"},{"data":"Caltrops","floor":13,"key":"SMITH"},{"data":"Neutralize","floor":15,"key":"SMITH"},{"floor":24,"key":"REST"},{"floor":27,"key":"REST"},{"floor":30,"key":"REST"},{"data":"A Thousand Cuts","floor":32,"key":"SMITH"},{"floor":41,"key":"REST"},{"floor":49,"key":"REST"}],"neow_cost":"NONE","seed_source_timestamp":1383143994475942,"circlet_count":0,"master_deck":["Defend_G","Defend_G","Defend_G","Defend_G","Defend_G","Strike_G","Strike_G","Strike_G","Strike_G","Strike_G","Survivor","Neutralize+1","AscendersBane","Dagger Spray","Quick Slash","Dagger Throw","Caltrops+1","Die Die Die","Infinite Blades","Predator","A Thousand Cuts+1","PiercingWail+1","Footwork","Wraith Form v2","Finisher","PiercingWail","Glass Knife","Riddle With Holes+1","Predator","Dash","PiercingWail","Acrobatics","Dodge and Roll","Bullet Time","Noxious Fumes+1"],"relics":["Ring of the Snake","Vajra","Regal Pillow","Happy Flower","Strawberry","Ectoplasm","Tiny Chest","Blood Vial","Matryoshka","Oddly Smooth Stone","Pen Nib","Shuriken","Orrery","Red Mask","Lantern","Thread and Needle","Bag of Preparation","Orichalcum","Bronze Scales"],"potions_floor_usage":[6,6,8,14,16,23,23,29,40,44,44,50,50,50,50],"damage_taken":[{"damage":1,"enemies":"2 Louse","floor":1,"turns":4},{"damage":4,"enemies":"Small Slimes","floor":2,"turns":3},{"damage":0,"enemies":"Cultist","floor":3,"turns":4},{"damage":6,"enemies":"3 Louse","floor":5,"turns":5},{"damage":21,"enemies":"Gremlin Nob","floor":6,"turns":4},{"damage":0,"enemies":"3 Sentries","floor":8,"turns":1},{"damage":14,"enemies":"Lots of Slimes","floor":10,"turns":2},{"damage":0,"enemies":"Large Slime","floor":14,"turns":5},{"damage":17,"enemies":"The Guardian","floor":16,"turns":13},{"damage":12,"enemies":"Chosen","floor":18,"turns":5},{"damage":3,"enemies":"3 Byrds","floor":19,"turns":3},{"damage":5,"enemies":"Gremlin Leader","floor":23,"turns":6},{"damage":55,"enemies":"Slavers","floor":25,"turns":6},{"damage":35,"enemies":"Gremlin Leader","floor":29,"turns":5},{"damage":56,"enemies":"Collector","floor":33,"turns":10},{"damage":0,"enemies":"3 Shapes","floor":35,"turns":3},{"damage":2,"enemies":"Orb Walker","floor":37,"turns":4},{"damage":35,"enemies":"2 Orb Walkers","floor":40,"turns":5},{"damage":39,"enemies":"Nemesis","floor":42,"turns":9},{"damage":13,"enemies":"2 Orb Walkers","floor":44,"turns":6},{"damage":0,"enemies":"4 Shapes","floor":47,"turns":5},{"damage":9,"enemies":"Maw","floor":48,"turns":7},{"damage":66,"enemies":"Time Eater","floor":50,"turns":10}],"seed_played":"2943967418365893883","potions_obtained":[{"floor":3,"key":"Ancient Potion"},{"floor":5,"key":"PowerPotion"},{"floor":10,"key":"LiquidBronze"},{"floor":12,"key":"Fruit Juice"},{"floor":14,"key":"SkillPotion"},{"floor":16,"key":"Poison Potion"},{"floor":25,"key":"Strength Potion"},{"floor":33,"key":"SpeedPotion"},{"floor":37,"key":"GhostInAJar"},{"floor":42,"key":"GamblersBrew"},{"floor":44,"key":"SneckoOil"},{"floor":45,"key":"EntropicBrew"},{"floor":45,"key":"EntropicBrew"},{"floor":48,"key":"EssenceOfSteel"}],"is_trial":false,"path_per_floor":["M","M","M","?","M","E","$","E","T","M","R","?","R","M","R","B",null,"M","M","$","?","?","E","R","E","T","R","T","E","R","?","R","B",null,"M","?","M","?","$","E","R","E","T","E","?","$","M","M","R"],"character_chosen":"THE_SILENT","items_purchased":["Regal Pillow","SteroidPotion","Footwork","GhostInAJar"],"campfire_rested":6,"item_purchase_floors":[7,7,20,20],"current_hp_per_floor":[58,54,54,54,48,27,27,27,34,20,56,56,56,61,61,44,70,58,55,55,55,33,28,67,12,12,51,51,18,57,57,57,3,63,65,65,65,65,65,32,71,34,34,23,23,23,25,18,57,0],"gold":0,"neow_bonus":"HUNDRED_GOLD","is_prod":false,"is_daily":false,"chose_seed":false,"campfire_upgraded":3,"win_rate":0,"timestamp":1530648962,"path_taken":["M","M","M","?","?","E","$","E","T","M","R","?","R","M","R","BOSS","M","M","$","?","?","E","R","E","T","R","?","E","R","?","R","BOSS","M","?","?","?","$","E","R","E","T","E","?","?","M","M","R","BOSS"],"build_version":"2018-06-28","purchased_purges":0,"victory":false,"max_hp_per_floor":[66,66,66,66,66,66,66,66,73,73,73,73,73,78,78,78,78,78,78,78,78,83,83,83,83,83,83,83,83,83,83,83,83,83,83,83,83,83,83,83,83,83,83,83,83,83,83,83,83,83],"card_choices":[{"not_picked":["Deadly Poison","Dagger Throw"],"picked":"Dagger Spray","floor":1},{"not_picked":["Underhanded Strike","Deflect"],"picked":"Quick Slash","floor":2},{"not_picked":["Bane","Setup"],"picked":"Dagger Throw","floor":3},{"not_picked":["Blur","Flying Knee"],"picked":"Caltrops","floor":5},{"not_picked":["Dodge and Roll","Outmaneuver"],"picked":"Die Die Die","floor":6},{"not_picked":["Slice","Bane","Quick Slash"],"picked":"SKIP","floor":8},{"not_picked":["Outmaneuver","Deflect"],"picked":"Infinite Blades","floor":10},{"not_picked":["Tools of the Trade","Deflect"],"picked":"Predator","floor":14},{"not_picked":["Grand Finale","Burst"],"picked":"A Thousand Cuts","floor":16},{"not_picked":["All Out Attack","Underhanded Strike"],"picked":"PiercingWail+1","floor":18},{"not_picked":["Outmaneuver","Flying Knee","Bane"],"picked":"SKIP","floor":19},{"not_picked":["Dagger Throw","Dodge and Roll"],"picked":"Wraith Form v2","floor":23},{"not_picked":["Dagger Throw","Flying Knee"],"picked":"Finisher","floor":25},{"not_picked":["Bane","Flying Knee"],"picked":"PiercingWail","floor":29},{"not_picked":["Storm of Steel","Corpse Explosion"],"picked":"Glass Knife","floor":33},{"not_picked":["Calculated Gamble","Infinite Blades"],"picked":"Riddle With Holes+1","floor":34},{"not_picked":["Flying Knee","All Out Attack"],"picked":"Predator","floor":34},{"not_picked":["Distraction","Acrobatics"],"picked":"Dash","floor":34},{"not_picked":["Dagger Spray+1","Sucker Punch+1"],"picked":"PiercingWail","floor":35},{"not_picked":["Eviscerate","Dagger Throw+1"],"picked":"Acrobatics","floor":37},{"not_picked":["Flying Knee+1","Bane"],"picked":"Dodge and Roll","floor":40},{"not_picked":["Masterful Stab","Poisoned Stab"],"picked":"Bullet Time","floor":42},{"not_picked":["Choke+1","Deflect"],"picked":"Noxious Fumes+1","floor":44},{"not_picked":["Flying Knee","Deadly Poison","Sucker Punch"],"picked":"SKIP","floor":47},{"not_picked":["Underhanded Strike","Dagger Spray","Expertise"],"picked":"SKIP","floor":48}],"player_experience":740719,"relics_obtained":[{"floor":6,"key":"Vajra"},{"floor":8,"key":"Happy Flower"},{"floor":9,"key":"Strawberry"},{"floor":23,"key":"Tiny Chest"},{"floor":25,"key":"Blood Vial"},{"floor":26,"key":"Matryoshka"},{"floor":28,"key":"Oddly Smooth Stone"},{"floor":28,"key":"Pen Nib"},{"floor":29,"key":"Shuriken"},{"floor":40,"key":"Lantern"},{"floor":42,"key":"Thread and Needle"},{"floor":43,"key":"Bag of Preparation"},{"floor":43,"key":"Orichalcum"},{"floor":44,"key":"Bronze Scales"}],"event_choices":[{"event_name":"Shining Light","player_choice":"Ignored","floor":4,"damage_taken":0},{"event_name":"The Woman in Blue","player_choice":"Bought 2 Potions","floor":12,"damage_taken":0},{"event_name":"Match and Keep!","player_choice":"1 cards matched","floor":21,"damage_taken":0},{"event_name":"Forgotten Altar","player_choice":"Shed Blood","floor":22,"damage_taken":0},{"event_name":"Addict","player_choice":"Ignored","floor":31,"damage_taken":0},{"event_name":"Falling","player_choice":"Removed Attack","floor":36,"damage_taken":0},{"event_name":"Tomb of Lord Red Mask","player_choice":"Paid","floor":38,"damage_taken":0},{"event_name":"The Lab","player_choice":"Got Potions","floor":45,"damage_taken":0}],"boss_relics":[{"not_picked":["White Beast Statue","Empty Cage"],"picked":"Ectoplasm"},{"not_picked":["Coffee Dripper","Busted Crown"],"picked":"Orrery"}],"items_purged_floors":[],"is_endless":false,"potions_floor_spawned":[3,5,10,14,16,25,33,37,42,44,48],"killed_by":"Time Eater","ascension_level":15}