{"gold_per_floor":[110,130,58,71,91,91,91,91,91,126,126,137,172,190,190,288,338,348,365,365,385,25,25,25,25],"floor_reached":25,"playtime":986,"items_purged":["Strike_G"],"score":233,"play_id":"55c17418-1bdf-4c37-9d29-38a216b60d56","local_time":"20180904150306","is_ascension_mode":false,"campfire_choices":[{"data":"Skewer","floor":6,"key":"SMITH"},{"data":"Outmaneuver","floor":11,"key":"SMITH"},{"data":"Concentrate","floor":15,"key":"SMITH"},{"data":"Burst","floor":24,"key":"SMITH"}],"neow_cost":"PERCENT_DAMAGE","seed_source_timestamp":205658574136955,"circlet_count":0,"master_deck":["Defend_G","Defend_G","Defend_G","Defend_G","Strike_G","Strike_G","Strike_G+1","Survivor","Neutralize","Burst+1","Slice","Outmaneuver+1","Skewer+1","Terror","Backflip","Concentrate+1","Doppelganger","Phantasmal Killer","Acrobatics"],"relics":["Ring of the Snake","Shovel","Snake Skull","Tiny House","Tough Bandages"],"potions_floor_usage":[13,16,16,21,23,25,25],"damage_taken":[{"damage":6,"enemies":"Cultist","floor":1,"turns":5},{"damage":4,"enemies":"Jaw Worm","floor":2,"turns":4},{"damage":0,"enemies":"2 Louse","floor":4,"turns":3},{"damage":13,"enemies":"Exordium Wildlife","floor":5,"turns":8},{"damage":3,"enemies":"Lagavulin","floor":10,"turns":5},{"damage":12,"enemies":"3 Louse","floor":12,"turns":4},{"damage":13,"enemies":"Gremlin Nob","floor":13,"turns":4},{"damage":2,"enemies":"Looter","floor":14,"turns":4},{"damage":12,"enemies":"Hexaghost","floor":16,"turns":8},{"damage":17,"enemies":"Spheric Guardian","floor":18,"turns":4},{"damage":12,"enemies":"3 Byrds","floor":19,"turns":6},{"damage":20,"enemies":"Snecko","floor":21,"turns":5},{"damage":0,"enemies":"Gremlin Leader","floor":23,"turns":2},{"damage":7,"enemies":"Colosseum Slavers","floor":25,"turns":5},{"damage":19,"enemies":"Colosseum Nobs","floor":25,"turns":2}],"seed_played":"-7719340969347993851","potions_obtained":[{"floor":1,"key":"LiquidBronze"},{"floor":5,"key":"Poison Potion"},{"floor":12,"key":"Poison Potion"},{"floor":16,"key":"Strength Potion"},{"floor":17,"key":"SmokeBomb"},{"floor":18,"key":"SkillPotion"},{"floor":21,"key":"Fire Potion"}],"is_trial":false,"path_per_floor":["M","M","$","M","M","R","?","?","T","E","R","M","E","M","R","B",null,"M","M","?","M","$","E","R"],"character_chosen":"THE_SILENT","items_purchased":["Terror","Tough Bandages"],"campfire_rested":0,"item_purchase_floors":[3,22],"current_hp_per_floor":[43,39,39,39,26,26,26,49,49,46,46,34,21,19,19,7,75,58,46,46,26,26,26,26,0],"gold":25,"neow_bonus":"TRANSFORM_TWO_CARDS","is_prod":false,"is_daily":false,"chose_seed":false,"campfire_upgraded":4,"win_rate":0,"timestamp":1536040986,"path_taken":["M","M","$","?","M","R","?","?","T","E","R","M","E","M","R","BOSS","M","M","?","M","$","E","R","?"],"build_version":"2018-08-30","purchased_purges":1,"victory":false,"max_hp_per_floor":[70,70,70,70,70,70,70,70,70,70,70,70,70,70,70,70,75,75,75,75,75,75,75,75,75],"card_choices":[{"not_picked":["Eviscerate","Riddle With Holes"],"picked":"Outmaneuver","floor":1},{"not_picked":["Cloak And Dagger","Underhanded Strike"],"picked":"Skewer","floor":2},{"not_picked":["Reflex","Noxious Fumes"],"picked":"Backflip","floor":4},{"not_picked":["Masterful Stab","PiercingWail","Underhanded Strike"],"picked":"SKIP","floor":5},{"not_picked":["Quick Slash","Slice","Crippling Poison"],"picked":"SKIP","floor":10},{"not_picked":["Eviscerate","Outmaneuver","Dodge and Roll"],"picked":"SKIP","floor":12},{"not_picked":["Flechettes","Slice"],"picked":"Concentrate","floor":13},{"not_picked":["Slice","Backflip"],"picked":"Doppelganger","floor":14},{"not_picked":["Tools of the Trade","Wraith Form v2"],"picked":"Phantasmal Killer","floor":16},{"not_picked":["Bane","Quick Slash"],"picked":"Acrobatics","floor":17},{"not_picked":["Slice","Bullet Time","Terror"],"picked":"SKIP","floor":18},{"not_picked":["Prepared","Dodge and Roll+1","Eviscerate"],"picked":"SKIP","floor":19},{"not_picked":["Outmaneuver+1","Accuracy","Cloak And Dagger"],"picked":"SKIP","floor":21}],"player_experience":627825,"relics_obtained":[{"floor":9,"key":"Shovel"},{"floor":13,"key":"Snake Skull"}],"event_choices":[{"event_name":"Shining Light","player_choice":"Ignored","floor":7,"damage_taken":0},{"event_name":"Big Fish","player_choice":"Banana","floor":8,"damage_taken":0},{"event_name":"Vampires","player_choice":"Ignored","floor":20,"damage_taken":0},{"event_name":"Colosseum","player_choice":"Fight","floor":25,"damage_taken":0},{"event_name":"Colosseum","player_choice":"Fought Nobs","floor":25,"damage_taken":0}],"is_beta":false,"boss_relics":[{"not_picked":["Orrery","Eternal Feather"],"picked":"Tiny House"}],"items_purged_floors":[22],"is_endless":false,"potions_floor_spawned":[1,5,12,16,18,21,23],"killed_by":"Colosseum Nobs","ascension_level":0}