{"gold_per_floor":[212,224,25,35,35,70,70,114,137,165,177,189,232,258,270,408,420,456,26,26,26,26,70,70,105,129,168,168,191,37,55,55,184,184,208,233,24,39,13,48,48,66,66,66,66,109,109,145,145,145,145,145,18,18],"floor_reached":54,"playtime":2739,"items_purged":["Strike_R","Strike_R"],"score":1311,"play_id":"432c2ae7-3905-4dec-8deb-85cd6a5488d7","local_time":"20190217220905","is_ascension_mode":true,"campfire_choices":[{"data":"Feel No Pain","floor":7,"key":"SMITH"},{"floor":11,"key":"REST"},{"floor":15,"key":"REST"},{"floor":32,"key":"REST"},{"floor":41,"key":"RECALL"},{"floor":45,"key":"REST"},{"floor":49,"key":"REST"},{"floor":52,"key":"REST"}],"neow_cost":"NONE","seed_source_timestamp":992168251243100,"circlet_count":0,"master_deck":["AscendersBane","Strike_R+1","Defend_R","Defend_R","Defend_R","Defend_R","Bash+1","Sword Boomerang","Corruption+1","Feel No Pain+1","Whirlwind","Havoc","Clothesline+1","Flame Barrier","Intimidate","Demon Form+1","Burning Pact","Warcry","Dark Embrace","Pommel Strike","Sentinel","Ghostly","Ghostly","Ghostly","Ghostly","Ghostly","Pommel Strike+1","Inflame","Berserk","Spot Weakness","Corruption","Inflame","Feed","Whirlwind+1","Sever Soul+1","Dual Wield+1","Shrug It Off","Uppercut+1","Berserk","Madness","Madness","Entrench","Disarm+1","Reckless Charge"],"relics":["Burning Blood","Golden Idol","Whetstone","Lantern","MawBank","Juzu Bracelet","Fusion Hammer","Strange Spoon","Matryoshka","Orichalcum","Happy Flower","Vajra","Blood Vial","Letter Opener","Philosopher\u0027s Stone","Lee\u0027s Waffle","Blue Candle","Omamori","Bag of Preparation","Smiling Mask"],"potions_floor_usage":[6,13,48,50,50],"damage_taken":[{"damage":6,"enemies":"2 Louse","floor":1,"turns":3},{"damage":1,"enemies":"Small Slimes","floor":2,"turns":3},{"damage":0,"enemies":"Cultist","floor":4,"turns":4},{"damage":25,"enemies":"Gremlin Nob","floor":6,"turns":5},{"damage":34,"enemies":"Lagavulin","floor":8,"turns":7},{"damage":3,"enemies":"Looter","floor":10,"turns":3},{"damage":16,"enemies":"Gremlin Nob","floor":13,"turns":3},{"damage":25,"enemies":"3 Louse","floor":14,"turns":3},{"damage":10,"enemies":"Hexaghost","floor":16,"turns":9},{"damage":9,"enemies":"Shell Parasite","floor":18,"turns":5},{"damage":1,"enemies":"Gremlin Leader","floor":23,"turns":6},{"damage":17,"enemies":"Book of Stabbing","floor":25,"turns":10},{"damage":2,"enemies":"Slavers","floor":27,"turns":7},{"damage":0,"enemies":"Chosen","floor":29,"turns":4},{"damage":19,"enemies":"Sentry and Sphere","floor":31,"turns":6},{"damage":0,"enemies":"Automaton","floor":33,"turns":8},{"damage":9,"enemies":"3 Shapes","floor":35,"turns":5},{"damage":36,"enemies":"Orb Walker","floor":36,"turns":5},{"damage":14,"enemies":"4 Shapes","floor":38,"turns":3},{"damage":4,"enemies":"Reptomancer","floor":40,"turns":6},{"damage":20,"enemies":"Maw","floor":42,"turns":8},{"damage":18,"enemies":"Nemesis","floor":46,"turns":5},{"damage":23,"enemies":"Reptomancer","floor":48,"turns":7},{"damage":46,"enemies":"Time Eater","floor":50,"turns":12},{"damage":81,"enemies":"Shield and Spear","floor":54,"turns":6}],"seed_played":"2657638781458926659","potions_obtained":[{"floor":1,"key":"Energy Potion"},{"floor":2,"key":"Poison Potion"},{"floor":10,"key":"FairyPotion"},{"floor":18,"key":"Energy Potion"},{"floor":20,"key":"PowerPotion"},{"floor":20,"key":"SteroidPotion"}],"is_trial":false,"path_per_floor":["M","M","$","M","?","E","R","E","T","M","R","?","E","M","R","B",null,"M","$","?","?","?","E","?","E","T","E","?","M","$","M","R","B",null,"M","M","$","M","$","E","R","M","T","?","R","E","?","E","R","B",null,"R","$","E"],"character_chosen":"IRONCLAD","items_purchased":["Feel No Pain","Whirlwind","Havoc","Strange Spoon","Matryoshka","Corruption","Lee\u0027s Waffle","Shrug It Off","Reckless Charge"],"campfire_rested":6,"item_purchase_floors":[3,3,3,19,19,30,37,39,53],"current_hp_per_floor":[72,77,77,80,60,41,41,13,13,16,40,24,14,8,32,28,67,64,64,64,64,40,40,40,29,29,35,35,40,40,27,39,40,40,40,12,50,45,45,52,52,43,43,36,53,43,43,28,45,7,46,59,59,0],"gold":18,"neow_bonus":"HUNDRED_GOLD","is_prod":false,"is_daily":false,"chose_seed":false,"campfire_upgraded":1,"win_rate":0,"timestamp":1550470145,"path_taken":["M","M","$","M","?","E","R","E","T","M","R","?","E","M","R","BOSS","M","$","?","?","?","E","?","E","T","E","?","M","$","M","R","BOSS","M","M","?","M","$","E","R","M","T","?","R","E","?","E","R","BOSS","R","$","E"],"build_version":"2019-01-23","purchased_purges":2,"victory":false,"max_hp_per_floor":[80,80,80,80,80,80,80,80,80,80,80,80,80,80,80,80,80,80,80,80,80,40,40,40,40,40,40,40,40,40,40,40,40,40,43,43,50,53,53,56,56,59,59,59,59,59,59,59,59,59,59,59,59,59],"card_choices":[{"not_picked":["Burning Pact","Thunderclap"],"picked":"Sword Boomerang","floor":1},{"not_picked":["Anger","Fire Breathing"],"picked":"Corruption","floor":2},{"not_picked":["Sword Boomerang","Perfected Strike"],"picked":"Clothesline","floor":4},{"not_picked":["Fire Breathing","Rage"],"picked":"Flame Barrier","floor":6},{"not_picked":["Clash","Pommel Strike"],"picked":"Intimidate","floor":8},{"not_picked":["Wild Strike","Havoc"],"picked":"Demon Form","floor":10},{"not_picked":["Perfected Strike","Thunderclap"],"picked":"Burning Pact","floor":13},{"not_picked":["Cleave","Wild Strike"],"picked":"Warcry","floor":14},{"not_picked":["Barricade","Berserk"],"picked":"Dark Embrace","floor":16},{"not_picked":["Blood for Blood+1","Iron Wave"],"picked":"Pommel Strike","floor":18},{"not_picked":["Searing Blow","Clothesline","Hemokinesis"],"picked":"SKIP","floor":23},{"not_picked":["Perfected Strike","Shrug It Off+1"],"picked":"Pommel Strike+1","floor":25},{"not_picked":["Wild Strike","Rampage"],"picked":"Inflame","floor":27},{"not_picked":["Metallicize","Flame Barrier"],"picked":"Spot Weakness","floor":29},{"not_picked":["Heavy Blade","Dropkick"],"picked":"Inflame","floor":31},{"not_picked":["Limit Break","Bludgeon"],"picked":"Feed","floor":33},{"not_picked":["Searing Blow+1","Flex"],"picked":"Whirlwind+1","floor":35},{"not_picked":["Perfected Strike+1","Clothesline"],"picked":"Sever Soul+1","floor":36},{"not_picked":["Infernal Blade+1","Sentinel"],"picked":"Dual Wield+1","floor":38},{"not_picked":["Wild Strike","Twin Strike+1"],"picked":"Uppercut+1","floor":40},{"not_picked":["Shrug It Off","Dropkick+1"],"picked":"Berserk","floor":42},{"not_picked":["Rupture","Flex","Pommel Strike"],"picked":"SKIP","floor":46},{"not_picked":["Havoc","Warcry+1"],"picked":"Disarm+1","floor":48}],"player_experience":724411,"relics_obtained":[{"floor":6,"key":"Whetstone"},{"floor":8,"key":"Lantern"},{"floor":9,"key":"MawBank"},{"floor":13,"key":"Juzu Bracelet"},{"floor":23,"key":"Orichalcum"},{"floor":25,"key":"Happy Flower"},{"floor":26,"key":"Vajra"},{"floor":26,"key":"Blood Vial"},{"floor":27,"key":"Letter Opener"},{"floor":40,"key":"Blue Candle"},{"floor":43,"key":"Omamori"},{"floor":46,"key":"Bag of Preparation"},{"floor":48,"key":"Smiling Mask"}],"event_choices":[{"damage_healed":0,"gold_gain":0,"player_choice":"Take Damage","damage_taken":20,"relics_obtained":["Golden Idol"],"max_hp_gain":0,"max_hp_loss":0,"event_name":"Golden Idol","floor":5,"gold_loss":0},{"damage_healed":0,"gold_gain":0,"player_choice":"Entered Light","damage_taken":16,"max_hp_gain":0,"max_hp_loss":0,"event_name":"Shining Light","floor":12,"gold_loss":0,"cards_upgraded":["Clothesline","Demon Form"]},{"damage_healed":0,"gold_gain":0,"player_choice":"Got Potions","damage_taken":0,"max_hp_gain":0,"max_hp_loss":0,"event_name":"Lab","floor":20,"gold_loss":0},{"damage_healed":0,"gold_gain":0,"player_choice":"Read","damage_taken":0,"max_hp_gain":0,"max_hp_loss":0,"event_name":"The Library","floor":21,"gold_loss":0,"cards_obtained":["Sentinel"]},{"damage_healed":0,"gold_gain":0,"player_choice":"Became a Ghost","damage_taken":0,"max_hp_gain":0,"max_hp_loss":40,"event_name":"Ghosts","floor":22,"gold_loss":0,"cards_obtained":["Ghostly","Ghostly","Ghostly","Ghostly","Ghostly"]},{"damage_healed":0,"gold_gain":0,"player_choice":"Upgraded","damage_taken":0,"max_hp_gain":0,"max_hp_loss":0,"event_name":"Upgrade Shrine","floor":24,"gold_loss":0,"cards_upgraded":["Corruption"]},{"damage_healed":0,"gold_gain":0,"cards_transformed":["Strike_R"],"player_choice":"Transformed","damage_taken":0,"max_hp_gain":0,"max_hp_loss":0,"event_name":"Transmorgrifier","floor":28,"gold_loss":0,"cards_obtained":["Berserk"]},{"damage_healed":0,"gold_gain":0,"player_choice":"Embrace Madness","damage_taken":7,"max_hp_gain":0,"max_hp_loss":0,"event_name":"Winding Halls","floor":44,"gold_loss":0,"cards_obtained":["Madness","Madness"]},{"damage_healed":0,"gold_gain":0,"cards_transformed":["Strike_R"],"player_choice":"Transformed","damage_taken":0,"max_hp_gain":0,"max_hp_loss":0,"event_name":"Transmorgrifier","floor":47,"gold_loss":0,"cards_obtained":["Entrench"]}],"is_beta":false,"boss_relics":[{"not_picked":["Orrery","Velvet Choker"],"picked":"Fusion Hammer"},{"not_picked":["Pandora\u0027s Box","Runic Cube"],"picked":"Philosopher\u0027s Stone"}],"items_purged_floors":[30,53],"is_endless":false,"potions_floor_spawned":[1,2,10,18,27,36,38,46],"killed_by":"Shield and Spear","ascension_level":10}