{"gold_per_floor":[113,113,113,113,78,78,101,25,25,41,18,38,38,61,61,185,185,208,208,223,223,124,124,138,158,204,204,218,21,40,59,59,160,160,171,181,99,112,12,12,23,23,23,323,338,348,19,29,29,29],"floor_reached":50,"playtime":3497,"items_purged":["Underhanded Strike","Bane"],"score":438,"play_id":"11bdd04e-a5af-4264-b17a-e40ce5ea20c3","local_time":"20181211160048","is_ascension_mode":false,"campfire_choices":[{"data":"Infinite Blades","floor":6,"key":"SMITH"},{"data":"Infinite Blades","floor":13,"key":"SMITH"},{"floor":15,"key":"REST"},{"data":"Blade Dance","floor":23,"key":"SMITH"},{"floor":27,"key":"REST"},{"data":"Cloak And Dagger","floor":32,"key":"SMITH"},{"data":"Cloak And Dagger","floor":40,"key":"SMITH"},{"floor":49,"key":"REST"}],"neow_cost":"PERCENT_DAMAGE","seed_source_timestamp":1010955940673654,"circlet_count":0,"master_deck":["Survivor","Neutralize","Accuracy","Infinite Blades+1","Sucker Punch","Infinite Blades+1","Cloak And Dagger","PiercingWail","Backstab","Flying Knee","Adrenaline+1","Distraction","Blade Dance+1","Flying Knee","Dodge and Roll","Caltrops","Flying Knee","Deflect+1","Cloak And Dagger+1","Backstab","Blade Dance+1","Cloak And Dagger+1","Deflect","Accuracy","Parasite","Mind Blast+1"],"relics":["Ring of the Snake","Anchor","Bloody Idol","Calipers","Pandora\u0027s Box","Vajra","War Paint","Busted Crown","Bag of Marbles","Molten Egg 2"],"potions_floor_usage":[12,16,18,25,33,36,38,48],"damage_taken":[{"damage":3,"enemies":"2 Louse","floor":1,"turns":4},{"damage":0,"enemies":"Jaw Worm","floor":7,"turns":4},{"damage":0,"enemies":"Small Slimes","floor":10,"turns":4},{"damage":0,"enemies":"Looter","floor":12,"turns":5},{"damage":0,"enemies":"Red Slaver","floor":14,"turns":3},{"damage":39,"enemies":"Hexaghost","floor":16,"turns":12},{"damage":10,"enemies":"2 Thieves","floor":18,"turns":4},{"damage":10,"enemies":"Shell Parasite","floor":20,"turns":4},{"damage":20,"enemies":"Snake Plant","floor":24,"turns":5},{"damage":5,"enemies":"Cultist and Chosen","floor":25,"turns":4},{"damage":0,"enemies":"Sentry and Sphere","floor":28,"turns":3},{"damage":15,"enemies":"Snecko","floor":30,"turns":3},{"damage":0,"enemies":"Centurion and Healer","floor":31,"turns":4},{"damage":35,"enemies":"Champ","floor":33,"turns":10},{"damage":6,"enemies":"Orb Walker","floor":35,"turns":3},{"damage":28,"enemies":"3 Darklings","floor":36,"turns":5},{"damage":8,"enemies":"Sphere and 2 Shapes","floor":38,"turns":3},{"damage":20,"enemies":"Writhing Mass","floor":41,"turns":6},{"damage":9,"enemies":"Transient","floor":45,"turns":5},{"damage":8,"enemies":"4 Shapes","floor":46,"turns":5},{"damage":19,"enemies":"Spire Growth","floor":48,"turns":4},{"damage":39,"enemies":"Donu and Deca","floor":50,"turns":4}],"seed_played":"-6433998138584882679","potions_obtained":[{"floor":1,"key":"GamblersBrew"},{"floor":12,"key":"Regen Potion"},{"floor":16,"key":"Explosive Potion"},{"floor":24,"key":"FearPotion"},{"floor":25,"key":"SpeedPotion"},{"floor":31,"key":"GhostInAJar"},{"floor":36,"key":"Explosive Potion"},{"floor":45,"key":"Dexterity Potion"}],"is_trial":false,"path_per_floor":["M","?","?","?","?","R","M","$","T","M","$","M","R","M","R","B",null,"M","?","M","?","$","R","M","M","T","R","M","$","M","M","R","B",null,"M","M","$","M","$","R","M","?","T","?","M","M","$","M","R","B"],"character_chosen":"THE_SILENT","items_purchased":["Infinite Blades","PiercingWail","Deflect","Cloak And Dagger","War Paint","Accuracy","Molten Egg 2","Mind Blast+1"],"campfire_rested":3,"item_purchase_floors":[8,11,22,29,29,37,47,47],"current_hp_per_floor":[46,46,39,22,39,39,39,39,39,39,39,39,39,39,60,36,70,60,65,55,55,55,55,40,40,45,66,70,70,60,65,65,35,70,69,46,46,43,43,43,28,28,28,33,29,26,26,12,33,0],"gold":29,"neow_bonus":"TRANSFORM_TWO_CARDS","is_prod":false,"is_daily":false,"chose_seed":false,"campfire_upgraded":5,"win_rate":0.0,"timestamp":1544562048,"path_taken":["M","?","?","?","?","R","M","?","T","M","$","?","R","M","R","BOSS","M","?","?","?","?","R","M","M","T","R","M","$","M","M","R","BOSS","M","M","$","M","$","R","M","?","T","?","M","?","?","M","R","BOSS"],"build_version":"2018-12-06","purchased_purges":2,"victory":false,"max_hp_per_floor":[70,70,70,70,70,70,70,70,70,70,70,70,70,70,70,70,70,70,70,70,70,70,70,70,70,70,70,70,70,70,70,70,70,70,70,70,70,70,70,70,70,70,70,70,70,70,70,70,70,70],"card_choices":[{"not_picked":["Underhanded Strike","Accuracy"],"picked":"Infinite Blades","floor":1},{"not_picked":["Eviscerate","Expertise"],"picked":"Sucker Punch","floor":7},{"not_picked":["Endless Agony","Bouncing Flask"],"picked":"Cloak And Dagger","floor":10},{"not_picked":["Expertise","Prepared"],"picked":"Backstab","floor":12},{"not_picked":["Sucker Punch","Choke"],"picked":"Flying Knee","floor":14},{"not_picked":["Malaise","Glass Knife"],"picked":"Adrenaline","floor":16},{"not_picked":["Well Laid Plans","Quick Slash","Sucker Punch+1"],"picked":"SKIP","floor":18},{"not_picked":["Tactician","Dagger Throw","Quick Slash"],"picked":"SKIP","floor":20},{"not_picked":["Underhanded Strike","Footwork"],"picked":"Cloak And Dagger","floor":24},{"not_picked":["Outmaneuver","Distraction"],"picked":"Backstab","floor":25},{"not_picked":["Quick Slash","Poisoned Stab"],"picked":"Blade Dance+1","floor":28},{"not_picked":["Flying Knee","Dagger Spray+1","Prepared"],"picked":"SKIP","floor":30},{"not_picked":["PiercingWail","Slice"],"picked":"Deflect","floor":31},{"not_picked":["Poisoned Stab"],"picked":"SKIP","floor":35},{"not_picked":["Deadly Poison+1"],"picked":"SKIP","floor":36},{"not_picked":["Leg Sweep"],"picked":"SKIP","floor":38},{"not_picked":["Terror+1"],"picked":"SKIP","floor":41},{"not_picked":["Prepared"],"picked":"SKIP","floor":45},{"not_picked":["Flying Knee"],"picked":"SKIP","floor":46},{"not_picked":["Bouncing Flask+1"],"picked":"SKIP","floor":48}],"player_experience":248057,"relics_obtained":[{"floor":9,"key":"Calipers"},{"floor":26,"key":"Vajra"},{"floor":43,"key":"Bag of Marbles"}],"event_choices":[{"damage_healed":0,"gold_gain":0,"player_choice":"Ignored","damage_taken":0,"max_hp_gain":0,"max_hp_loss":0,"event_name":"Liars Game","floor":2,"gold_loss":0},{"damage_healed":0,"gold_gain":0,"player_choice":"Success","damage_taken":7,"relics_obtained":["Anchor"],"max_hp_gain":0,"max_hp_loss":0,"event_name":"Scrap Ooze","floor":3,"gold_loss":0},{"damage_healed":0,"gold_gain":0,"player_choice":"Take Damage","damage_taken":17,"relics_obtained":["Golden Idol"],"max_hp_gain":0,"max_hp_loss":0,"event_name":"Golden Idol","floor":4,"gold_loss":0},{"damage_healed":17,"gold_gain":0,"player_choice":"Healed","damage_taken":0,"max_hp_gain":0,"max_hp_loss":0,"event_name":"The Cleric","floor":5,"gold_loss":35},{"cards_removed":["Quick Slash"],"damage_healed":5,"gold_gain":0,"player_choice":"Offered Common","damage_taken":0,"max_hp_gain":0,"max_hp_loss":0,"event_name":"Bonfire Elementals","floor":19,"gold_loss":0},{"cards_removed":["Quick Slash"],"damage_healed":5,"gold_gain":0,"player_choice":"Offered Special","damage_taken":0,"max_hp_gain":0,"max_hp_loss":0,"event_name":"Bonfire Elementals","floor":19,"gold_loss":0},{"damage_healed":0,"gold_gain":0,"player_choice":"Gave Idol","damage_taken":0,"relics_obtained":["Bloody Idol"],"max_hp_gain":0,"max_hp_loss":0,"event_name":"Forgotten Altar","floor":21,"relics_lost":["Golden Idol"],"gold_loss":0},{"damage_healed":0,"gold_gain":0,"player_choice":"Ignored","damage_taken":0,"max_hp_gain":0,"max_hp_loss":0,"event_name":"Mysterious Sphere","floor":42,"gold_loss":0},{"damage_healed":0,"gold_gain":300,"player_choice":"Gold","damage_taken":0,"max_hp_gain":0,"max_hp_loss":0,"event_name":"Wheel of Change","floor":44,"gold_loss":0}],"is_beta":false,"boss_relics":[{"not_picked":["HoveringKite","Calling Bell"],"picked":"Pandora\u0027s Box"},{"not_picked":["Snecko Eye","Runic Pyramid"],"picked":"Busted Crown"}],"items_purged_floors":[22,39],"is_endless":false,"potions_floor_spawned":[1,12,16,24,25,31,36,45],"killed_by":"Donu and Deca","ascension_level":0}