{"gold_per_floor":[111,111,61,75,0,0,26,26,26,26,45,73,83,98,98,202,202,214,230,230,6,24,54,69,84,84,117,42,42,54,69,69,173,173,188,199,299,17,17,17,42,42,42,42],"floor_reached":44,"playtime":2791,"items_purged":["Strike_B","Strike_B","Defend_B"],"score":894,"play_id":"239e6bd0-9eea-4bf3-81ca-a8c05cc9c1b1","local_time":"20190212055331","is_ascension_mode":true,"campfire_choices":[{"data":"Zap","floor":6.0,"key":"SMITH"},{"data":"Hologram","floor":8.0,"key":"SMITH"},{"data":"Recycle","floor":15.0,"key":"SMITH"},{"floor":29.0,"key":"REST"},{"floor":32.0,"key":"REST"},{"data":"Echo Form","floor":40.0,"key":"SMITH"},{"floor":42,"key":"REST"}],"neow_cost":"NONE","seed_source_timestamp":457782981376015,"circlet_count":0,"master_deck":["AscendersBane","Strike_B","Strike_B","Defend_B","Defend_B","Defend_B","Zap+1","Dualcast","Streamline","Hologram+1","Hello World","Melter","Machine Learning","Stack","Recycle+1","Echo Form+1","Steam","Cold Snap","Core Surge","Redo","Swift Strike","BootSequence","Conserve Battery","Rip and Tear","Ball Lightning","Skim","Reinforced Body","Defragment","Biased Cognition","White Noise+1","Reboot","Auto Shields","Conserve Battery","Consume","Flash of Steel","Bandage Up","Panacea","Impatience"],"special_seed":0,"relics":["Cracked Core","NeowsBlessing","DataDisk","Strawberry","Mercury Hourglass","Blue Candle","Runic Pyramid","Juzu Bracelet","Pocketwatch","Red Mask","Inserter","Prayer Wheel","Lantern"],"potions_floor_usage":[44],"damage_taken":[{"damage":0.0,"enemies":"2 Louse","floor":1.0,"turns":1.0},{"damage":0.0,"enemies":"Small Slimes","floor":4.0,"turns":1.0},{"damage":0.0,"enemies":"Gremlin Nob","floor":7.0,"turns":1.0},{"damage":7.0,"enemies":"Jaw Worm","floor":11.0,"turns":2.0},{"damage":20.0,"enemies":"Lagavulin","floor":12.0,"turns":5.0},{"damage":8.0,"enemies":"Red Slaver","floor":13.0,"turns":3.0},{"damage":0.0,"enemies":"2 Fungi Beasts","floor":14.0,"turns":2.0},{"damage":0.0,"enemies":"Slime Boss","floor":16.0,"turns":7.0},{"damage":16.0,"enemies":"Shell Parasite","floor":18.0,"turns":5.0},{"damage":23.0,"enemies":"2 Thieves","floor":19.0,"turns":4.0},{"damage":3.0,"enemies":"Cultist and Chosen","floor":22.0,"turns":6.0},{"damage":14.0,"enemies":"Book of Stabbing","floor":23.0,"turns":5.0},{"damage":2.0,"enemies":"3 Cultists","floor":24.0,"turns":4.0},{"damage":0.0,"enemies":"Chosen and Byrds","floor":25.0,"turns":5.0},{"damage":10.0,"enemies":"Masked Bandits","floor":27.0,"turns":5.0},{"damage":1.0,"enemies":"Centurion and Healer","floor":30.0,"turns":9.0},{"damage":0.0,"enemies":"Snake Plant","floor":31.0,"turns":5.0},{"damage":4.0,"enemies":"Champ","floor":33.0,"turns":11.0},{"damage":2.0,"enemies":"3 Shapes","floor":35.0,"turns":4.0},{"damage":25.0,"enemies":"3 Darklings","floor":36.0,"turns":6.0},{"damage":2.0,"enemies":"Mind Bloom Boss Battle","floor":37.0,"turns":8.0},{"damage":28,"enemies":"Nemesis","floor":41,"turns":9},{"damage":37,"enemies":"Reptomancer","floor":44,"turns":3}],"seed_played":"5584778928311528532","potions_obtained":[{"floor":12.0,"key":"Weak Potion"},{"floor":13.0,"key":"Explosive Potion"},{"floor":25.0,"key":"Block Potion"},{"floor":27.0,"key":"EssenceOfSteel"},{"floor":30.0,"key":"Dexterity Potion"},{"floor":41,"key":"Strength Potion"}],"is_trial":false,"path_per_floor":["M","?","?","M","$","R","E","R","T","$","M","E","M","M","R","B",null,"M","M","?","$","M","E","M","M","T","?","$","R","M","M","R","B",null,"M","M","?","$","?","R","E","R","T","E"],"character_chosen":"DEFECT","items_purchased":["BootSequence","Conserve Battery","Defragment","Consume","Flash of Steel"],"campfire_rested":3,"item_purchase_floors":[21,21,28,38,38],"current_hp_per_floor":[68,68,68,68,68,68,75,75,75,75,68,48,40,40,40,40,72,56,33,33,33,30,16,14,14,14,4,4,28,27,27,51,47,73,71,46,44,44,34,34,10,34,34,0],"gold":42,"neow_bonus":"THREE_ENEMY_KILL","is_prod":false,"is_daily":false,"chose_seed":false,"campfire_upgraded":4,"win_rate":0,"timestamp":1549968811,"path_taken":["M","?","?","?","$","R","E","R","T","?","M","E","M","M","R","BOSS","M","M","?","?","M","E","M","M","T","?","$","R","M","M","R","BOSS","M","M","?","$","?","R","E","R","T","E"],"build_version":"2019-01-23","purchased_purges":3,"victory":false,"max_hp_per_floor":[75,75,75,75,75,75,82,82,82,82,82,82,82,82,82,82,82,82,82,82,82,82,82,82,82,82,82,82,82,82,82,82,82,82,82,82,82,82,82,82,82,82,82,82],"card_choices":[{"not_picked":["Turbo","Compile Driver"],"picked":"Streamline","floor":1.0},{"not_picked":["Redo","Streamline"],"picked":"Hologram","floor":4.0},{"not_picked":["White Noise","Sweeping Beam"],"picked":"Hello World","floor":7.0},{"not_picked":["Streamline","Hello World"],"picked":"Melter","floor":11.0},{"not_picked":["Barrage","Static Discharge"],"picked":"Machine Learning","floor":12.0},{"not_picked":["Gash","Redo"],"picked":"Stack","floor":13.0},{"not_picked":["Force Field","Cold Snap"],"picked":"Recycle","floor":14.0},{"not_picked":["Fission","Seek"],"picked":"Echo Form","floor":16.0},{"not_picked":["Barrage","Coolheaded"],"picked":"Steam","floor":18.0},{"not_picked":["Go for the Eyes","Multi-Cast"],"picked":"Cold Snap","floor":19.0},{"not_picked":["Rebound","Redo"],"picked":"Rip and Tear","floor":22.0},{"not_picked":["Streamline","Redo"],"picked":"Ball Lightning","floor":23.0},{"not_picked":["Consume","Compile Driver"],"picked":"Skim","floor":24.0},{"not_picked":["Hello World","BootSequence","Fusion"],"picked":"SKIP","floor":25.0},{"not_picked":["Go for the Eyes","Streamline"],"picked":"Reinforced Body","floor":27.0},{"not_picked":["Leap","Sweeping Beam"],"picked":"Biased Cognition","floor":30.0},{"not_picked":["Reprogram","Reinforced Body"],"picked":"White Noise+1","floor":31.0},{"not_picked":["Machine Learning","All For One"],"picked":"Reboot","floor":33.0},{"not_picked":["Redo","Hologram","Hello World"],"picked":"SKIP","floor":35.0},{"not_picked":["Fusion","Steam"],"picked":"Auto Shields","floor":36.0},{"not_picked":["Go for the Eyes","Streamline+1"],"picked":"Conserve Battery","floor":37.0},{"not_picked":["Secret Technique","Mind Blast"],"picked":"Bandage Up","floor":39.0},{"not_picked":["Purity","Mayhem"],"picked":"Panacea","floor":39.0},{"not_picked":["Metamorphosis","Madness"],"picked":"Impatience","floor":39.0},{"not_picked":["Redo","Beam Cell","Sweeping Beam+1"],"picked":"SKIP","floor":41}],"player_experience":403707,"relics_obtained":[{"floor":7.0,"key":"Strawberry"},{"floor":9.0,"key":"Mercury Hourglass"},{"floor":12.0,"key":"Blue Candle"},{"floor":23.0,"key":"Juzu Bracelet"},{"floor":26.0,"key":"Pocketwatch"},{"floor":27.0,"key":"Red Mask"},{"floor":37.0,"key":"Prayer Wheel"},{"floor":41,"key":"Lantern"}],"event_choices":[{"damage_healed":0.0,"max_hp_gain":0.0,"max_hp_loss":0.0,"gold_gain":0.0,"event_name":"Big Fish","player_choice":"Box","floor":2.0,"gold_loss":0.0,"damage_taken":0.0,"relics_obtained":["DataDisk"],"cards_obtained":["Regret"]},{"cards_removed":["Regret"],"damage_healed":0.0,"max_hp_gain":0.0,"max_hp_loss":0.0,"gold_gain":0.0,"event_name":"The Cleric","player_choice":"Card Removal","floor":3.0,"gold_loss":50.0,"damage_taken":0.0},{"damage_healed":0.0,"max_hp_gain":0.0,"max_hp_loss":0.0,"gold_gain":0.0,"event_name":"Match and Keep!","player_choice":"3 cards matched","floor":20.0,"gold_loss":0.0,"damage_taken":0.0,"cards_obtained":["Core Surge","Redo","Swift Strike"]},{"damage_healed":0.0,"max_hp_gain":0.0,"max_hp_loss":0.0,"gold_gain":0.0,"event_name":"Masked Bandits","player_choice":"Fought Bandits","floor":27.0,"gold_loss":0.0,"damage_taken":0.0},{"damage_healed":0.0,"max_hp_gain":0.0,"max_hp_loss":0.0,"gold_gain":0.0,"event_name":"MindBloom","player_choice":"Fight","floor":37.0,"gold_loss":0.0,"damage_taken":0.0},{"damage_healed":0.0,"max_hp_gain":0.0,"max_hp_loss":0.0,"gold_gain":0.0,"event_name":"SensoryStone","player_choice":"Memory 3","floor":39.0,"gold_loss":0.0,"damage_taken":10.0}],"is_beta":false,"boss_relics":[{"not_picked":["Runic Dome","Astrolabe"],"picked":"Runic Pyramid"},{"not_picked":["Empty Cage","Calling Bell"],"picked":"Inserter"}],"items_purged_floors":[5,21,38],"is_endless":false,"potions_floor_spawned":[12,13,14,25,27,30,41],"killed_by":"Reptomancer","ascension_level":12}