{"gold_per_floor":[115,130,130,141,156,184,198,198,198,214,214,196,196,209,209,305,305,320,344,344],"floor_reached":20,"playtime":896,"items_purged":[],"score":297,"play_id":"45d71706-0571-4514-9264-42ae5d1545a3","local_time":"20181116003255","is_ascension_mode":true,"campfire_choices":[{"data":"Consume","floor":8,"key":"SMITH"},{"data":"Zap","floor":11,"key":"SMITH"},{"floor":15,"key":"REST"}],"neow_cost":"NONE","seed_source_timestamp":453607290292251,"circlet_count":0,"master_deck":["AscendersBane","Strike_B","Strike_B","Strike_B","Defend_B","Defend_B","Defend_B","Defend_B","Zap+1","Dualcast","Consume+1","Turbo","Ball Lightning","Redo","Ball Lightning","Coolheaded","Cold Snap","Glacier","Creative AI","Conserve Battery+1","Coolheaded"],"relics":["Cracked Core","Thread and Needle","Dream Catcher","Symbiotic Virus","Golden Idol","Eternal Feather"],"potions_floor_usage":[6,19,20],"damage_taken":[{"damage":0,"enemies":"Cultist","floor":1,"turns":4},{"damage":3,"enemies":"Jaw Worm","floor":2,"turns":4},{"damage":0,"enemies":"Small Slimes","floor":4,"turns":3},{"damage":0,"enemies":"2 Fungi Beasts","floor":5,"turns":3},{"damage":11,"enemies":"Lagavulin","floor":6,"turns":4},{"damage":8,"enemies":"Lots of Slimes","floor":7,"turns":3},{"damage":25,"enemies":"Exordium Wildlife","floor":10,"turns":3},{"damage":8,"enemies":"Exordium Thugs","floor":12,"turns":4},{"damage":0,"enemies":"Blue Slaver","floor":14,"turns":2},{"damage":12,"enemies":"Hexaghost","floor":16,"turns":13},{"damage":8,"enemies":"Chosen","floor":18,"turns":3},{"damage":0,"enemies":"Spheric Guardian","floor":19,"turns":4},{"damage":67,"enemies":"3 Cultists","floor":20,"turns":6}],"seed_played":"-5492959822772831356","potions_obtained":[{"floor":2,"key":"EssenceOfSteel"},{"floor":4,"key":"FocusPotion"},{"floor":6,"key":"Strength Potion"},{"floor":16,"key":"Block Potion"},{"floor":18,"key":"Swift Potion"}],"is_trial":false,"path_per_floor":["M","M","?","M","M","E","M","R","T","M","R","M","?","M","R","B",null,"M","M","M"],"character_chosen":"DEFECT","items_purchased":[],"campfire_rested":1,"item_purchase_floors":[],"current_hp_per_floor":[68,65,65,65,65,54,46,46,46,21,21,13,13,13,33,21,57,49,49,0],"gold":344,"neow_bonus":"REMOVE_CARD","is_prod":false,"is_daily":false,"chose_seed":false,"campfire_upgraded":2,"win_rate":0,"timestamp":1542357175,"path_taken":["M","M","?","?","M","E","M","R","T","M","R","M","?","M","R","BOSS","M","M","M"],"build_version":"2018-11-15","purchased_purges":0,"victory":false,"max_hp_per_floor":[75,75,75,75,75,75,75,75,75,75,75,75,69,69,69,69,69,69,69,69],"card_choices":[{"not_picked":["Barrage","Beam Cell"],"picked":"Consume","floor":1},{"not_picked":["Compile Driver","Redo"],"picked":"Turbo","floor":2},{"not_picked":["Leap","Meteor Strike"],"picked":"Ball Lightning","floor":4},{"not_picked":["Sweeping Beam","Blizzard"],"picked":"Redo","floor":5},{"not_picked":["Leap","Darkness"],"picked":"Ball Lightning","floor":6},{"not_picked":["Streamline","Redo","Go for the Eyes"],"picked":"SKIP","floor":7},{"not_picked":["Beam Cell","Steam Power"],"picked":"Coolheaded","floor":10},{"not_picked":["Steam","Streamline"],"picked":"Cold Snap","floor":12},{"not_picked":["Force Field","Doom and Gloom"],"picked":"Glacier","floor":14},{"not_picked":["Machine Learning","Multi-Cast"],"picked":"Creative AI","floor":16},{"not_picked":["Steam","Rip and Tear"],"picked":"Conserve Battery+1","floor":18},{"not_picked":["Darkness","Barrage"],"picked":"Coolheaded","floor":19}],"player_experience":412922,"relics_obtained":[{"floor":6,"key":"Dream Catcher"},{"floor":9,"key":"Symbiotic Virus"}],"event_choices":[{"damage_healed":0,"gold_gain":0,"player_choice":"Gave Potion","damage_taken":0,"relics_obtained":["Thread and Needle"],"max_hp_gain":0,"max_hp_loss":0,"event_name":"WeMeetAgain","floor":3,"gold_loss":0},{"damage_healed":0,"gold_gain":0,"player_choice":"Lose Max HP","damage_taken":0,"relics_obtained":["Golden Idol"],"max_hp_gain":0,"max_hp_loss":6,"event_name":"Golden Idol","floor":13,"gold_loss":0}],"is_beta":false,"boss_relics":[{"not_picked":["Orrery","Coffee Dripper"],"picked":"Eternal Feather"}],"items_purged_floors":[],"is_endless":false,"potions_floor_spawned":[2,4,6,16,18],"killed_by":"3 Cultists","ascension_level":13}