{"path_per_floor":["M","?","M","?","$","E","R","M","T","E","M","?","M","M","R","B",null],"character_chosen":"IRONCLAD","items_purchased":[],"gold_per_floor":[12,12,31,31,31,66,66,83,107,140,151,116,136,147,147,249,249,249],"floor_reached":18,"campfire_rested":2,"playtime":616,"current_hp_per_floor":[74,58,64,64,64,35,61,60,60,39,16,37,29,24,50,45,87,0],"items_purged":[],"gold":249,"score":189,"play_id":"ed236460-92e5-4cf1-8c1c-5ed1ac89c885","local_time":"20180409234026","is_prod":false,"is_daily":false,"is_ascension_mode":true,"campfire_upgraded":0,"timestamp":1523338826,"path_taken":["M","?","?","?","?","E","R","M","T","E","M","?","M","M","R","BOSS","M"],"build_version":"2018-04-05v2","purchased_purges":0,"victory":false,"master_deck":["Strike_R","Strike_R","Strike_R+1","Strike_R","Strike_R","Defend_R","Defend_R","Defend_R","Defend_R","Bash","Demon Form+1","Ghostly Armor+1","Immolate","Searing Blow","Burning Pact","Ghostly Armor","Limit Break","Seeing Red","Reaper","Regret","Pain","Pain"],"max_hp_per_floor":[80,80,80,80,80,87,87,87,87,87,87,87,87,87,87,87,87,87],"relics":["Burning Blood","Strawberry","Happy Flower","Juzu Bracelet","Calling Bell","Dream Catcher","Anchor","Lantern"],"card_choices":[{"not_picked":["Immolate","Brutality"],"picked":"Demon Form","floor":0},{"not_picked":["Blood for Blood","Hemokinesis"],"picked":"Ghostly Armor","floor":1},{"not_picked":["Burning Pact","Entrench"],"picked":"Immolate","floor":3},{"not_picked":["Pummel","Iron Wave"],"picked":"Searing Blow","floor":6},{"not_picked":["Whirlwind","Shockwave"],"picked":"Burning Pact","floor":8},{"not_picked":["Iron Wave","Burning Pact"],"picked":"Ghostly Armor","floor":10},{"not_picked":["Wild Strike","Shockwave"],"picked":"Limit Break","floor":13},{"not_picked":["Heavy Blade","Havoc"],"picked":"Seeing Red","floor":14},{"not_picked":["Bludgeon","Juggernaut"],"picked":"Reaper","floor":16}],"player_experience":247794,"potions_floor_usage":[6,10,13,13,16,16],"damage_taken":[{"damage":12,"enemies":"Small Slimes","floor":1,"turns":4},{"damage":0,"enemies":"Cultist","floor":3,"turns":4},{"damage":42,"enemies":"Lagavulin","floor":6,"turns":7},{"damage":7,"enemies":"Jaw Worm","floor":8,"turns":4},{"damage":27,"enemies":"Gremlin Nob","floor":10,"turns":4},{"damage":29,"enemies":"Blue Slaver","floor":11,"turns":5},{"damage":14,"enemies":"Exordium Thugs","floor":13,"turns":4},{"damage":11,"enemies":"2 Fungi Beasts","floor":14,"turns":4},{"damage":11,"enemies":"Slime Boss","floor":16,"turns":6},{"damage":98,"enemies":"3 Byrds","floor":18,"turns":6}],"event_choices":[{"event_name":"Shining Light","player_choice":"Entered Light","floor":2,"damage_taken":0},{"event_name":"Living Wall","player_choice":"Grow","floor":4,"damage_taken":0},{"event_name":"The Cleric","player_choice":"Healed","floor":12,"damage_taken":0}],"boss_relics":[{"not_picked":["Eternal Feather","Black Star"],"picked":"Calling Bell"}],"potions_floor_spawned":[3,6,8,11,13,14],"seed_played":"-4484076003626856275","killed_by":"3 Byrds","ascension_level":2,"is_trial":false}