{"gold_per_floor":[112,112,1,1,1,1,20,20,90,103,103,117,4,48,48,177,177,196,219,244,54,54,92,92,113,139,139],"floor_reached":27,"playtime":1100,"items_purged":[],"score":346,"play_id":"b2d46798-a95d-455b-9463-aef47aedfc6e","local_time":"20181016224131","is_ascension_mode":true,"campfire_choices":[{"data":"Defragment","floor":6,"key":"SMITH"},{"data":"Zap","floor":8,"key":"SMITH"},{"data":"White Noise","floor":11,"key":"SMITH"},{"data":"Hologram","floor":15,"key":"SMITH"},{"data":"Creative AI","floor":24,"key":"SMITH"}],"neow_cost":"","seed_source_timestamp":185142902455326,"circlet_count":0,"master_deck":["Strike_B","Strike_B","Strike_B","Strike_B","Defend_B","Defend_B","Defend_B","Defend_B","Zap+1","Dualcast","Cold Snap","Defragment+1","White Noise+1","Glacier","Ball Lightning","Barrage","Blizzard","Chaos","Hologram+1","Creative AI+1","Compile Driver+1","Streamline+1","Turbo","Storm","Capacitor","Core Surge","Defragment"],"relics":["Cracked Core","Golden Idol","Symbiotic Virus","Pantograph","Art of War","Nuclear Battery","Anchor","Ornamental Fan","Boot"],"potions_floor_usage":[14,16,19],"damage_taken":[{"damage":7,"enemies":"Small Slimes","floor":1,"turns":3},{"damage":7,"enemies":"Jaw Worm","floor":7,"turns":4},{"damage":6,"enemies":"2 Louse","floor":10,"turns":3},{"damage":0,"enemies":"Exordium Thugs","floor":12,"turns":4},{"damage":0,"enemies":"Lagavulin","floor":14,"turns":4},{"damage":18,"enemies":"The Guardian","floor":16,"turns":10},{"damage":0,"enemies":"Spheric Guardian","floor":18,"turns":3},{"damage":10,"enemies":"2 Thieves","floor":19,"turns":3},{"damage":10,"enemies":"Snecko","floor":20,"turns":4},{"damage":14,"enemies":"Book of Stabbing","floor":23,"turns":4},{"damage":5,"enemies":"3 Cultists","floor":25,"turns":6},{"damage":27,"enemies":"Slavers","floor":27,"turns":2}],"seed_played":"-4157164964815952099","potions_obtained":[{"floor":1,"key":"Swift Potion"},{"floor":7,"key":"Regen Potion"},{"floor":12,"key":"AttackPotion"},{"floor":14,"key":"Energy Potion"},{"floor":18,"key":"Dexterity Potion"},{"floor":25,"key":"Regen Potion"}],"is_trial":false,"path_per_floor":["M","?","$","T","$","R","M","R","T","M","R","M","$","E","R","B",null,"M","M","M","$","?","E","R","M","T"],"character_chosen":"DEFECT","items_purchased":["Defragment","White Noise","Blizzard","Chaos","Storm","Anchor"],"campfire_rested":0,"item_purchase_floors":[3,3,13,13,21,21],"current_hp_per_floor":[61,43,43,43,43,43,36,36,36,30,30,30,30,30,30,37,66,66,56,46,46,46,32,32,27,27,0],"gold":139,"neow_bonus":"","is_prod":false,"is_daily":false,"chose_seed":false,"campfire_upgraded":5,"win_rate":0,"timestamp":1539754891,"path_taken":["M","?","?","?","$","R","?","R","T","M","R","M","?","E","R","BOSS","M","?","?","$","?","E","R","M","T","E"],"build_version":"2018-10-11","purchased_purges":0,"victory":false,"max_hp_per_floor":[75,75,75,75,75,75,75,75,75,75,75,75,75,75,75,75,75,75,75,75,75,75,75,75,75,75,75],"card_choices":[{"not_picked":["Sweeping Beam","Compile Driver"],"picked":"Cold Snap","floor":1},{"not_picked":["Beam Cell","Rebound"],"picked":"Glacier","floor":7},{"not_picked":["Seek","Beam Cell"],"picked":"Ball Lightning","floor":10},{"not_picked":["Streamline","All For One"],"picked":"Barrage","floor":12},{"not_picked":["Aggregate","Undo"],"picked":"Hologram","floor":14},{"not_picked":["Core Surge","Multi-Cast"],"picked":"Creative AI","floor":16},{"not_picked":["Aggregate+1","Gash"],"picked":"Compile Driver+1","floor":18},{"not_picked":["Capacitor","Skim"],"picked":"Streamline+1","floor":19},{"not_picked":["Ball Lightning+1","Redo"],"picked":"Turbo","floor":20},{"not_picked":["Beam Cell","Stack+1"],"picked":"Core Surge","floor":23},{"not_picked":["Barrage","Turbo"],"picked":"Defragment","floor":25}],"player_experience":281375,"relics_obtained":[{"floor":4,"key":"Symbiotic Virus"},{"floor":9,"key":"Pantograph"},{"floor":14,"key":"Art of War"},{"floor":23,"key":"Ornamental Fan"},{"floor":26,"key":"Boot"}],"event_choices":[{"event_name":"Golden Idol","player_choice":"Take Damage","floor":2,"damage_taken":0},{"event_name":"The Library","player_choice":"Read","floor":22,"damage_taken":0}],"is_beta":false,"boss_relics":[{"not_picked":["Ectoplasm","Eternal Feather"],"picked":"Nuclear Battery"}],"items_purged_floors":[],"is_endless":false,"potions_floor_spawned":[1,7,12,14,18,25],"killed_by":"Slavers","ascension_level":7}