{"gold_per_floor":[11,24,37,52,52,96,96,96],"floor_reached":8,"playtime":216,"items_purged":[],"score":116,"play_id":"ed14a172-ea23-44ca-b520-91e66a9e7ca7","local_time":"20190207235429","is_ascension_mode":true,"campfire_choices":[],"neow_cost":"NO_GOLD","seed_source_timestamp":137008150259199,"circlet_count":0,"master_deck":["AscendersBane","Strike_B","Strike_B","Strike_B","Strike_B","Defend_B","Defend_B","Defend_B","Defend_B","Zap","Dualcast","Electrodynamics","BootSequence","Tempest","Static Discharge","Ball Lightning"],"relics":["Cracked Core","Golden Idol","Oddly Smooth Stone","Cables"],"potions_floor_usage":[6,6],"damage_taken":[{"damage":6,"enemies":"Cultist","floor":1,"turns":4},{"damage":0,"enemies":"Small Slimes","floor":2,"turns":3},{"damage":0,"enemies":"2 Louse","floor":3,"turns":2},{"damage":0,"enemies":"Large Slime","floor":4,"turns":3},{"damage":34,"enemies":"Gremlin Nob","floor":6,"turns":4},{"damage":8,"enemies":"Lagavulin","floor":8,"turns":2}],"seed_played":"6280193911584034227","potions_obtained":[{"floor":1,"key":"Dexterity Potion"},{"floor":3,"key":"AttackPotion"}],"is_trial":false,"path_per_floor":["M","M","M","M","?","E","?","E"],"character_chosen":"DEFECT","items_purchased":[],"campfire_rested":0,"item_purchase_floors":[],"current_hp_per_floor":[58,58,58,58,58,24,6,0],"gold":96,"neow_bonus":"THREE_RARE_CARDS","is_prod":false,"is_daily":false,"chose_seed":false,"campfire_upgraded":0,"win_rate":0,"timestamp":1549612469,"path_taken":["M","M","?","M","?","E","?","E"],"build_version":"2019-01-23","purchased_purges":0,"victory":false,"max_hp_per_floor":[71,71,71,71,64,64,64,64],"card_choices":[{"not_picked":["Buffer","Rainbow"],"picked":"Electrodynamics","floor":0},{"not_picked":["Streamline","Stack"],"picked":"BootSequence","floor":1},{"not_picked":["Sweeping Beam","Rip and Tear"],"picked":"Tempest","floor":2},{"not_picked":["Barrage","Gash","Stack"],"picked":"SKIP","floor":3},{"not_picked":["Sweeping Beam","Turbo"],"picked":"Static Discharge","floor":4},{"not_picked":["Skim","Melter"],"picked":"Ball Lightning","floor":6}],"player_experience":655789,"relics_obtained":[{"floor":6,"key":"Oddly Smooth Stone"}],"event_choices":[{"damage_healed":0,"gold_gain":0,"player_choice":"Lose Max HP","damage_taken":0,"relics_obtained":["Golden Idol"],"max_hp_gain":0,"max_hp_loss":7,"event_name":"Golden Idol","floor":5,"gold_loss":0},{"damage_healed":0,"gold_gain":0,"player_choice":"Success","damage_taken":18,"relics_obtained":["Cables"],"max_hp_gain":0,"max_hp_loss":0,"event_name":"Scrap Ooze","floor":7,"gold_loss":0}],"is_beta":false,"boss_relics":[],"items_purged_floors":[],"is_endless":false,"potions_floor_spawned":[1,3],"killed_by":"Lagavulin","ascension_level":20}