{"gold_per_floor":[214,233,233,252,177,204,204,219,244,269,269,269,269,283,283,384,384,397,312,60,60,0,0,13,47,71,71,71,71,83,35,35,139,139,155,155,167,167,185,212,212,19,19,19,35,49,80,93,93,93],"floor_reached":50,"playtime":4128,"items_purged":["Strike_R","Parasite","Bash"],"score":554,"play_id":"90dede2b-2b88-4b87-a9e9-4fb65ad77067","local_time":"20190303020744","is_ascension_mode":true,"campfire_choices":[{"floor":7,"key":"REST"},{"data":"Demon Form","floor":12,"key":"SMITH"},{"floor":15,"key":"RECALL"},{"floor":23,"key":"REST"},{"data":"Warcry","floor":27,"key":"SMITH"},{"floor":29,"key":"REST"},{"floor":32,"key":"REST"},{"floor":41,"key":"REST"},{"data":"Evolve","floor":49,"key":"SMITH"}],"neow_cost":"NONE","seed_source_timestamp":2883029889618,"circlet_count":0,"master_deck":["Strike_R+1","Strike_R+1","Strike_R+1","Strike_R+1","Defend_R+1","Defend_R+1","Defend_R+1","Defend_R+1","Clothesline","Demon Form+1","Armaments+1","Shrug It Off+1","Wild Strike","Warcry+1","Headbutt+1","Immolate","Twin Strike+1","Whirlwind","Finesse","Twin Strike+1","Uppercut+1","Evolve+1"],"relics":["Black Blood","Centennial Puzzle","Ancient Tea Set","Mercury Hourglass","PreservedInsect","Pen Nib","Shuriken","Blood Vial","Mark of Pain","Turnip","Meat on the Bone","Pantograph"],"potions_floor_usage":[6,25,25,33,40,45,50,50,50],"damage_taken":[{"damage":3,"enemies":"Small Slimes","floor":1,"turns":3},{"damage":11,"enemies":"2 Louse","floor":2,"turns":3},{"damage":1,"enemies":"Jaw Worm","floor":4,"turns":4},{"damage":43,"enemies":"Lagavulin","floor":6,"turns":7},{"damage":7,"enemies":"2 Fungi Beasts","floor":8,"turns":6},{"damage":43,"enemies":"Gremlin Nob","floor":10,"turns":6},{"damage":0,"enemies":"Blue Slaver","floor":14,"turns":3},{"damage":14,"enemies":"Slime Boss","floor":16,"turns":8},{"damage":36,"enemies":"3 Byrds","floor":18,"turns":7},{"damage":15,"enemies":"2 Thieves","floor":22,"turns":5},{"damage":21,"enemies":"Shelled Parasite and Fungi","floor":24,"turns":7},{"damage":37,"enemies":"Slavers","floor":25,"turns":6},{"damage":17,"enemies":"Snake Plant","floor":30,"turns":4},{"damage":77,"enemies":"Automaton","floor":33,"turns":9},{"damage":12,"enemies":"Orb Walker","floor":35,"turns":4},{"damage":7,"enemies":"3 Darklings","floor":37,"turns":2},{"damage":29,"enemies":"4 Shapes","floor":39,"turns":4},{"damage":48,"enemies":"Reptomancer","floor":40,"turns":5},{"damage":11,"enemies":"Spire Growth","floor":45,"turns":3},{"damage":7,"enemies":"3 Darklings","floor":46,"turns":4},{"damage":22,"enemies":"Giant Head","floor":47,"turns":7},{"damage":23,"enemies":"Sphere and 2 Shapes","floor":48,"turns":5},{"damage":97,"enemies":"Donu and Deca","floor":50,"turns":7}],"seed_played":"4161796501405187107","potions_obtained":[{"floor":1,"key":"FearPotion"},{"floor":2,"key":"BloodPotion"},{"floor":14,"key":"BloodPotion"},{"floor":25,"key":"Swift Potion"},{"floor":30,"key":"Swift Potion"},{"floor":33,"key":"BloodPotion"},{"floor":37,"key":"Weak Potion"},{"floor":39,"key":"Strength Potion"},{"floor":45,"key":"Weak Potion"},{"floor":48,"key":"PowerPotion"}],"is_trial":false,"path_per_floor":["M","M","?","M","$","E","R","M","T","E","?","R","?","M","R","B",null,"M","?","$","?","M","R","M","E","T","R","?","R","M","$","R","B",null,"M","?","M","?","M","E","R","$","T","$","M","M","E","M","R","B"],"character_chosen":"IRONCLAD","items_purchased":["Pen Nib","AttackPotion","Evolve"],"campfire_rested":5,"item_purchase_floors":[20,31,42],"current_hp_per_floor":[80,75,68,73,73,36,60,59,59,22,42,42,42,48,48,40,80,54,54,54,40,35,59,48,37,37,37,37,61,56,56,80,15,82,80,92,92,92,73,37,64,64,64,64,65,70,60,61,61,0],"gold":93,"neow_bonus":"HUNDRED_GOLD","is_prod":false,"is_daily":false,"chose_seed":false,"campfire_upgraded":3,"win_rate":0,"timestamp":1551600464,"path_taken":["M","M","?","M","$","E","R","M","T","E","?","R","?","?","R","BOSS","M","?","$","?","M","R","M","E","T","R","?","R","M","?","R","BOSS","M","?","?","?","M","E","R","$","T","$","M","M","E","M","R","BOSS"],"build_version":"2019-01-23","purchased_purges":3,"victory":false,"max_hp_per_floor":[80,80,80,80,80,80,80,80,80,80,80,80,80,80,80,80,80,80,80,77,82,82,82,82,82,82,82,82,82,82,82,82,82,82,82,92,92,92,92,92,92,92,92,92,92,92,92,92,92,92],"card_choices":[{"not_picked":["Disarm","Clash"],"picked":"Clothesline","floor":1},{"not_picked":["Clash","Cleave"],"picked":"Demon Form","floor":2},{"not_picked":["Clothesline","Thunderclap","Twin Strike"],"picked":"SKIP","floor":4},{"not_picked":["Seeing Red","Carnage","Sword Boomerang"],"picked":"SKIP","floor":6},{"not_picked":["Flex","Rampage"],"picked":"Armaments","floor":8},{"not_picked":["Limit Break","Feel No Pain","Second Wind"],"picked":"SKIP","floor":10},{"not_picked":["Rupture","Bloodletting","Sword Boomerang"],"picked":"SKIP","floor":14},{"not_picked":["Double Tap","Brutality"],"picked":"Offering","floor":16},{"not_picked":["Intimidate","Uppercut","Anger"],"picked":"SKIP","floor":18},{"not_picked":["Wild Strike+1","Pommel Strike"],"picked":"Shrug It Off+1","floor":22},{"not_picked":["Impervious","Thunderclap"],"picked":"Wild Strike","floor":24},{"not_picked":["Clothesline","Dual Wield"],"picked":"Warcry","floor":25},{"not_picked":["Disarm","Fire Breathing"],"picked":"Headbutt+1","floor":30},{"not_picked":["Brutality","Bludgeon"],"picked":"Immolate","floor":33},{"not_picked":["Infernal Blade+1","Fire Breathing+1"],"picked":"Twin Strike+1","floor":35},{"not_picked":["Cleave+1","Infernal Blade"],"picked":"Whirlwind","floor":37},{"not_picked":["Swift Strike","Deep Breath"],"picked":"Finesse","floor":38},{"not_picked":["Headbutt","Battle Trance"],"picked":"Twin Strike+1","floor":39},{"not_picked":["Intimidate+1","Offering"],"picked":"Uppercut+1","floor":40},{"not_picked":["Burning Pact","Whirlwind","Iron Wave"],"picked":"SKIP","floor":45},{"not_picked":["Iron Wave","Thunderclap","Clash"],"picked":"SKIP","floor":46},{"not_picked":["Perfected Strike","Sword Boomerang","Dropkick"],"picked":"SKIP","floor":47},{"not_picked":["Sword Boomerang","Anger+1","Carnage+1"],"picked":"SKIP","floor":48}],"player_experience":60481,"relics_obtained":[{"floor":6,"key":"Ancient Tea Set"},{"floor":10,"key":"Mercury Hourglass"},{"floor":25,"key":"Shuriken"},{"floor":26,"key":"Blood Vial"},{"floor":40,"key":"Turnip"},{"floor":43,"key":"Meat on the Bone"},{"floor":47,"key":"Pantograph"}],"event_choices":[{"damage_healed":0,"gold_gain":0,"player_choice":"Success","damage_taken":7,"relics_obtained":["Centennial Puzzle"],"max_hp_gain":0,"max_hp_loss":0,"event_name":"Scrap Ooze","floor":3,"gold_loss":0},{"damage_healed":20,"gold_gain":0,"player_choice":"Healed and dodged fight","damage_taken":0,"max_hp_gain":0,"max_hp_loss":0,"event_name":"Mushrooms","floor":11,"gold_loss":0,"cards_obtained":["Parasite"]},{"damage_healed":0,"gold_gain":0,"player_choice":"Grow","damage_taken":0,"max_hp_gain":0,"max_hp_loss":0,"event_name":"Living Wall","floor":13,"gold_loss":0,"cards_upgraded":["Armaments"]},{"damage_healed":0,"gold_gain":0,"player_choice":"Obtained Relic","damage_taken":0,"relics_obtained":["PreservedInsect"],"max_hp_gain":0,"max_hp_loss":0,"event_name":"Addict","floor":19,"gold_loss":85},{"damage_healed":0,"gold_gain":0,"player_choice":"Shed Blood","damage_taken":19,"max_hp_gain":5,"max_hp_loss":0,"event_name":"Forgotten Altar","floor":21,"gold_loss":0},{"damage_healed":0,"gold_gain":0,"player_choice":"Simplicity","damage_taken":0,"max_hp_gain":0,"max_hp_loss":0,"event_name":"Back to Basics","floor":28,"gold_loss":0,"cards_upgraded":["Strike_R","Strike_R","Strike_R","Strike_R","Defend_R","Defend_R","Defend_R","Defend_R"]},{"cards_removed":["Offering"],"damage_healed":2,"gold_gain":0,"player_choice":"Offered Rare","damage_taken":0,"max_hp_gain":10,"max_hp_loss":0,"event_name":"Bonfire Elementals","floor":36,"gold_loss":0},{"damage_healed":0,"gold_gain":0,"player_choice":"Memory 1","damage_taken":0,"max_hp_gain":0,"max_hp_loss":0,"event_name":"SensoryStone","floor":38,"gold_loss":0}],"is_beta":false,"boss_relics":[{"not_picked":["Sozu","Astrolabe"],"picked":"Black Blood"},{"not_picked":["Eternal Feather","Orrery"],"picked":"Mark of Pain"}],"items_purged_floors":[5,20,42],"is_endless":false,"potions_floor_spawned":[1,2,14,25,30,33,37,39,45,48],"killed_by":"Donu and Deca","ascension_level":1}