{"gold_per_floor":[118,118,118,135,150,150,176,25,50,50],"floor_reached":10,"playtime":372,"items_purged":["Writhe"],"score":69,"play_id":"08a25899-32aa-466d-8f4f-8e2e0df38c79","local_time":"20190223122715","is_ascension_mode":true,"campfire_choices":[{"floor":6,"key":"REST"}],"neow_cost":"CURSE","seed_source_timestamp":754284014234869,"circlet_count":0,"master_deck":["Defend_G","Defend_G","Defend_G","Defend_G+1","Defend_G","Strike_G+1","Strike_G","Strike_G","Strike_G","Strike_G","Survivor","Neutralize","Dodge and Roll","Quick Slash","Footwork","Poisoned Stab","Footwork"],"relics":["Ring of the Snake","Juzu Bracelet","Meat on the Bone"],"potions_floor_usage":[],"damage_taken":[{"damage":10,"enemies":"Jaw Worm","floor":1,"turns":6},{"damage":0,"enemies":"Small Slimes","floor":4,"turns":3},{"damage":0,"enemies":"2 Louse","floor":5,"turns":3},{"damage":42,"enemies":"Lagavulin","floor":7,"turns":12},{"damage":13,"enemies":"Lots of Slimes","floor":10,"turns":4}],"seed_played":"-6864380710025835850","potions_obtained":[{"floor":5,"key":"Ancient Potion"},{"floor":7,"key":"PowerPotion"}],"is_trial":false,"path_per_floor":["M","?","?","M","M","R","E","$","T","M"],"character_chosen":"THE_SILENT","items_purchased":["Footwork"],"campfire_rested":1,"item_purchase_floors":[8],"current_hp_per_floor":[74,57,39,39,39,64,22,22,22,9],"gold":50,"neow_bonus":"TWENTY_PERCENT_HP_BONUS","is_prod":false,"is_daily":false,"chose_seed":false,"campfire_upgraded":0,"win_rate":0,"timestamp":1550942835,"path_taken":["M","?","?","M","M","R","E","$","T","M"],"build_version":"2019-01-23","purchased_purges":1,"victory":false,"max_hp_per_floor":[84,84,84,84,84,84,84,84,84,84],"card_choices":[{"not_picked":["Dagger Throw","Masterful Stab"],"picked":"Dodge and Roll","floor":1},{"not_picked":["Backflip","Dodge and Roll"],"picked":"Quick Slash","floor":4},{"not_picked":["Leg Sweep","Escape Plan"],"picked":"Footwork","floor":5},{"not_picked":["Blur","Choke"],"picked":"Poisoned Stab","floor":7}],"player_experience":222219,"relics_obtained":[{"floor":7,"key":"Meat on the Bone"}],"event_choices":[{"damage_healed":0,"gold_gain":0,"player_choice":"Entered Light","damage_taken":17,"max_hp_gain":0,"max_hp_loss":0,"event_name":"Shining Light","floor":2,"gold_loss":0,"cards_upgraded":["Strike_G","Defend_G"]},{"damage_healed":0,"gold_gain":0,"player_choice":"Success","damage_taken":18,"relics_obtained":["Juzu Bracelet"],"max_hp_gain":0,"max_hp_loss":0,"event_name":"Scrap Ooze","floor":3,"gold_loss":0}],"is_beta":false,"boss_relics":[],"items_purged_floors":[8],"is_endless":false,"potions_floor_spawned":[5,7],"killed_by":"Lots of Slimes","ascension_level":1}