{"gold_per_floor":[119,119,294,312,312,312,338,338,338,370,384,361,361],"floor_reached":13,"playtime":299,"items_purged":[],"score":105,"play_id":"25942884-26f4-497c-9451-a32b5f66a783","local_time":"20190209230104","is_ascension_mode":true,"campfire_choices":[{"data":"Dualcast","floor":6,"key":"SMITH"},{"floor":8,"key":"REST"}],"neow_cost":"NONE","seed_source_timestamp":264745419824987,"circlet_count":0,"master_deck":["Strike_B","Strike_B","Strike_B","Strike_B","Defend_B","Defend_B","Defend_B","Zap+1","Dualcast+1","Double Energy","Doubt","Rip and Tear","Gash","Tempest","Tempest"],"relics":["Cracked Core","Bag of Marbles","Potion Belt","WingedGreaves","Singing Bowl"],"potions_floor_usage":[],"damage_taken":[{"damage":0,"enemies":"Small Slimes","floor":1,"turns":3},{"damage":0,"enemies":"2 Louse","floor":4,"turns":2},{"damage":40,"enemies":"3 Sentries","floor":7,"turns":6},{"damage":29,"enemies":"Gremlin Nob","floor":10,"turns":4},{"damage":0,"enemies":"Jaw Worm","floor":11,"turns":1},{"damage":21,"enemies":"Gremlin Gang","floor":13,"turns":2}],"seed_played":"1342543628365462089","potions_obtained":[{"floor":4,"key":"Dexterity Potion"},{"floor":10,"key":"Ancient Potion"}],"is_trial":false,"path_per_floor":["M","?","?","M","?","R","E","R","T","E","M","?","M"],"character_chosen":"DEFECT","items_purchased":[],"campfire_rested":1,"item_purchase_floors":[],"current_hp_per_floor":[75,68,68,68,68,68,28,50,50,21,21,21,0],"gold":361,"neow_bonus":"RANDOM_COMMON_RELIC","is_prod":false,"is_daily":false,"chose_seed":false,"campfire_upgraded":1,"win_rate":0,"timestamp":1549771264,"path_taken":["M","?","?","M","?","R","E","R","T","E","M","?","?"],"build_version":"2019-01-23","purchased_purges":0,"victory":false,"max_hp_per_floor":[75,75,75,75,75,75,75,75,75,75,75,75,75],"card_choices":[{"not_picked":["Barrage","Streamline"],"picked":"Double Energy","floor":1},{"not_picked":["Turbo","Barrage"],"picked":"Rip and Tear","floor":4},{"not_picked":["Redo","Auto Shields"],"picked":"Gash","floor":7},{"not_picked":["Echo Form","Recycle"],"picked":"Tempest","floor":10},{"not_picked":["Go for the Eyes","Ball Lightning"],"picked":"Tempest","floor":11}],"player_experience":172079,"relics_obtained":[{"floor":7,"key":"Potion Belt"},{"floor":9,"key":"WingedGreaves"},{"floor":10,"key":"Singing Bowl"}],"event_choices":[{"cards_removed":["Defend_B"],"damage_healed":0,"gold_gain":0,"player_choice":"Card Removal","damage_taken":7,"max_hp_gain":0,"max_hp_loss":0,"event_name":"Golden Wing","floor":2,"gold_loss":0},{"damage_healed":0,"gold_gain":175,"player_choice":"AGREE","damage_taken":0,"max_hp_gain":0,"max_hp_loss":0,"event_name":"Liars Game","floor":3,"gold_loss":0,"cards_obtained":["Doubt"]},{"damage_healed":0,"gold_gain":0,"player_choice":"Grow","damage_taken":0,"max_hp_gain":0,"max_hp_loss":0,"event_name":"Living Wall","floor":5,"gold_loss":0,"cards_upgraded":["Zap"]},{"damage_healed":0,"gold_gain":0,"player_choice":"Left Gold","damage_taken":0,"max_hp_gain":0,"max_hp_loss":0,"event_name":"World of Goop","floor":12,"gold_loss":23}],"is_beta":false,"boss_relics":[],"items_purged_floors":[],"is_endless":false,"potions_floor_spawned":[4,10],"killed_by":"Gremlin Gang","ascension_level":3}