{"gold_per_floor":[115,115,135,135,147,147,181,194,219,219,231,265,265,71,71,173,173,185,204,242,260,260,260,260,260,260,277,202,202,102,113,113,216,216,232,251,267,283,283,283,283,283,283,283,283],"floor_reached":45,"playtime":2463,"items_purged":["Shame","Strike_G"],"score":531,"play_id":"9affe604-fd9e-4f08-a83d-277611804fe9","local_time":"20181122184128","is_ascension_mode":true,"campfire_choices":[{"data":"Survivor","floor":6,"key":"SMITH"},{"data":"Noxious Fumes","floor":10,"key":"SMITH"},{"data":"Footwork","floor":13,"key":"SMITH"},{"data":"Flying Knee","floor":15,"key":"SMITH"},{"data":"Glass Knife","floor":23,"key":"SMITH"},{"data":"Die Die Die","floor":25,"key":"SMITH"},{"data":"Blur","floor":32,"key":"SMITH"},{"floor":40,"key":"REST"},{"data":"Creative AI","floor":42,"key":"SMITH"}],"neow_cost":"NONE","seed_source_timestamp":634885594474500,"circlet_count":0,"master_deck":["Defend_G+1","Defend_G","Defend_G","Defend_G","Strike_G+1","Strike_G+1","Survivor+1","Neutralize+1","Backflip+1","Flying Knee+1","Noxious Fumes+1","Footwork+1","Die Die Die+1","Glass Knife+1","Sword Boomerang+1","Jack Of All Trades+1","True Grit+1","Feel No Pain+1","Blur+1","Creative AI+1","True Grit+1","Quick Slash+1","PiercingWail+1","Backflip+1","Pain","Parasite"],"relics":["Ring of the Snake","NeowsBlessing","War Paint","Whetstone","Boot","PrismaticShard","Cursed Key","MutagenicStrength","Art of War","Gremlin Horn","Empty Cage","Lantern","Singing Bowl"],"potions_floor_usage":[7,16,20,21,37,45,45],"damage_taken":[{"damage":0,"enemies":"Small Slimes","floor":1,"turns":1},{"damage":0,"enemies":"Jaw Worm","floor":3,"turns":1},{"damage":0,"enemies":"Cultist","floor":5,"turns":1},{"damage":15,"enemies":"Gremlin Nob","floor":7,"turns":6},{"damage":0,"enemies":"Large Slime","floor":8,"turns":6},{"damage":1,"enemies":"Exordium Wildlife","floor":11,"turns":4},{"damage":3,"enemies":"Lagavulin","floor":12,"turns":7},{"damage":22,"enemies":"The Guardian","floor":16,"turns":13},{"damage":4,"enemies":"3 Byrds","floor":18,"turns":4},{"damage":8,"enemies":"2 Thieves","floor":19,"turns":4},{"damage":5,"enemies":"Cultist and Chosen","floor":20,"turns":5},{"damage":5,"enemies":"Snecko","floor":21,"turns":5},{"damage":10,"enemies":"Shelled Parasite and Fungi","floor":27,"turns":4},{"damage":0,"enemies":"Centurion and Healer","floor":31,"turns":6},{"damage":10,"enemies":"Collector","floor":33,"turns":10},{"damage":16,"enemies":"3 Darklings","floor":35,"turns":5},{"damage":0,"enemies":"3 Shapes","floor":36,"turns":4},{"damage":9,"enemies":"3 Darklings","floor":37,"turns":7},{"damage":13,"enemies":"Spire Growth","floor":38,"turns":7},{"damage":43,"enemies":"Sphere and 2 Shapes","floor":45,"turns":5}],"seed_played":"-6980358969799654099","potions_obtained":[{"floor":3,"key":"PowerPotion"},{"floor":5,"key":"Explosive Potion"},{"floor":11,"key":"Regen Potion"},{"floor":12,"key":"Swift Potion"},{"floor":18,"key":"Strength Potion"},{"floor":27,"key":"FearPotion"},{"floor":33,"key":"Weak Potion"}],"is_trial":false,"path_per_floor":["M","?","M","?","M","R","E","M","T","R","M","E","R","$","R","B",null,"M","M","M","M","?","R","?","R","T","M","$","?","$","M","R","B",null,"M","M","M","M","?","R","?","R","T","T","M"],"character_chosen":"THE_SILENT","items_purchased":["PrismaticShard"],"campfire_rested":1,"item_purchase_floors":[14],"current_hp_per_floor":[70,70,70,70,70,70,55,55,55,55,54,51,51,51,51,29,60,56,48,57,52,52,52,45,45,45,35,35,35,35,35,35,25,59,43,43,34,21,21,42,42,42,42,42,0],"gold":283,"neow_bonus":"THREE_ENEMY_KILL","is_prod":false,"is_daily":false,"chose_seed":false,"campfire_upgraded":8,"win_rate":0,"timestamp":1542930088,"path_taken":["M","?","M","?","?","R","E","M","T","R","M","E","R","$","R","BOSS","M","M","M","M","?","R","?","R","T","?","?","?","$","M","R","BOSS","M","M","M","M","?","R","?","R","T","?","?"],"build_version":"2018-11-15","purchased_purges":2,"victory":false,"max_hp_per_floor":[70,70,70,70,70,70,70,70,70,70,70,70,70,70,70,70,70,70,70,70,70,70,70,70,70,70,70,70,70,70,70,70,70,70,70,70,70,70,70,70,66,66,66,66,66],"card_choices":[{"not_picked":["Underhanded Strike","Endless Agony","Quick Slash"],"picked":"SKIP","floor":1},{"not_picked":["Poisoned Stab","Expertise"],"picked":"Backflip","floor":3},{"not_picked":["Slice","Dagger Throw"],"picked":"Flying Knee","floor":5},{"not_picked":["Bane","Dash","Blade Dance"],"picked":"SKIP","floor":7},{"not_picked":["Finisher","Slice"],"picked":"Noxious Fumes","floor":8},{"not_picked":["Glass Knife","Outmaneuver"],"picked":"Footwork","floor":11},{"not_picked":["Bane","Quick Slash"],"picked":"Die Die Die","floor":12},{"not_picked":["Glass Knife","Dark Embrace"],"picked":"Glass Knife","floor":16},{"not_picked":["Warcry","Barrage+1"],"picked":"Sword Boomerang+1","floor":18},{"not_picked":["Thunderclap","Leap"],"picked":"Jack Of All Trades+1","floor":19},{"not_picked":["Entrench+1","Evolve"],"picked":"True Grit+1","floor":20},{"not_picked":["PanicButton","Clothesline"],"picked":"Feel No Pain+1","floor":21},{"not_picked":["Burst","Flex"],"picked":"Blur","floor":27},{"not_picked":["Backflip","Cleave","Twin Strike+1"],"picked":"SKIP","floor":31},{"not_picked":["Biased Cognition","Die Die Die"],"picked":"Creative AI","floor":33},{"not_picked":["Inflame","Wild Strike"],"picked":"True Grit+1","floor":35},{"not_picked":["Slice+1","Blade Dance+1"],"picked":"Quick Slash+1","floor":36},{"not_picked":["Berserk","Clothesline"],"picked":"PiercingWail+1","floor":37},{"not_picked":["Cleave+1","Slice+1"],"picked":"Backflip+1","floor":38}],"player_experience":410939,"relics_obtained":[{"floor":7,"key":"War Paint"},{"floor":9,"key":"Whetstone"},{"floor":12,"key":"Boot"},{"floor":26,"key":"Art of War"},{"floor":43,"key":"Lantern"},{"floor":44,"key":"Singing Bowl"}],"event_choices":[{"damage_healed":0,"gold_gain":0,"player_choice":"Grow","damage_taken":0,"max_hp_gain":0,"max_hp_loss":0,"event_name":"Living Wall","floor":2,"gold_loss":0,"cards_upgraded":["Neutralize"]},{"damage_healed":0,"gold_gain":0,"player_choice":"Forge","damage_taken":0,"max_hp_gain":0,"max_hp_loss":0,"event_name":"Accursed Blacksmith","floor":4,"gold_loss":0,"cards_upgraded":["Backflip"]},{"damage_healed":0,"gold_gain":0,"player_choice":"Inject Mutagens","damage_taken":0,"relics_obtained":["MutagenicStrength"],"max_hp_gain":0,"max_hp_loss":0,"event_name":"Drug Dealer","floor":22,"gold_loss":0},{"damage_healed":0,"gold_gain":0,"player_choice":"Damaged","damage_taken":7,"max_hp_gain":0,"max_hp_loss":0,"event_name":"Wheel of Change","floor":24,"gold_loss":0},{"damage_healed":0,"gold_gain":0,"player_choice":"Opened","damage_taken":0,"relics_obtained":["Gremlin Horn"],"max_hp_gain":0,"max_hp_loss":0,"event_name":"The Mausoleum","floor":29,"gold_loss":0},{"cards_removed":["Defend_G"],"damage_healed":0,"gold_gain":0,"player_choice":"Removed Skill","damage_taken":0,"max_hp_gain":0,"max_hp_loss":0,"event_name":"Falling","floor":39,"gold_loss":0},{"damage_healed":0,"gold_gain":0,"player_choice":"Max HP","damage_taken":0,"max_hp_gain":0,"max_hp_loss":4,"event_name":"Winding Halls","floor":41,"gold_loss":0}],"is_beta":true,"boss_relics":[{"not_picked":["Pandora\u0027s Box","Eternal Feather"],"picked":"Cursed Key"},{"not_picked":["Ring of the Serpent","Philosopher\u0027s Stone"],"picked":"Empty Cage"}],"items_purged_floors":[28,30],"is_endless":false,"potions_floor_spawned":[3,5,11,12,18,19,27,33,35],"killed_by":"Sphere and 2 Shapes","ascension_level":5}