{"gold_per_floor":[116,116,140,140,155,195,195,235,235,235],"floor_reached":10,"playtime":371,"items_purged":[],"score":95,"play_id":"14de0706-b6bd-4e19-97cb-1f1846a6a4c8","local_time":"20190119013327","is_ascension_mode":true,"campfire_choices":[],"neow_cost":"NONE","seed_source_timestamp":724562631011300,"circlet_count":0,"master_deck":["Strike_R","Strike_R","Strike_R","Strike_R","Strike_R","Defend_R","Defend_R","Defend_R","Defend_R","Bash","Iron Wave","Metallicize+1","Sword Boomerang","Shockwave","Burning Pact","Bandage Up","Shrug It Off"],"relics":["Burning Blood","NeowsBlessing","Golden Idol","Bottled Tornado","Mercury Hourglass","Meat on the Bone"],"potions_floor_usage":[10],"damage_taken":[{"damage":0,"enemies":"Jaw Worm","floor":1,"turns":1},{"damage":0,"enemies":"2 Louse","floor":3,"turns":1},{"damage":0,"enemies":"Cultist","floor":5,"turns":1},{"damage":46,"enemies":"Lagavulin","floor":6,"turns":11},{"damage":21,"enemies":"3 Sentries","floor":8,"turns":10},{"damage":47,"enemies":"Gremlin Nob","floor":10,"turns":5}],"seed_played":"-7922738750500738124","potions_obtained":[{"floor":5,"key":"Dexterity Potion"}],"is_trial":false,"path_per_floor":["M","?","M","?","M","E","?","E","T","E"],"character_chosen":"IRONCLAD","items_purchased":[],"campfire_rested":0,"item_purchase_floors":[],"current_hp_per_floor":[80,60,66,66,72,32,32,21,21,0],"gold":235,"neow_bonus":"THREE_ENEMY_KILL","is_prod":false,"is_daily":false,"chose_seed":false,"campfire_upgraded":0,"win_rate":0,"timestamp":1547890407,"path_taken":["M","?","M","?","?","E","?","E","T","E"],"build_version":"2019-01-17v2","purchased_purges":0,"victory":false,"max_hp_per_floor":[80,80,80,80,80,80,80,80,80,80],"card_choices":[{"not_picked":["Body Slam","Clash"],"picked":"Iron Wave","floor":1},{"not_picked":["Heavy Blade","Disarm"],"picked":"Metallicize","floor":3},{"not_picked":["Heavy Blade","Wild Strike"],"picked":"Sword Boomerang","floor":5},{"not_picked":["Thunderclap","Sever Soul"],"picked":"Shockwave","floor":6},{"not_picked":["Wild Strike","Fiend Fire"],"picked":"Shrug It Off","floor":8}],"player_experience":538240,"relics_obtained":[{"floor":6,"key":"Bottled Tornado"},{"floor":8,"key":"Mercury Hourglass"},{"floor":9,"key":"Meat on the Bone"}],"event_choices":[{"damage_healed":0,"gold_gain":0,"player_choice":"Take Damage","damage_taken":20,"relics_obtained":["Golden Idol"],"max_hp_gain":0,"max_hp_loss":0,"event_name":"Golden Idol","floor":2,"gold_loss":0},{"damage_healed":0,"gold_gain":0,"player_choice":"Upgraded","damage_taken":0,"max_hp_gain":0,"max_hp_loss":0,"event_name":"Upgrade Shrine","floor":4,"gold_loss":0,"cards_upgraded":["Metallicize"]},{"damage_healed":0,"gold_gain":0,"player_choice":"2 cards matched","damage_taken":0,"max_hp_gain":0,"max_hp_loss":0,"event_name":"Match and Keep!","floor":7,"gold_loss":0,"cards_obtained":["Burning Pact","Bandage Up"]}],"is_beta":false,"boss_relics":[],"items_purged_floors":[],"is_endless":false,"potions_floor_spawned":[5],"killed_by":"Gremlin Nob","ascension_level":5}