{"gold_per_floor":[119,99,60,74,74,109,109,127,127,127,163,176,219,237,237,333,333,347,347,371,371,79,79,92,116,116,116,134,59,59],"floor_reached":30,"playtime":1881,"items_purged":["Doubt"],"score":500,"play_id":"5f409910-5f0f-4037-869c-83c4f3e23819","local_time":"20190216002047","is_ascension_mode":true,"campfire_choices":[{"floor":7,"key":"REST"},{"floor":10,"key":"REST"},{"floor":15,"key":"REST"},{"floor":23,"key":"REST"}],"neow_cost":"NONE","seed_source_timestamp":111655892126103,"circlet_count":0,"master_deck":["AscendersBane","Strike_B+1","Strike_B+1","Strike_B+1","Strike_B+1","Defend_B+1","Defend_B+1","Defend_B+1","Defend_B+1","Zap","Dualcast+1","Cold Snap","FTL","Steam","Ball Lightning","Conserve Battery","Sweeping Beam","Capacitor","Echo Form","Genetic Algorithm","Core Surge","Ghostly","Ghostly","Ghostly+1","Hello World","Genetic Algorithm","Writhe","Storm"],"relics":["Cracked Core","Whetstone","Golden Idol","Calipers","Bird Faced Urn","Strawberry","Bag of Marbles","Cursed Key","War Paint","Mercury Hourglass","Potion Belt"],"potions_floor_usage":[11,14,16,25,30],"damage_taken":[{"damage":3,"enemies":"Small Slimes","floor":1,"turns":2},{"damage":1,"enemies":"Cultist","floor":4,"turns":3},{"damage":16,"enemies":"Lagavulin","floor":6,"turns":7},{"damage":6,"enemies":"2 Louse","floor":8,"turns":2},{"damage":5,"enemies":"3 Sentries","floor":11,"turns":5},{"damage":11,"enemies":"Blue Slaver","floor":12,"turns":2},{"damage":30,"enemies":"Gremlin Nob","floor":13,"turns":4},{"damage":0,"enemies":"Exordium Wildlife","floor":14,"turns":2},{"damage":39,"enemies":"Slime Boss","floor":16,"turns":9},{"damage":34,"enemies":"Shell Parasite","floor":18,"turns":4},{"damage":26,"enemies":"2 Thieves","floor":20,"turns":4},{"damage":0,"enemies":"Centurion and Healer","floor":24,"turns":6},{"damage":19,"enemies":"Shelled Parasite and Fungi","floor":25,"turns":5},{"damage":2,"enemies":"Snecko","floor":28,"turns":6},{"damage":30,"enemies":"Snake Plant","floor":30,"turns":4}],"seed_played":"-8826803176206995857","potions_obtained":[{"floor":2,"key":"Fire Potion"},{"floor":4,"key":"Fire Potion"},{"floor":11,"key":"SkillPotion"},{"floor":13,"key":"FocusPotion"},{"floor":25,"key":"Dexterity Potion"}],"is_trial":false,"path_per_floor":["M","?","$","M","?","E","R","M","T","R","E","M","E","M","R","B",null,"M","?","M","?","$","R","M","M","T","?","M","$","M"],"character_chosen":"DEFECT","items_purchased":["FTL","Hello World","PowerPotion","War Paint"],"campfire_rested":4,"item_purchase_floors":[3,22,22,22],"current_hp_per_floor":[61,61,61,60,36,20,41,35,35,56,58,47,19,19,42,5,60,30,30,8,8,8,19,25,14,14,14,18,18,0],"gold":59,"neow_bonus":"RANDOM_COMMON_RELIC","is_prod":false,"is_daily":false,"chose_seed":false,"campfire_upgraded":0,"win_rate":0,"timestamp":1550272847,"path_taken":["M","?","?","M","?","E","R","M","T","R","E","M","E","M","R","BOSS","M","?","M","?","?","R","M","M","T","?","?","?","M"],"build_version":"2019-02-06","purchased_purges":1,"victory":false,"max_hp_per_floor":[71,71,71,71,71,71,71,71,71,71,78,78,78,78,78,78,78,78,39,39,39,39,39,39,39,39,39,39,39,39],"card_choices":[{"not_picked":["Leap","Redo"],"picked":"Cold Snap","floor":1},{"not_picked":["Loop","Hologram"],"picked":"Steam","floor":4},{"not_picked":["Biased Cognition","Barrage"],"picked":"Ball Lightning","floor":6},{"not_picked":["Rebound","Sweeping Beam"],"picked":"Conserve Battery","floor":8},{"not_picked":["Conserve Battery","Rebound"],"picked":"Sweeping Beam","floor":11},{"not_picked":["Redo","Self Repair"],"picked":"Capacitor","floor":12},{"not_picked":["Barrage","Steam"],"picked":"Echo Form","floor":13},{"not_picked":["Go for the Eyes","Aggregate"],"picked":"Genetic Algorithm","floor":14},{"not_picked":["Meteor Strike","Machine Learning"],"picked":"Core Surge","floor":16},{"not_picked":["Streamline","Compile Driver","Rebound"],"picked":"SKIP","floor":18},{"not_picked":["Aggregate","Fusion","Hologram"],"picked":"SKIP","floor":20},{"not_picked":["Rebound+1","Static Discharge","Skim"],"picked":"SKIP","floor":24},{"not_picked":["Beam Cell","Leap"],"picked":"Genetic Algorithm","floor":25},{"not_picked":["Stack","Compile Driver"],"picked":"Storm","floor":28}],"player_experience":1202229,"relics_obtained":[{"floor":6,"key":"Calipers"},{"floor":9,"key":"Bird Faced Urn"},{"floor":11,"key":"Strawberry"},{"floor":13,"key":"Bag of Marbles"},{"floor":26,"key":"Mercury Hourglass"}],"event_choices":[{"damage_healed":0,"gold_gain":0,"player_choice":"Bought 1 Potion","damage_taken":0,"max_hp_gain":0,"max_hp_loss":0,"event_name":"The Woman in Blue","floor":2,"gold_loss":0},{"damage_healed":0,"gold_gain":0,"player_choice":"Take Damage","damage_taken":24,"relics_obtained":["Golden Idol"],"max_hp_gain":0,"max_hp_loss":0,"event_name":"Golden Idol","floor":5,"gold_loss":0},{"damage_healed":0,"gold_gain":0,"player_choice":"Became a Ghost","damage_taken":0,"max_hp_gain":0,"max_hp_loss":39,"event_name":"Ghosts","floor":19,"gold_loss":0,"cards_obtained":["Ghostly","Ghostly","Ghostly"]},{"damage_healed":0,"gold_gain":0,"player_choice":"Simplicity","damage_taken":0,"max_hp_gain":0,"max_hp_loss":0,"event_name":"Back to Basics","floor":21,"gold_loss":0,"cards_upgraded":["Strike_B","Strike_B","Defend_B","Defend_B","Defend_B","Defend_B"]},{"damage_healed":0,"gold_gain":0,"player_choice":"Opened","damage_taken":0,"relics_obtained":["Potion Belt"],"max_hp_gain":0,"max_hp_loss":0,"event_name":"The Mausoleum","floor":27,"gold_loss":0,"cards_obtained":["Writhe"]}],"is_beta":true,"boss_relics":[{"not_picked":["Empty Cage","Coffee Dripper"],"picked":"Cursed Key"}],"items_purged_floors":[29],"is_endless":false,"potions_floor_spawned":[4,8,11,13,25],"killed_by":"Snake Plant","ascension_level":20}