{"gold_per_floor":[111,61,77,7,7,39,39,55,55,16,34,47,47,67,67,168,168,181,191,24,24,24,24,24],"floor_reached":24,"playtime":1622,"items_purged":["Defend_R"],"score":196,"play_id":"2d6ca6a5-141b-438a-8e63-8f92f4c09c1e","local_time":"20180819171553","is_ascension_mode":false,"campfire_choices":[{"data":"Armaments","floor":7,"key":"SMITH"},{"data":"Bash","floor":13,"key":"SMITH"},{"data":"Reckless Charge","floor":15,"key":"SMITH"},{"data":"Inflame","floor":23,"key":"SMITH"}],"neow_cost":"NONE","seed_source_timestamp":138660652676102,"circlet_count":0,"master_deck":["Strike_R","Defend_R","Defend_R","Defend_R","Bash+1","Intimidate","Reckless Charge+1","Inflame+1","Armaments+1","Evolve","True Grit+1","Evolve","Warcry+1","Limit Break+1","Pummel","Twin Strike","Madness+1","Headbutt","Shrug It Off+1"],"relics":["Burning Blood","The Courier","Toxic Egg 2","Black Star"],"potions_floor_usage":[12,16,19,24,24,24],"damage_taken":[{"damage":5,"enemies":"Small Slimes","floor":1,"turns":4},{"damage":1,"enemies":"Cultist","floor":3,"turns":3},{"damage":31,"enemies":"Gremlin Nob","floor":6,"turns":5},{"damage":0,"enemies":"2 Louse","floor":8,"turns":3},{"damage":4,"enemies":"Red Slaver","floor":11,"turns":4},{"damage":11,"enemies":"Gremlin Gang","floor":12,"turns":4},{"damage":2,"enemies":"Blue Slaver","floor":14,"turns":4},{"damage":23,"enemies":"The Guardian","floor":16,"turns":12},{"damage":31,"enemies":"Chosen","floor":18,"turns":8},{"damage":9,"enemies":"2 Thieves","floor":19,"turns":4},{"damage":57,"enemies":"Gremlin Leader","floor":24,"turns":6}],"seed_played":"-1521885470570332681","potions_obtained":[{"floor":1,"key":"Swift Potion"},{"floor":8,"key":"LiquidBronze"},{"floor":14,"key":"SteroidPotion"},{"floor":16,"key":"Fire Potion"},{"floor":18,"key":"FearPotion"},{"floor":19,"key":"Block Potion"}],"is_trial":false,"path_per_floor":["M","?","M","$","?","E","R","M","T","$","M","M","R","M","R","B",null,"M","M","$","?","?","R"],"character_chosen":"IRONCLAD","items_purchased":["Inflame","True Grit+1","Madness+1","Headbutt"],"campfire_rested":0,"item_purchase_floors":[4,10,20,20],"current_hp_per_floor":[80,80,80,80,80,55,55,61,61,61,63,58,58,62,62,45,80,55,52,52,52,52,52,0],"gold":24,"neow_bonus":"REMOVE_CARD","is_prod":false,"is_daily":false,"chose_seed":false,"campfire_upgraded":4,"win_rate":0,"timestamp":1534713353,"path_taken":["M","?","M","$","?","E","R","M","T","?","?","M","R","?","R","BOSS","M","M","$","?","?","R","E"],"build_version":"2018-08-16","purchased_purges":1,"victory":false,"max_hp_per_floor":[80,80,80,80,80,80,80,80,80,80,80,80,80,80,80,80,80,80,80,80,80,80,80,80],"card_choices":[{"not_picked":["Cleave","Armaments"],"picked":"Intimidate","floor":1},{"not_picked":["Uppercut","Rupture"],"picked":"Reckless Charge","floor":3},{"not_picked":["Whirlwind","Havoc"],"picked":"Armaments","floor":6},{"not_picked":["Fire Breathing","Shockwave"],"picked":"Evolve","floor":8},{"not_picked":["Perfected Strike","Ghostly Armor+1"],"picked":"Evolve","floor":11},{"not_picked":["Armaments+1","Headbutt"],"picked":"Warcry+1","floor":12},{"not_picked":["Headbutt","Flex+1","Clothesline"],"picked":"SKIP","floor":14},{"not_picked":["Juggernaut","Impervious+1"],"picked":"Limit Break+1","floor":16},{"not_picked":["Rage+1","Cleave"],"picked":"Pummel","floor":18},{"not_picked":["Second Wind+1","Armaments+1"],"picked":"Twin Strike","floor":19}],"player_experience":109575,"relics_obtained":[{"floor":6,"key":"The Courier"},{"floor":9,"key":"Toxic Egg 2"}],"event_choices":[{"event_name":"The Cleric","player_choice":"Card Removal","floor":2,"damage_taken":0},{"event_name":"Purifier","player_choice":"One Purge","floor":5,"damage_taken":0},{"event_name":"Back to Basics","player_choice":"Elegance","floor":21,"damage_taken":0},{"event_name":"The Library","player_choice":"Read","floor":22,"damage_taken":0}],"is_beta":false,"boss_relics":[{"not_picked":["Black Blood","Runic Pyramid"],"picked":"Black Star"}],"items_purged_floors":[20],"is_endless":false,"potions_floor_spawned":[1,8,14,16,18,19],"killed_by":"Gremlin Leader","ascension_level":0}