{"gold_per_floor":[18,28,43,53,72,106,126,161,161,174,174,197,197],"floor_reached":13,"playtime":1872,"items_purged":[],"score":104,"play_id":"7489ae07-78c4-4e7a-96fa-3b18017ed415","local_time":"20190124204911","is_ascension_mode":true,"campfire_choices":[],"neow_cost":"NO_GOLD","seed_source_timestamp":58334753080864,"circlet_count":0,"master_deck":["Strike_B","Strike_B","Strike_B","Strike_B","Defend_B","Defend_B","Defend_B","Defend_B","Zap","Dualcast","Ball Lightning","Gash","Streamline","Beam Cell","Leap","Genetic Algorithm","Gash","Fission","Rip and Tear","Regret"],"relics":["Cracked Core","WingedGreaves","Lantern","Anchor","Frozen Egg 2","DataDisk"],"potions_floor_usage":[6,8,13],"damage_taken":[{"damage":0,"enemies":"Cultist","floor":1,"turns":4},{"damage":6,"enemies":"Jaw Worm","floor":2,"turns":3},{"damage":0,"enemies":"2 Louse","floor":3,"turns":2},{"damage":8,"enemies":"Red Slaver","floor":4,"turns":3},{"damage":10,"enemies":"Large Slime","floor":5,"turns":4},{"damage":13,"enemies":"3 Sentries","floor":6,"turns":5},{"damage":0,"enemies":"Blue Slaver","floor":7,"turns":2},{"damage":8,"enemies":"Gremlin Nob","floor":8,"turns":3},{"damage":13,"enemies":"3 Louse","floor":10,"turns":3},{"damage":20,"enemies":"Gremlin Gang","floor":13,"turns":3}],"seed_played":"-7895278975068618401","potions_obtained":[{"floor":2,"key":"Weak Potion"},{"floor":4,"key":"SkillPotion"},{"floor":7,"key":"SkillPotion"},{"floor":8,"key":"FocusPotion"}],"is_trial":false,"path_per_floor":["M","M","M","M","M","E","M","E","T","M","?","T","M"],"character_chosen":"DEFECT","items_purchased":[],"campfire_rested":0,"item_purchase_floors":[],"current_hp_per_floor":[75,69,69,61,51,38,38,30,30,17,17,17,0],"gold":197,"neow_bonus":"ONE_RARE_RELIC","is_prod":false,"is_daily":false,"chose_seed":false,"campfire_upgraded":0,"win_rate":0,"timestamp":1548380951,"path_taken":["M","?","M","M","M","E","M","E","T","M","?","?","M"],"build_version":"2019-01-23","purchased_purges":0,"victory":false,"max_hp_per_floor":[75,75,75,75,75,75,75,75,75,75,75,75,75],"card_choices":[{"not_picked":["Reinforced Body","Go for the Eyes"],"picked":"Ball Lightning","floor":1},{"not_picked":["Ball Lightning","Skim"],"picked":"Gash","floor":2},{"not_picked":["Turbo","Steam"],"picked":"Streamline","floor":3},{"not_picked":["Streamline","Fusion"],"picked":"Beam Cell","floor":4},{"not_picked":["Core Surge","Ball Lightning"],"picked":"Leap","floor":5},{"not_picked":["Coolheaded","Ball Lightning"],"picked":"Genetic Algorithm","floor":6},{"not_picked":["Heatsinks","Rip and Tear"],"picked":"Gash","floor":7},{"not_picked":["Redo","Coolheaded"],"picked":"Fission","floor":8},{"not_picked":["Steam","Stack"],"picked":"Rip and Tear","floor":10}],"player_experience":96904,"relics_obtained":[{"floor":6,"key":"Lantern"},{"floor":8,"key":"Anchor"},{"floor":9,"key":"Frozen Egg 2"}],"event_choices":[{"damage_healed":0,"gold_gain":0,"player_choice":"Box","damage_taken":0,"relics_obtained":["DataDisk"],"max_hp_gain":0,"max_hp_loss":0,"event_name":"Big Fish","floor":11,"gold_loss":0,"cards_obtained":["Regret"]}],"is_beta":false,"boss_relics":[],"items_purged_floors":[],"is_endless":false,"potions_floor_spawned":[2,4,7,8],"killed_by":"Gremlin Gang","ascension_level":1}