{"gold_per_floor":[114,2,17,17,17,43,43,61,61,78,105,105,105,105],"floor_reached":14,"playtime":793,"items_purged":["Strike_G"],"score":113,"play_id":"7d6d28c7-65f6-49f0-8722-c462ef5bb8f7","local_time":"20190125214158","is_ascension_mode":true,"campfire_choices":[{"floor":7,"key":"RECALL"},{"floor":12,"key":"REST"}],"neow_cost":"NONE","seed_source_timestamp":148994929447084,"circlet_count":0,"master_deck":["Defend_G","Defend_G","Defend_G","Defend_G","Defend_G+1","Strike_G","Strike_G","Strike_G","Strike_G","Survivor","Neutralize","Acrobatics","Masterful Stab","Flying Knee","Backflip","Flying Knee+1","Slice"],"relics":["Busted Crown","Matryoshka","Shuriken","Smiling Mask","Happy Flower"],"potions_floor_usage":[11],"damage_taken":[{"damage":0,"enemies":"2 Louse","floor":1,"turns":3},{"damage":1,"enemies":"Small Slimes","floor":3,"turns":3},{"damage":38,"enemies":"Gremlin Nob","floor":6,"turns":4},{"damage":0,"enemies":"Cultist","floor":8,"turns":3},{"damage":0,"enemies":"Blue Slaver","floor":10,"turns":3},{"damage":23,"enemies":"Lagavulin","floor":11,"turns":9},{"damage":20,"enemies":"3 Sentries","floor":14,"turns":6}],"seed_played":"-1041426330093607115","potions_obtained":[{"floor":3,"key":"Ancient Potion"},{"floor":8,"key":"Energy Potion"}],"is_trial":false,"path_per_floor":["M","$","M","?","?","E","R","M","T","M","E","R","?","E"],"character_chosen":"THE_SILENT","items_purchased":["Masterful Stab"],"campfire_rested":1,"item_purchase_floors":[2],"current_hp_per_floor":[70,70,69,66,66,28,28,28,28,28,5,26,12,0],"gold":105,"neow_bonus":"BOSS_RELIC","is_prod":false,"is_daily":false,"chose_seed":false,"campfire_upgraded":0,"win_rate":0,"timestamp":1548470518,"path_taken":["M","$","M","?","?","E","R","M","T","M","E","R","?","E"],"build_version":"2019-01-23","purchased_purges":1,"victory":false,"max_hp_per_floor":[70,70,70,70,70,70,70,70,70,70,70,70,70,70],"card_choices":[{"not_picked":[],"picked":"Acrobatics","floor":1},{"not_picked":[],"picked":"Flying Knee","floor":3},{"not_picked":[],"picked":"Backflip","floor":6},{"not_picked":[],"picked":"Flying Knee","floor":8},{"not_picked":["PiercingWail"],"picked":"SKIP","floor":10},{"not_picked":[],"picked":"Slice","floor":11}],"player_experience":146669,"relics_obtained":[{"floor":6,"key":"Shuriken"},{"floor":9,"key":"Smiling Mask"},{"floor":11,"key":"Happy Flower"}],"event_choices":[{"damage_healed":0,"gold_gain":0,"player_choice":"Success","damage_taken":3,"relics_obtained":["Matryoshka"],"max_hp_gain":0,"max_hp_loss":0,"event_name":"Scrap Ooze","floor":4,"gold_loss":0},{"damage_healed":0,"gold_gain":0,"player_choice":"Leave","damage_taken":0,"max_hp_gain":0,"max_hp_loss":0,"event_name":"The Cleric","floor":5,"gold_loss":0},{"damage_healed":0,"gold_gain":0,"player_choice":"Entered Light","damage_taken":14,"max_hp_gain":0,"max_hp_loss":0,"event_name":"Shining Light","floor":13,"gold_loss":0,"cards_upgraded":["Flying Knee","Defend_G"]}],"is_beta":false,"boss_relics":[],"items_purged_floors":[2],"is_endless":false,"potions_floor_spawned":[3,8],"killed_by":"3 Sentries","ascension_level":3}