{"gold_per_floor":[112,40,57,7,20,46,46,61,86,86,102,102,135,155,155,252,252,262,282,292,292,364,364,364],"floor_reached":24,"playtime":1692,"items_purged":[],"score":229,"play_id":"915278e9-d19e-4384-949c-7959e82f3fe1","local_time":"20180925021638","is_ascension_mode":true,"campfire_choices":[{"data":"Self Repair","floor":7,"key":"SMITH"},{"data":"Zap","floor":15,"key":"SMITH"},{"data":"White Noise","floor":23,"key":"SMITH"}],"neow_cost":"NONE","seed_source_timestamp":122982648415096,"circlet_count":0,"master_deck":["Strike_B","Strike_B","Defend_B","Defend_B","Defend_B","Defend_B","Zap+1","Dualcast","Amplify","Doom and Gloom","Self Repair+1","Leap","White Noise+1","Cold Snap","FTL","Cold Snap","Self Repair","Gash","Thunder Strike","Darkness","Chill+1","Ball Lightning","Conserve Battery"],"relics":["FrozenCore","DataDisk","Happy Flower","Meat on the Bone","Smiling Mask","Toxic Egg 2"],"potions_floor_usage":[],"damage_taken":[{"damage":0,"enemies":"2 Louse","floor":1,"turns":3},{"damage":8,"enemies":"Jaw Worm","floor":3,"turns":4},{"damage":0,"enemies":"Cultist","floor":5,"turns":4},{"damage":39,"enemies":"Gremlin Nob","floor":6,"turns":5},{"damage":12,"enemies":"Exordium Wildlife","floor":8,"turns":5},{"damage":8,"enemies":"Blue Slaver","floor":11,"turns":5},{"damage":1,"enemies":"Lagavulin","floor":13,"turns":6},{"damage":9,"enemies":"Red Slaver","floor":14,"turns":3},{"damage":39,"enemies":"Hexaghost","floor":16,"turns":9},{"damage":15,"enemies":"Shell Parasite","floor":18,"turns":8},{"damage":14,"enemies":"2 Thieves","floor":19,"turns":3},{"damage":53,"enemies":"Snecko","floor":20,"turns":8},{"damage":49,"enemies":"Gremlin Leader","floor":24,"turns":6}],"seed_played":"8031852565878263679","potions_obtained":[{"floor":5,"key":"GamblersBrew"},{"floor":11,"key":"SpeedPotion"},{"floor":13,"key":"SteroidPotion"},{"floor":18,"key":"SteroidPotion"}],"is_trial":false,"path_per_floor":["M","$","M","?","M","E","R","M","T","?","M","T","E","M","R","B",null,"M","M","M","?","T","R"],"character_chosen":"DEFECT","items_purchased":["Self Repair"],"campfire_rested":0,"item_purchase_floors":[2],"current_hp_per_floor":[75,75,74,74,75,50,50,48,48,48,50,50,69,75,75,65,75,75,61,47,47,47,47,0],"gold":364,"neow_bonus":"ONE_RANDOM_RARE_CARD","is_prod":false,"is_daily":false,"chose_seed":false,"campfire_upgraded":3,"win_rate":0,"timestamp":1537866998,"path_taken":["M","$","M","?","?","E","R","M","T","?","M","?","E","M","R","BOSS","M","M","?","?","?","R","E"],"build_version":"2018-09-20","purchased_purges":0,"victory":false,"max_hp_per_floor":[75,75,75,75,75,75,75,75,75,75,75,75,75,75,75,75,75,75,75,75,75,75,75,75],"card_choices":[{"not_picked":["Leap","Stack"],"picked":"Doom and Gloom","floor":1},{"not_picked":["Turbo","Steam"],"picked":"Leap","floor":3},{"not_picked":["Rip and Tear","Go for the Eyes"],"picked":"White Noise","floor":5},{"not_picked":["Skim","Core Surge"],"picked":"Cold Snap","floor":6},{"not_picked":["Beam Cell","Sweeping Beam"],"picked":"FTL","floor":8},{"not_picked":["Beam Cell","Consume"],"picked":"Cold Snap","floor":11},{"not_picked":["Redo","Coolheaded"],"picked":"Self Repair","floor":13},{"not_picked":["Undo","Rebound"],"picked":"Gash","floor":14},{"not_picked":["Meteor Strike","Reboot"],"picked":"Thunder Strike","floor":16},{"not_picked":["Scrape","Hologram"],"picked":"Darkness","floor":18},{"not_picked":["Aggregate","Turbo+1"],"picked":"Chill+1","floor":19},{"not_picked":["Compile Driver","Stack+1"],"picked":"Ball Lightning","floor":20}],"player_experience":161834,"relics_obtained":[{"floor":6,"key":"DataDisk"},{"floor":9,"key":"Happy Flower"},{"floor":12,"key":"Meat on the Bone"},{"floor":13,"key":"Smiling Mask"},{"floor":22,"key":"Toxic Egg 2"}],"event_choices":[{"event_name":"The Cleric","player_choice":"Card Removal","floor":4,"damage_taken":0},{"event_name":"Living Wall","player_choice":"Forget","floor":10,"damage_taken":0},{"event_name":"The Library","player_choice":"Read","floor":21,"damage_taken":0}],"is_beta":false,"boss_relics":[{"not_picked":["Eternal Feather","Tiny House"],"picked":"FrozenCore"}],"items_purged_floors":[],"is_endless":false,"potions_floor_spawned":[5,11,13,18,20],"killed_by":"Gremlin Leader","ascension_level":2}