{"path_per_floor":["M","$","M","M","M","E","R","E","T","R","M","M","M","$","R","B",null,"M","?","M","?","M","R","?","M","T","M","M","R"],"character_chosen":"IRONCLAD","items_purchased":["Apotheosis","Secret Technique","Gremlin Horn"],"gold_per_floor":[216,16,30,44,62,390,390,417,417,417,427,439,455,21,21,119,119,134,34,51,51,67,67,67,81,81,93,109,109],"floor_reached":30,"campfire_rested":1,"playtime":2081,"current_hp_per_floor":[80,80,80,70,72,46,46,59,59,59,56,57,53,53,53,46,80,80,80,65,65,47,47,47,42,42,29,13,37],"items_purged":[],"gold":109,"play_id":"2d02d18f-e4a2-40b8-b94d-45764292bdb2","is_prod":false,"is_daily":false,"is_ascension_mode":false,"campfire_upgraded":4,"path_taken":["M","$","M","M","M","E","R","E","T","R","M","M","M","$","R","BOSS","M","?","?","?","M","R","?","M","T","M","?","R","E"],"build_version":"2018-02-01-PROD3","purchased_purges":0,"victory":false,"master_deck":["Strike_R","Strike_R","Strike_R","Strike_R","Defend_R","Defend_R","Defend_R","Defend_R","Bash","Pommel Strike","Apotheosis+1","Cleave","Pommel Strike+1","Whirlwind","Rampage","Reaper","Inflame+1","Secret Technique","Double Tap","Spot Weakness","Metallicize","Heavy Blade+1","J.A.X.","Headbutt","Flex","Heavy Blade","Dropkick","Whirlwind+1"],"max_hp_per_floor":[80,80,80,80,80,80,80,80,80,80,80,80,80,80,80,80,80,80,80,80,80,80,80,80,80,80,80,80,80],"relics":["Burning Blood","Old Coin","Pen Nib","Sundial","Gremlin Horn","Orrery","Smiling Mask"],"card_choices":[{"not_picked":["Clothesline","Clash"],"picked":"Pommel Strike"},{"not_picked":["Rupture","Infernal Blade"],"picked":"Cleave"},{"not_picked":["True Grit","Cleave"],"picked":"Pommel Strike"},{"not_picked":["Iron Wave","Headbutt"],"picked":"Whirlwind"},{"not_picked":["Twin Strike","Seeing Red"],"picked":"Rampage"},{"not_picked":["Iron Wave","Perfected Strike"],"picked":"Reaper"},{"not_picked":["Clash","Blood for Blood"],"picked":"Inflame"},{"not_picked":["Dark Embrace","Reaper"],"picked":"Double Tap"},{"not_picked":["Dropkick","Twin Strike"],"picked":"Spot Weakness"},{"not_picked":["Blood for Blood","Sword Boomerang"],"picked":"Metallicize"},{"not_picked":["Clash","Bludgeon"],"picked":"Heavy Blade"},{"not_picked":["Pommel Strike","Body Slam"],"picked":"Headbutt"},{"not_picked":["Headbutt","Spot Weakness"],"picked":"Heavy Blade"},{"not_picked":["Pommel Strike","Uppercut"],"picked":"Whirlwind"}],"player_experience":69417,"potions_floor_usage":[8,12,16,22,27,28,28],"damage_taken":[{"damage":6,"enemies":"Jaw Worm","floor":1,"turns":5},{"damage":0,"enemies":"Small Slimes","floor":3,"turns":4},{"damage":16,"enemies":"Blue Slaver","floor":4,"turns":3},{"damage":4,"enemies":"Large Slime","floor":5,"turns":6},{"damage":32,"enemies":"Gremlin Nob","floor":6,"turns":4},{"damage":8,"enemies":"3 Sentries","floor":8,"turns":6},{"damage":9,"enemies":"2 Fungi Beasts","floor":11,"turns":3},{"damage":5,"enemies":"Lots of Slimes","floor":12,"turns":2},{"damage":15,"enemies":"Gremlin Gang","floor":13,"turns":5},{"damage":21,"enemies":"The Guardian","floor":16,"turns":7},{"damage":6,"enemies":"2 Thieves","floor":18,"turns":3},{"damage":21,"enemies":"Spheric Guardian","floor":20,"turns":4},{"damage":33,"enemies":"Snake Plant","floor":22,"turns":3},{"damage":11,"enemies":"3 Cultists","floor":25,"turns":3},{"damage":31,"enemies":"Centurion and Healer","floor":27,"turns":5},{"damage":35,"enemies":"Chosen and Byrds","floor":28,"turns":5},{"damage":37,"enemies":"Slavers","floor":30,"turns":2}],"event_choices":[{"event_name":"Drug Dealer","player_choice":"Got JAXXED","floor":19,"damage_taken":0},{"event_name":"The Library","player_choice":"Read","floor":21,"damage_taken":0},{"event_name":"Transmorgrifier","player_choice":"Transform","floor":24,"damage_taken":0}],"boss_relics":[{"not_picked":["Sozu","Snecko Eye"],"picked":"Orrery"}],"potions_floor_spawned":[5,8,11,12,16,22,25],"seed_played":"-7171328358568131974","killed_by":"Slavers","ascension_level":0,"is_trial":false}