{"gold_per_floor":[360,43,43,43,59,85,85,118,118,118,43,57,57,57,57,134,134,134,134,134,59,59,59,59,59,59,59,59,59,59,30,30,30],"floor_reached":33,"playtime":1119,"items_purged":["Strike_G"],"score":502,"play_id":"d119545d-07d5-47eb-986b-5a6cfda7ac0e","local_time":"20181120234551","is_ascension_mode":true,"campfire_choices":[{"floor":7.0,"key":"REST"},{"floor":10.0,"key":"REST"},{"floor":13.0,"key":"REST"},{"floor":15.0,"key":"REST"},{"floor":23,"key":"REST"},{"data":"Crippling Poison","floor":25,"key":"SMITH"},{"data":"Malaise","floor":29,"key":"SMITH"},{"data":"Neutralize","floor":32,"key":"SMITH"}],"neow_cost":"TEN_PERCENT_HP_LOSS","seed_source_timestamp":132868988936305,"circlet_count":0,"master_deck":["AscendersBane","Defend_G","Defend_G","Defend_G","Defend_G","Defend_G","Strike_G","Strike_G","Strike_G","Strike_G","Survivor","Neutralize+1","Infinite Blades","Crippling Poison+1","Crippling Poison","Venomology+1","Malaise+1","PiercingWail+1","Dash","Quick Slash"],"special_seed":0,"relics":["Ring of the Snake","FossilizedHelix","Dream Catcher","Shuriken","Pantograph","Ectoplasm","Ancient Tea Set","Art of War","MutagenicStrength"],"potions_floor_usage":[16,16,16,18,19,22,28,28,33,33,33],"damage_taken":[{"damage":7.0,"enemies":"Small Slimes","floor":1.0,"turns":4.0},{"damage":0.0,"enemies":"Jaw Worm","floor":5.0,"turns":5.0},{"damage":23.0,"enemies":"3 Sentries","floor":6.0,"turns":12.0},{"damage":51.0,"enemies":"Gremlin Nob","floor":8.0,"turns":6.0},{"damage":0.0,"enemies":"2 Louse","floor":12.0,"turns":3.0},{"damage":52,"enemies":"Slime Boss","floor":16,"turns":14},{"damage":0,"enemies":"3 Byrds","floor":18,"turns":3},{"damage":15,"enemies":"Chosen","floor":19,"turns":6},{"damage":10,"enemies":"Shelled Parasite and Fungi","floor":22,"turns":8},{"damage":4,"enemies":"3 Cultists","floor":28,"turns":3},{"damage":4,"enemies":"Snake Plant","floor":30,"turns":7},{"damage":64,"enemies":"Champ","floor":33,"turns":16}],"seed_played":"-765296321764440059","potions_obtained":[{"floor":1.0,"key":"EssenceOfSteel"},{"floor":8.0,"key":"GhostInAJar"},{"floor":19,"key":"Explosive Potion"},{"floor":22,"key":"Weak Potion"}],"is_trial":false,"path_per_floor":["M","$","?","?","M","E","R","E","T","R","$","M","R","?","R","B",null,"M","M","?","?","M","R","?","R","T","?","M","R","M","$","R","B"],"character_chosen":"THE_SILENT","items_purchased":["FossilizedHelix","Quick Slash"],"campfire_rested":5,"item_purchase_floors":[2,31],"current_hp_per_floor":[52,52,52,57,57,34,53,2,2,21,21,21,40,40,59,13,52,52,37,37,37,27,46,46,46,46,46,42,42,38,38,38,0],"gold":30,"neow_bonus":"TWO_FIFTY_GOLD","is_prod":false,"is_daily":false,"chose_seed":false,"campfire_upgraded":3,"win_rate":0,"timestamp":1542786351,"path_taken":["M","$","?","?","?","E","R","E","T","R","$","M","R","?","R","BOSS","M","M","?","?","M","R","?","R","T","?","?","R","M","$","R","BOSS"],"build_version":"2018-11-15","purchased_purges":1,"victory":false,"max_hp_per_floor":[60,60,60,65,65,65,65,65,65,65,65,65,65,65,65,65,65,65,65,65,65,65,65,65,65,65,65,65,65,65,65,65,65],"card_choices":[{"not_picked":["Caltrops","Flying Knee"],"picked":"Infinite Blades","floor":1.0},{"not_picked":["Deadly Poison","Flying Knee"],"picked":"Crippling Poison","floor":5.0},{"not_picked":["Venomology","Dagger Throw"],"picked":"Crippling Poison","floor":6.0},{"not_picked":["Underhanded Strike","Dagger Throw"],"picked":"Venomology","floor":8.0},{"not_picked":["Dagger Spray","Deflect","Catalyst"],"picked":"SKIP","floor":12.0},{"not_picked":["Envenom","Wraith Form v2"],"picked":"Malaise","floor":16},{"not_picked":["Blade Dance","Flying Knee","Prepared"],"picked":"SKIP","floor":18},{"not_picked":["Eviscerate","Deflect","Flying Knee"],"picked":"SKIP","floor":19},{"not_picked":["Slice+1","Expertise"],"picked":"PiercingWail+1","floor":22},{"not_picked":["Endless Agony","Dodge and Roll","Eviscerate"],"picked":"SKIP","floor":28},{"not_picked":["Dagger Spray+1","Dagger Throw"],"picked":"Dash","floor":30}],"player_experience":663413,"relics_obtained":[{"floor":6.0,"key":"Dream Catcher"},{"floor":8.0,"key":"Shuriken"},{"floor":9.0,"key":"Pantograph"},{"floor":26,"key":"Art of War"}],"event_choices":[{"damage_healed":0.0,"max_hp_gain":0.0,"max_hp_loss":0.0,"gold_gain":0.0,"event_name":"Liars Game","player_choice":"Ignored","floor":3.0,"gold_loss":0.0,"damage_taken":0.0},{"damage_healed":0.0,"max_hp_gain":5.0,"max_hp_loss":0.0,"gold_gain":0.0,"event_name":"Big Fish","player_choice":"Donut","floor":4.0,"gold_loss":0.0,"damage_taken":0.0},{"damage_healed":0.0,"max_hp_gain":0.0,"max_hp_loss":0.0,"gold_gain":0.0,"event_name":"Living Wall","player_choice":"Grow","floor":14.0,"gold_loss":0.0,"damage_taken":0.0,"cards_upgraded":["Venomology"]},{"damage_healed":0,"gold_gain":0,"player_choice":"Opened","damage_taken":0,"relics_obtained":["Ancient Tea Set"],"max_hp_gain":0,"max_hp_loss":0,"event_name":"The Mausoleum","floor":20,"gold_loss":0,"cards_obtained":["Writhe"]},{"cards_removed":["Writhe"],"damage_healed":0,"gold_gain":0,"player_choice":"Gave Gold","damage_taken":0,"max_hp_gain":0,"max_hp_loss":0,"event_name":"Beggar","floor":21,"gold_loss":75},{"damage_healed":0,"gold_gain":0,"player_choice":"Ignored","damage_taken":0,"max_hp_gain":0,"max_hp_loss":0,"event_name":"Ghosts","floor":24,"gold_loss":0},{"damage_healed":0,"gold_gain":0,"player_choice":"Inject Mutagens","damage_taken":0,"relics_obtained":["MutagenicStrength"],"max_hp_gain":0,"max_hp_loss":0,"event_name":"Drug Dealer","floor":27,"gold_loss":0}],"is_beta":false,"boss_relics":[{"not_picked":["Astrolabe","Busted Crown"],"picked":"Ectoplasm"}],"items_purged_floors":[11],"is_endless":false,"potions_floor_spawned":[1,8,19,22],"killed_by":"Champ","ascension_level":20}