{"gold_per_floor":[114,114,125,52,127,144,144,154,205,221,250,200,375,388,388,491,491,506,539,539,539,556,556,573,573,573,573,593],"floor_reached":28,"playtime":1514,"items_purged":[],"score":222,"play_id":"5847e946-81a5-4d93-b685-a5d4bf22940f","local_time":"20190105142913","is_ascension_mode":false,"campfire_choices":[{"data":"Footwork","floor":7.0,"key":"SMITH"},{"data":"Caltrops","floor":15.0,"key":"SMITH"},{"floor":23,"key":"REST"},{"data":"Flying Knee","floor":25,"key":"SMITH"},{"data":"Blur","floor":27,"key":"SMITH"}],"neow_cost":"NONE","seed_source_timestamp":59333632840717,"circlet_count":0,"master_deck":["Defend_G","Defend_G","Defend_G","Defend_G","Defend_G","Strike_G","Strike_G","Strike_G","Strike_G","Survivor","Neutralize","Footwork+1","Deadly Poison","Poisoned Stab","Caltrops+1","Flying Knee+1","Backflip","Caltrops+1","Doubt","Bullet Time","PiercingWail","Blur+1","Terror","Blur","Deadly Poison"],"special_seed":0,"relics":["Ring of the Snake","Anchor","Smiling Mask","Orrery","Red Mask","Mummified Hand"],"potions_floor_usage":[20],"damage_taken":[{"damage":0.0,"enemies":"Jaw Worm","floor":1.0,"turns":6.0},{"damage":0.0,"enemies":"Small Slimes","floor":3.0,"turns":5.0},{"damage":0.0,"enemies":"Cultist","floor":6.0,"turns":4.0},{"damage":0.0,"enemies":"Blue Slaver","floor":8.0,"turns":4.0},{"damage":0.0,"enemies":"3 Louse","floor":10.0,"turns":3.0},{"damage":20.0,"enemies":"3 Sentries","floor":11.0,"turns":10.0},{"damage":0.0,"enemies":"Exordium Wildlife","floor":14.0,"turns":5.0},{"damage":17.0,"enemies":"The Guardian","floor":16.0,"turns":11.0},{"damage":0.0,"enemies":"3 Byrds","floor":18.0,"turns":2.0},{"damage":39.0,"enemies":"Masked Bandits","floor":19.0,"turns":6.0},{"damage":0,"enemies":"2 Thieves","floor":20,"turns":1},{"damage":14,"enemies":"Cultist and Chosen","floor":22,"turns":8},{"damage":0,"enemies":"Centurion and Healer","floor":24,"turns":10},{"damage":46,"enemies":"3 Cultists","floor":28,"turns":6}],"seed_played":"-2157785395125897274","potions_obtained":[{"floor":3.0,"key":"SkillPotion"},{"floor":8.0,"key":"GamblersBrew"},{"floor":14.0,"key":"SmokeBomb"},{"floor":16.0,"key":"GhostInAJar"},{"floor":22,"key":"Explosive Potion"},{"floor":24,"key":"Strength Potion"}],"is_trial":false,"path_per_floor":["M","?","M","$","?","M","R","M","T","M","E","?","?","M","R","B",null,"M","?","M","?","M","R","M","R","T","R","M"],"character_chosen":"THE_SILENT","items_purchased":["Deadly Poison","Poisoned Stab"],"campfire_rested":1,"item_purchase_floors":[4,4],"current_hp_per_floor":[77,77,77,77,70,70,70,70,70,70,50,50,50,50,50,33,77,77,38,38,38,24,47,47,47,47,47,1],"gold":593,"neow_bonus":"TEN_PERCENT_HP_BONUS","is_prod":false,"is_daily":false,"chose_seed":false,"campfire_upgraded":4,"win_rate":0,"timestamp":1546716553,"path_taken":["M","?","M","$","?","?","R","M","T","M","E","?","?","M","R","BOSS","M","?","M","?","?","R","M","R","T","R","M"],"build_version":"2019-01-03v4","purchased_purges":0,"victory":false,"max_hp_per_floor":[77,77,77,77,77,77,77,77,77,77,77,77,77,77,77,77,77,77,77,77,77,77,77,77,77,77,77,77],"card_choices":[{"not_picked":["Blade Dance","Dash","Dagger Throw"],"picked":"SKIP","floor":1.0},{"not_picked":["Dagger Spray","Cloak And Dagger"],"picked":"Footwork","floor":3.0},{"not_picked":["Dodge and Roll","Dagger Throw"],"picked":"Caltrops","floor":6.0},{"not_picked":["Tactician","Accuracy"],"picked":"Flying Knee","floor":8.0},{"not_picked":["Underhanded Strike","Backstab"],"picked":"Backflip","floor":10.0},{"not_picked":["Backstab","Quick Slash"],"picked":"Caltrops","floor":11.0},{"not_picked":["Sucker Punch","Deflect","Acrobatics"],"picked":"SKIP","floor":14.0},{"not_picked":["Wraith Form v2","Night Terror"],"picked":"Bullet Time","floor":16.0},{"not_picked":["Calculated Gamble","Reflex"],"picked":"PiercingWail","floor":17.0},{"not_picked":["Crippling Poison","Outmaneuver"],"picked":"Blur","floor":17.0},{"not_picked":["Sucker Punch","Expertise"],"picked":"Terror","floor":17.0},{"not_picked":["Accuracy","Eviscerate"],"picked":"Blur","floor":18.0},{"not_picked":["Deflect","Cloak And Dagger"],"picked":"Deadly Poison","floor":22},{"not_picked":["Quick Slash","Backstab+1","PiercingWail"],"picked":"SKIP","floor":24},{"not_picked":["Quick Slash+1","Outmaneuver","Dagger Throw"],"picked":"SKIP","floor":28}],"player_experience":435858,"relics_obtained":[{"floor":9.0,"key":"Anchor"},{"floor":11.0,"key":"Smiling Mask"},{"floor":19.0,"key":"Red Mask"},{"floor":26,"key":"Mummified Hand"}],"event_choices":[{"damage_healed":0.0,"max_hp_gain":0.0,"max_hp_loss":0.0,"gold_gain":0.0,"event_name":"Shining Light","player_choice":"Ignored","floor":2.0,"gold_loss":0.0,"damage_taken":0.0},{"damage_healed":0.0,"max_hp_gain":0.0,"max_hp_loss":0.0,"gold_gain":75.0,"event_name":"FaceTrader","player_choice":"Touch","floor":5.0,"gold_loss":0.0,"damage_taken":7.0},{"cards_removed":["Strike_G"],"damage_healed":0.0,"max_hp_gain":0.0,"max_hp_loss":0.0,"gold_gain":0.0,"event_name":"The Cleric","player_choice":"Card Removal","floor":12.0,"gold_loss":50.0,"damage_taken":0.0},{"damage_healed":0.0,"max_hp_gain":0.0,"max_hp_loss":0.0,"gold_gain":175.0,"event_name":"Liars Game","player_choice":"AGREE","floor":13.0,"gold_loss":0.0,"damage_taken":0.0,"cards_obtained":["Doubt"]},{"damage_healed":0.0,"max_hp_gain":0.0,"max_hp_loss":0.0,"gold_gain":0.0,"event_name":"Masked Bandits","player_choice":"Fought Bandits","floor":19.0,"gold_loss":0.0,"damage_taken":0.0},{"damage_healed":0,"gold_gain":0,"player_choice":"Forge","damage_taken":0,"max_hp_gain":0,"max_hp_loss":0,"event_name":"Accursed Blacksmith","floor":21,"gold_loss":0,"cards_upgraded":["Caltrops"]}],"is_beta":false,"boss_relics":[{"not_picked":["Runic Pyramid","Fusion Hammer"],"picked":"Orrery"}],"items_purged_floors":[],"is_endless":false,"potions_floor_spawned":[3,8,14,16,20,22,24,28],"killed_by":"3 Cultists","ascension_level":0}