{"gold_per_floor":[112,112,122,122,135,168,26,46,94,94,106,116,16,28,28,28],"floor_reached":16,"playtime":702,"items_purged":["Strike_R","Defend_R"],"score":109,"play_id":"332a0c11-94b4-42a6-9105-e681a9d95cc4","local_time":"20190125171238","is_ascension_mode":true,"campfire_choices":[{"data":"Exhume","floor":10,"key":"SMITH"},{"floor":15,"key":"REST"}],"neow_cost":"NONE","seed_source_timestamp":1432265340196521,"circlet_count":0,"master_deck":["Strike_R","Strike_R","Defend_R","Defend_R","Defend_R","Bash","Iron Wave","Spot Weakness","Corruption","Exhume+1"],"relics":["Burning Blood","NeowsBlessing","Ornamental Fan","PreservedInsect"],"potions_floor_usage":[16,16,16],"damage_taken":[{"damage":0,"enemies":"2 Louse","floor":1,"turns":1},{"damage":0,"enemies":"Cultist","floor":3,"turns":1},{"damage":0,"enemies":"Small Slimes","floor":5,"turns":1},{"damage":55,"enemies":"Lagavulin","floor":6,"turns":8},{"damage":3,"enemies":"Red Slaver","floor":8,"turns":6},{"damage":6,"enemies":"Exordium Thugs","floor":11,"turns":6},{"damage":19,"enemies":"Large Slime","floor":12,"turns":9},{"damage":2,"enemies":"Blue Slaver","floor":14,"turns":3},{"damage":55,"enemies":"Slime Boss","floor":16,"turns":11}],"seed_played":"702920310269442484","potions_obtained":[{"floor":5,"key":"Weak Potion"},{"floor":8,"key":"Explosive Potion"},{"floor":11,"key":"AttackPotion"}],"is_trial":false,"path_per_floor":["M","?","M","?","M","E","$","M","T","R","M","M","$","M","R","B"],"character_chosen":"IRONCLAD","items_purchased":["Corruption"],"campfire_rested":1,"item_purchase_floors":[7],"current_hp_per_floor":[80,80,80,80,80,31,31,34,34,34,34,21,21,25,49,0],"gold":28,"neow_bonus":"THREE_ENEMY_KILL","is_prod":false,"is_daily":false,"chose_seed":false,"campfire_upgraded":1,"win_rate":0,"timestamp":1548454358,"path_taken":["M","?","?","?","?","E","$","M","T","R","M","?","$","M","R","BOSS"],"build_version":"2019-01-23","purchased_purges":2,"victory":false,"max_hp_per_floor":[80,80,80,80,80,80,80,80,80,80,80,80,80,80,80,80],"card_choices":[{"not_picked":["Clash","Iron Wave","Sword Boomerang"],"picked":"SKIP","floor":1},{"not_picked":["Thunderclap","True Grit","Cleave"],"picked":"SKIP","floor":3},{"not_picked":["Clash","Anger","Seeing Red"],"picked":"SKIP","floor":5},{"not_picked":["Sword Boomerang","Armaments"],"picked":"Spot Weakness","floor":6},{"not_picked":["Feel No Pain","Carnage"],"picked":"Exhume","floor":8},{"not_picked":["Rupture","Flame Barrier","Cleave"],"picked":"SKIP","floor":11},{"not_picked":["Clash","Thunderclap","Clothesline"],"picked":"SKIP","floor":12},{"not_picked":["Headbutt","Cleave","Combust"],"picked":"SKIP","floor":14}],"player_experience":507671,"relics_obtained":[{"floor":6,"key":"Ornamental Fan"},{"floor":9,"key":"PreservedInsect"}],"event_choices":[{"cards_removed":["Strike_R"],"damage_healed":0,"gold_gain":0,"player_choice":"Took Card","damage_taken":0,"max_hp_gain":0,"max_hp_loss":0,"event_name":"NoteForYourself","floor":2,"gold_loss":0,"cards_obtained":["Iron Wave"]},{"cards_removed":["Strike_R"],"damage_healed":0,"gold_gain":0,"player_choice":"Offered Basic","damage_taken":0,"max_hp_gain":0,"max_hp_loss":0,"event_name":"Bonfire Elementals","floor":4,"gold_loss":0}],"is_beta":true,"boss_relics":[],"items_purged_floors":[7,13],"is_endless":false,"potions_floor_spawned":[5,8,11],"killed_by":"Slime Boss","ascension_level":1}