{"gold_per_floor":[119,269,20,31,49,49,81,81,130,144,178,33,33,65,65,140,140,157,157,185,185,185,185,211,67,90,120,137,164,181,210,210,286,286,306,268,268,84,84,84,112,112,112,17,31,31,89,113,113,113],"floor_reached":51,"playtime":3501,"items_purged":["Doubt","Decay"],"score":1807,"play_id":"d5c6e533-8a43-4b01-8f23-47fbe54b8283","local_time":"20180701114813","is_ascension_mode":true,"campfire_choices":[{"data":"Dagger Spray","floor":6,"key":"SMITH"},{"data":"Backstab","floor":8,"key":"SMITH"},{"data":"Backflip","floor":15,"key":"SMITH"},{"floor":23,"key":"REST"},{"floor":32,"key":"REST"},{"floor":40,"key":"REST"},{"floor":42,"key":"REST"},{"floor":46,"key":"REST"},{"floor":49,"key":"REST"}],"neow_cost":"NONE","seed_source_timestamp":1171814662741819,"circlet_count":0,"master_deck":["Defend_G+1","Defend_G","Defend_G","Defend_G+1","Defend_G","Strike_G","Strike_G","Strike_G","Strike_G","Survivor","Neutralize+1","AscendersBane","Dagger Spray+1","Slice","Backstab+1","Backflip+1","Caltrops+1","Glass Knife","Malaise","RitualDagger","Footwork+1","Well Laid Plans+1","Die Die Die","Dodge and Roll+1","Storm of Steel","Caltrops+1","Magnetism+1","Calculated Gamble","Dodge and Roll+1","Backstab","Dodge and Roll","Acrobatics+1","Riddle With Holes","Acrobatics"],"relics":["Ring of the Snake","Pear","Blood Vial","Oddly Smooth Stone","Frozen Egg 2","Meat on the Bone","Fusion Hammer","Red Mask","Incense Burner","Anchor","War Paint","Pen Nib","Orichalcum","Shuriken","Sozu","Dead Branch","Dream Catcher","Smiling Mask","Tiny Chest","Potion Belt"],"potions_floor_usage":[7,11,24,27,29,30,33,50],"damage_taken":[{"damage":0,"enemies":"2 Louse","floor":1,"turns":3},{"damage":5,"enemies":"Small Slimes","floor":4,"turns":4},{"damage":0,"enemies":"Cultist","floor":5,"turns":5},{"damage":12,"enemies":"3 Sentries","floor":7,"turns":8},{"damage":0,"enemies":"Large Slime","floor":10,"turns":6},{"damage":4,"enemies":"Gremlin Nob","floor":11,"turns":3},{"damage":3,"enemies":"3 Sentries","floor":14,"turns":6},{"damage":19,"enemies":"The Guardian","floor":16,"turns":12},{"damage":0,"enemies":"3 Byrds","floor":18,"turns":2},{"damage":16,"floor":20,"turns":5},{"damage":18,"enemies":"Slavers","floor":24,"turns":6},{"damage":23,"enemies":"Gremlin Leader","floor":27,"turns":10},{"damage":0,"enemies":"Chosen","floor":28,"turns":6},{"damage":4,"enemies":"Book of Stabbing","floor":29,"turns":6},{"damage":0,"enemies":"Centurion and Healer","floor":30,"turns":7},{"damage":0,"enemies":"Gremlin Leader","floor":31,"turns":10},{"damage":12,"enemies":"Collector","floor":33,"turns":14},{"damage":0,"enemies":"Orb Walker","floor":35,"turns":3},{"damage":0,"floor":39,"turns":7},{"damage":33,"enemies":"2 Orb Walkers","floor":41,"turns":4},{"damage":1,"enemies":"3 Darklings","floor":45,"turns":3},{"damage":9,"enemies":"Giant Head","floor":47,"turns":7},{"damage":35,"enemies":"Awakened One","floor":50,"turns":14}],"seed_played":"822385858555420309","potions_obtained":[{"floor":1,"key":"GhostInAJar"},{"floor":4,"key":"FearPotion"},{"floor":7,"key":"Explosive Potion"},{"floor":16,"key":"Swift Potion"},{"floor":19,"key":"Weak Potion"},{"floor":24,"key":"Explosive Potion"},{"floor":29,"key":"GhostInAJar"},{"floor":30,"key":"Explosive Potion"},{"floor":31,"key":"Fire Potion"}],"is_trial":false,"path_per_floor":["M","?","$","M","M","R","E","R","T","M","E","$","?","E","R","B",null,"M","?","?","?","?","R","E","$","T","E","M","E","M","E","R","B",null,"M","$","?","$","?","R","E","R","T","$","M","R","E","T","R","B"],"character_chosen":"THE_SILENT","items_purchased":["Pear","Caltrops+1","Anchor","Caltrops+1","Magnetism+1","Dodge and Roll"],"campfire_rested":6,"item_purchase_floors":[3,12,25,36,38,44],"current_hp_per_floor":[59,59,69,64,64,64,52,52,52,54,52,52,57,56,56,51,74,76,76,62,62,56,80,63,63,63,42,44,42,44,46,70,60,76,78,78,78,78,80,81,48,72,72,72,73,81,72,72,81,46],"gold":113,"neow_bonus":"UPGRADE_CARD","is_prod":false,"is_daily":false,"chose_seed":false,"campfire_upgraded":3,"win_rate":0,"timestamp":1530438493,"path_taken":["M","?","$","M","M","R","E","R","T","M","E","$","?","E","R","BOSS","M","?","?","?","?","R","E","$","T","E","M","E","?","E","R","BOSS","M","$","?","$","?","R","E","R","T","?","?","R","E","?","R","BOSS"],"build_version":"2018-06-28","purchased_purges":2,"victory":true,"max_hp_per_floor":[66,66,76,76,76,76,76,76,76,76,76,76,81,81,81,81,81,81,81,81,81,81,81,81,81,81,81,81,81,81,81,81,81,81,81,81,81,81,81,81,81,81,81,81,81,81,81,81,81,81],"card_choices":[{"not_picked":["Blade Dance","Bane"],"picked":"Dagger Spray","floor":1},{"not_picked":["Heel Hook","Poisoned Stab"],"picked":"Slice","floor":4},{"not_picked":["Choke","Poisoned Stab","Setup"],"picked":"SKIP","floor":5},{"not_picked":["Burst","Masterful Stab"],"picked":"Backstab","floor":7},{"not_picked":["Dagger Throw","Quick Slash","Dagger Spray"],"picked":"SKIP","floor":10},{"not_picked":["Calculated Gamble","Outmaneuver"],"picked":"Backflip","floor":11},{"not_picked":["Underhanded Strike","Deflect","Outmaneuver"],"picked":"SKIP","floor":14},{"not_picked":["Phantasmal Killer","Bullet Time"],"picked":"Glass Knife","floor":16},{"not_picked":["Choke","Backflip"],"picked":"Malaise","floor":18},{"not_picked":["Cloak And Dagger+1","Blur"],"picked":"Footwork+1","floor":24},{"not_picked":["Predator","Bouncing Flask"],"picked":"Well Laid Plans+1","floor":27},{"not_picked":["Dagger Throw","Slice+1","Quick Slash"],"picked":"SKIP","floor":28},{"not_picked":["Slice","Bullet Time"],"picked":"Die Die Die","floor":29},{"not_picked":["Dagger Spray","Quick Slash"],"picked":"Dodge and Roll+1","floor":30},{"not_picked":["Bullet Time","Poisoned Stab"],"picked":"Storm of Steel","floor":31},{"not_picked":["Deflect+1","Deadly Poison+1","Bouncing Flask"],"picked":"SKIP","floor":35},{"not_picked":["Dagger Spray","Poisoned Stab"],"picked":"Calculated Gamble","floor":39},{"not_picked":["Skewer+1","Deadly Poison+1"],"picked":"Dodge and Roll+1","floor":41},{"not_picked":["Deflect+1","Slice+1"],"picked":"Backstab","floor":42},{"not_picked":["Sucker Punch","Deadly Poison"],"picked":"Acrobatics+1","floor":45},{"not_picked":["Bane","Phantasmal Killer"],"picked":"Riddle With Holes","floor":47},{"not_picked":["Escape Plan+1","Dash"],"picked":"Acrobatics","floor":49}],"player_experience":719243,"relics_obtained":[{"floor":7,"key":"Blood Vial"},{"floor":9,"key":"Oddly Smooth Stone"},{"floor":11,"key":"Frozen Egg 2"},{"floor":14,"key":"Meat on the Bone"},{"floor":20,"key":"Red Mask"},{"floor":24,"key":"Incense Burner"},{"floor":26,"key":"War Paint"},{"floor":27,"key":"Pen Nib"},{"floor":29,"key":"Orichalcum"},{"floor":31,"key":"Shuriken"},{"floor":39,"key":"Dead Branch"},{"floor":41,"key":"Dream Catcher"},{"floor":43,"key":"Smiling Mask"},{"floor":47,"key":"Tiny Chest"},{"floor":48,"key":"Potion Belt"}],"event_choices":[{"event_name":"Liars Game","player_choice":"agreed","floor":2,"damage_taken":0},{"event_name":"Big Fish","player_choice":"Donut","floor":13,"damage_taken":0},{"event_name":"The Lab","player_choice":"Got Potions","floor":19,"damage_taken":0},{"event_name":"Masked Bandits","player_choice":"Fought over 157 gold","floor":20,"damage_taken":0},{"event_name":"Bonfire Elementals","player_choice":"BASIC","floor":21,"damage_taken":0},{"event_name":"Nest","player_choice":"Joined the Cult","floor":22,"damage_taken":0},{"event_name":"Wheel of Change","player_choice":"Curse","floor":37,"damage_taken":0},{"event_name":"MindBloom","player_choice":"Fight","floor":39,"damage_taken":0}],"boss_relics":[{"not_picked":["Ectoplasm","Eternal Feather"],"picked":"Fusion Hammer"},{"not_picked":["Black Star","Coffee Dripper"],"picked":"Sozu"}],"items_purged_floors":[12,44],"is_endless":false,"potions_floor_spawned":[1,4,7,16,18,24,29,30,31,35,41,45],"ascension_level":15}