{"gold_per_floor":[14,33,50,15,30,30,59,59,59,88,88,88,101,119,119,119],"floor_reached":16,"playtime":812,"items_purged":[],"score":213,"play_id":"9d710927-525a-4bb6-aac3-701ab1c39ecb","local_time":"20190127161719","is_ascension_mode":true,"campfire_choices":[{"data":"Streamline","floor":6,"key":"SMITH"},{"data":"Seek","floor":8,"key":"SMITH"},{"data":"Biased Cognition","floor":11,"key":"SMITH"},{"data":"Zap","floor":15,"key":"SMITH"}],"neow_cost":"NO_GOLD","seed_source_timestamp":1468352907007700,"circlet_count":0,"master_deck":["AscendersBane","Strike_B","Strike_B","Defend_B","Defend_B","Defend_B","Defend_B","Zap+1","Dualcast+1","Conserve Battery","Auto Shields+1","Gash","Leap","Capacitor","Streamline+1","Seek+1","Biased Cognition+1","Conserve Battery","Cold Snap+1"],"relics":["Cracked Core","Dream Catcher","Orichalcum","Molten Egg 2","War Paint"],"potions_floor_usage":[5,7,16],"damage_taken":[{"damage":0,"enemies":"Cultist","floor":1,"turns":4},{"damage":2,"enemies":"Jaw Worm","floor":2,"turns":5},{"damage":2,"enemies":"2 Louse","floor":3,"turns":3},{"damage":15,"enemies":"Large Slime","floor":5,"turns":7},{"damage":6,"enemies":"Lagavulin","floor":7,"turns":7},{"damage":32,"enemies":"3 Sentries","floor":10,"turns":8},{"damage":0,"enemies":"2 Fungi Beasts","floor":13,"turns":2},{"damage":0,"enemies":"Blue Slaver","floor":14,"turns":2},{"damage":21,"enemies":"Hexaghost","floor":16,"turns":11}],"seed_played":"-5872536754578530306","potions_obtained":[{"floor":3,"key":"PowerPotion"},{"floor":5,"key":"GamblersBrew"},{"floor":10,"key":"EssenceOfSteel"},{"floor":13,"key":"AttackPotion"},{"floor":14,"key":"SteroidPotion"}],"is_trial":false,"path_per_floor":["M","M","M","?","M","R","E","R","T","E","R","?","M","M","R","B"],"character_chosen":"DEFECT","items_purchased":[],"campfire_rested":0,"item_purchase_floors":[],"current_hp_per_floor":[64,62,60,71,56,56,50,50,50,18,18,18,18,18,18,0],"gold":119,"neow_bonus":"TRANSFORM_TWO_CARDS","is_prod":false,"is_daily":false,"chose_seed":false,"campfire_upgraded":4,"win_rate":0,"timestamp":1548634639,"path_taken":["M","M","M","?","M","R","E","R","T","E","R","?","M","M","R","BOSS"],"build_version":"2019-01-23","purchased_purges":0,"victory":false,"max_hp_per_floor":[71,71,71,71,71,71,71,71,71,71,71,71,71,71,71,71],"card_choices":[{"not_picked":["Cold Snap","Coolheaded"],"picked":"Gash","floor":1},{"not_picked":["Sweeping Beam","Redo"],"picked":"Leap","floor":2},{"not_picked":["Go for the Eyes","Reinforced Body"],"picked":"Capacitor","floor":3},{"not_picked":["Compile Driver","Rebound"],"picked":"Streamline","floor":5},{"not_picked":["White Noise","Conserve Battery"],"picked":"Seek","floor":7},{"not_picked":["Thunder Strike","Leap"],"picked":"Biased Cognition","floor":10},{"not_picked":["Hello World","Rebound+1"],"picked":"Conserve Battery","floor":13},{"not_picked":["Stack","Ball Lightning+1"],"picked":"Cold Snap+1","floor":14}],"player_experience":594266,"relics_obtained":[{"floor":7,"key":"Dream Catcher"},{"floor":9,"key":"Orichalcum"},{"floor":10,"key":"Molten Egg 2"}],"event_choices":[{"damage_healed":17,"gold_gain":0,"player_choice":"Healed","damage_taken":0,"max_hp_gain":0,"max_hp_loss":0,"event_name":"The Cleric","floor":4,"gold_loss":35},{"damage_healed":0,"gold_gain":0,"player_choice":"Gave Potion","damage_taken":0,"relics_obtained":["War Paint"],"max_hp_gain":0,"max_hp_loss":0,"event_name":"WeMeetAgain","floor":12,"gold_loss":0}],"is_beta":false,"boss_relics":[],"items_purged_floors":[],"is_endless":false,"potions_floor_spawned":[3,5,10,13,14],"killed_by":"Hexaghost","ascension_level":18}