{"gold_per_floor":[113,38,113,128,146,206,106,152,179,193,238,73,87,102,102,203,203,203],"floor_reached":18,"playtime":572,"items_purged":["Strike_R","Strike_R","Defend_R"],"score":170,"play_id":"208b8ddb-57e2-418f-bec6-2ea9da18265c","local_time":"20190128184038","is_ascension_mode":true,"campfire_choices":[{"data":"Flame Barrier","floor":15,"key":"SMITH"}],"neow_cost":"NONE","seed_source_timestamp":1696879516604533,"circlet_count":0,"master_deck":["Strike_R","Strike_R","Strike_R","Defend_R","Defend_R","Defend_R","Bash","Flame Barrier+1","Body Slam"],"relics":["Burning Blood","Tiny Chest","Bag of Preparation","Potion Belt","Anchor","Orrery"],"potions_floor_usage":[6,16,16],"damage_taken":[{"damage":2,"enemies":"2 Louse","floor":1,"turns":3},{"damage":6,"enemies":"Jaw Worm","floor":4,"turns":3},{"damage":10,"enemies":"Small Slimes","floor":5,"turns":4},{"damage":27,"enemies":"Gremlin Nob","floor":6,"turns":4},{"damage":10,"enemies":"2 Fungi Beasts","floor":10,"turns":4},{"damage":2,"enemies":"Red Slaver","floor":13,"turns":5},{"damage":11,"enemies":"Large Slime","floor":14,"turns":11},{"damage":46,"enemies":"The Guardian","floor":16,"turns":20},{"damage":3,"enemies":"3 Byrds","floor":18,"turns":2}],"seed_played":"2230893894660383169","potions_obtained":[{"floor":1,"key":"Poison Potion"},{"floor":4,"key":"AttackPotion"},{"floor":5,"key":"Block Potion"},{"floor":16,"key":"Weak Potion"}],"is_trial":false,"path_per_floor":["M","$","?","M","M","E","$","T","T","M","T","$","M","M","R","B",null,"M"],"character_chosen":"IRONCLAD","items_purchased":["Flame Barrier"],"campfire_rested":0,"item_purchase_floors":[12],"current_hp_per_floor":[88,88,77,77,73,52,52,52,52,48,48,48,52,47,47,7,88,85],"gold":203,"neow_bonus":"TEN_PERCENT_HP_BONUS","is_prod":false,"is_daily":false,"chose_seed":false,"campfire_upgraded":1,"win_rate":0,"timestamp":1548718838,"path_taken":["M","$","?","M","M","E","$","?","T","M","?","?","M","M","R","BOSS","M"],"build_version":"2019-01-23","purchased_purges":3,"victory":false,"max_hp_per_floor":[88,88,88,88,88,88,88,88,88,88,88,88,88,88,88,88,88,88],"card_choices":[{"not_picked":["Shrug It Off","Clothesline","Anger"],"picked":"SKIP","floor":1},{"not_picked":["Rupture","Thunderclap","Flex"],"picked":"SKIP","floor":4},{"not_picked":["Cleave","Heavy Blade","Clash"],"picked":"SKIP","floor":5},{"not_picked":["Clash","Cleave","Second Wind"],"picked":"SKIP","floor":6},{"not_picked":["Wild Strike","Barricade","Evolve"],"picked":"SKIP","floor":10},{"not_picked":["Perfected Strike","Headbutt","Flame Barrier"],"picked":"SKIP","floor":13},{"not_picked":["Flame Barrier","Bloodletting","Warcry"],"picked":"SKIP","floor":14},{"not_picked":["Havoc","Shrug It Off"],"picked":"Body Slam","floor":17}],"player_experience":525849,"relics_obtained":[{"floor":6,"key":"Tiny Chest"},{"floor":8,"key":"Bag of Preparation"},{"floor":9,"key":"Potion Belt"},{"floor":11,"key":"Anchor"}],"event_choices":[{"damage_healed":0,"gold_gain":75,"player_choice":"Gather Gold","damage_taken":11,"max_hp_gain":0,"max_hp_loss":0,"event_name":"World of Goop","floor":3,"gold_loss":0}],"is_beta":true,"boss_relics":[{"not_picked":["Philosopher\u0027s Stone","Runic Dome"],"picked":"Orrery"}],"items_purged_floors":[2,7,12],"is_endless":false,"potions_floor_spawned":[1,4,5,16],"killed_by":"3 Byrds","ascension_level":1}