{"gold_per_floor":[118,16,29,43,56,56,56,73,73,91,91,91,110,110],"floor_reached":14,"playtime":662,"items_purged":[],"score":84,"play_id":"054600a0-bf86-4328-87fc-4f21a3336404","local_time":"20181207125614","is_ascension_mode":false,"campfire_choices":[{"data":"Outmaneuver","floor":6,"key":"SMITH"},{"data":"Outmaneuver","floor":11,"key":"SMITH"}],"neow_cost":"NONE","seed_source_timestamp":657119913213174,"circlet_count":0,"master_deck":["Defend_G","Defend_G","Defend_G","Defend_G","Defend_G","Strike_G","Strike_G","Strike_G","Strike_G","Strike_G","Survivor","Neutralize","Outmaneuver+1","Deadly Poison","Outmaneuver+1","Skewer","Noxious Fumes"],"relics":["Ring of the Snake","Juzu Bracelet","Pantograph"],"potions_floor_usage":[5,5,5],"damage_taken":[{"damage":0,"enemies":"Jaw Worm","floor":1,"turns":4},{"damage":0,"enemies":"Cultist","floor":3,"turns":4},{"damage":0,"enemies":"2 Louse","floor":4,"turns":3},{"damage":11,"enemies":"Large Slime","floor":5,"turns":7},{"damage":3,"enemies":"Red Slaver","floor":8,"turns":4},{"damage":23,"enemies":"3 Louse","floor":10,"turns":4},{"damage":9,"enemies":"Exordium Wildlife","floor":13,"turns":6},{"damage":40,"enemies":"The Mushroom Lair","floor":14,"turns":5}],"seed_played":"-7980667813819277833","potions_obtained":[{"floor":1,"key":"Block Potion"},{"floor":3,"key":"Fire Potion"},{"floor":4,"key":"Regen Potion"}],"is_trial":false,"path_per_floor":["M","$","M","M","M","R","?","M","T","M","R","?","M","?"],"character_chosen":"THE_SILENT","items_purchased":["Deadly Poison","Outmaneuver"],"campfire_rested":0,"item_purchase_floors":[2,2],"current_hp_per_floor":[70,70,70,70,70,70,70,67,67,44,44,44,35,0],"gold":110,"neow_bonus":"RANDOM_COMMON_RELIC","is_prod":false,"is_daily":false,"chose_seed":false,"campfire_upgraded":2,"win_rate":0.0,"timestamp":1544205374,"path_taken":["M","$","M","M","M","R","?","M","T","M","R","?","M","?"],"build_version":"2018-12-06","purchased_purges":0,"victory":false,"max_hp_per_floor":[70,70,70,70,70,70,70,70,70,70,70,70,70,70],"card_choices":[{"not_picked":["Well Laid Plans","Bane"],"picked":"Outmaneuver","floor":1},{"not_picked":["Outmaneuver","Backflip"],"picked":"Skewer","floor":3},{"not_picked":["PiercingWail","Footwork","Blade Dance"],"picked":"SKIP","floor":4},{"not_picked":["Backflip","Slice","Quick Slash"],"picked":"SKIP","floor":5},{"not_picked":["Predator","Catalyst"],"picked":"Noxious Fumes","floor":8},{"not_picked":["Blur","Prepared","Quick Slash"],"picked":"SKIP","floor":10},{"not_picked":["Backflip","Dagger Throw","Acrobatics"],"picked":"SKIP","floor":13}],"player_experience":186789,"relics_obtained":[{"floor":9,"key":"Pantograph"}],"event_choices":[{"damage_healed":0,"gold_gain":0,"player_choice":"Ignored","damage_taken":0,"max_hp_gain":0,"max_hp_loss":0,"event_name":"WeMeetAgain","floor":7,"gold_loss":0},{"damage_healed":0,"gold_gain":0,"player_choice":"Ignored","damage_taken":0,"max_hp_gain":0,"max_hp_loss":0,"event_name":"Golden Idol","floor":12,"gold_loss":0},{"damage_healed":0,"gold_gain":0,"player_choice":"Fought Mushrooms","damage_taken":0,"max_hp_gain":0,"max_hp_loss":0,"event_name":"Mushrooms","floor":14,"gold_loss":0}],"is_beta":false,"boss_relics":[],"items_purged_floors":[],"is_endless":false,"potions_floor_spawned":[1,3,4],"killed_by":"The Mushroom Lair","ascension_level":0}