{"path_per_floor":["M","?","M","M","$","R","E","R","T","E","R","M","M","?","R","B",null,"M","$","?","?","M","R","M","?","T","R","T","M","R","?","R","B",null,"M","?","$","M","M","R","?","R","T","?","?","M","?","M","R"],"character_chosen":"IRONCLAD","items_purchased":["Spot Weakness","Combust","Ginger","Mummified Hand"],"gold_per_floor":[118,118,136,146,2,2,37,37,111,142,142,158,158,184,184,288,288,302,1,0,0,15,15,35,35,111,111,111,125,125,125,125,230,230,243,223,32,42,62,62,62,62,86,86,86,104,104,117,117,117],"floor_reached":50,"campfire_rested":9,"playtime":1630,"item_purchase_floors":[5,5,19,37],"current_hp_per_floor":[74,74,66,66,66,66,21,45,45,29,53,46,46,30,54,20,80,70,70,70,70,62,62,43,43,43,67,67,36,60,60,80,50,80,48,48,48,23,31,55,55,79,79,69,59,32,32,23,47,0],"items_purged":[],"gold":117,"score":497,"play_id":"bfba8c3f-358a-426b-9a21-f107aaa64623","local_time":"20180603214719","is_prod":false,"is_daily":false,"chose_seed":false,"is_ascension_mode":true,"campfire_upgraded":2,"win_rate":0,"timestamp":1528026439,"campfire_choices":[{"data":"Spot Weakness","floor":6,"key":"SMITH"},{"floor":8,"key":"REST"},{"floor":11,"key":"REST"},{"floor":15,"key":"REST"},{"data":"Anger","floor":23,"key":"SMITH"},{"floor":27,"key":"REST"},{"floor":30,"key":"REST"},{"floor":32,"key":"REST"},{"floor":40,"key":"REST"},{"floor":42,"key":"REST"},{"floor":49,"key":"REST"}],"path_taken":["M","?","?","M","$","R","E","R","T","E","R","M","M","?","R","BOSS","M","$","?","?","M","R","M","?","T","R","?","M","R","?","R","BOSS","M","?","$","M","M","R","?","R","T","?","?","M","?","M","R","BOSS"],"build_version":"2018-05-30v2","seed_source_timestamp":11761216262352,"purchased_purges":0,"victory":false,"master_deck":["Strike_R","Strike_R","Strike_R","Strike_R","Defend_R","Defend_R","Inflame+1","Exhume+1","Entrench+1","Heavy Blade+1","Spot Weakness+1","Combust","Clash","Cleave","Anger","Anger+1","Offering","Anger","Writhe","Twin Strike+1","Rage+1","Rupture","Brutality","Flex","Clash+1","Madness","Madness","Apotheosis","Transmutation","Bandage Up","Demon Form"],"max_hp_per_floor":[80,80,80,80,80,80,80,80,80,80,80,80,80,80,80,80,80,80,80,80,80,80,80,80,80,80,80,80,80,80,80,80,80,80,80,80,80,80,80,80,80,80,80,80,80,80,80,80,80,80],"relics":["Astrolabe","Juzu Bracelet","Centennial Puzzle","Kunai","Odd Mushroom","Lizard Tail","Ginger","Orichalcum","The Courier","Happy Flower","Runic Cube","Mummified Hand","Bag of Marbles"],"card_choices":[{"not_picked":["Perfected Strike","Clothesline"],"picked":"Heavy Blade","floor":1},{"not_picked":["Pommel Strike","Thunderclap","Havoc"],"picked":"SKIP","floor":3},{"not_picked":["Carnage","Uppercut","Whirlwind"],"picked":"SKIP","floor":4},{"not_picked":["Intimidate","Cleave"],"picked":"Clash","floor":7},{"not_picked":["Body Slam","Offering"],"picked":"Cleave","floor":10},{"not_picked":["Searing Blow","Uppercut"],"picked":"Anger","floor":12},{"not_picked":["Bloodletting","True Grit"],"picked":"Anger","floor":14},{"not_picked":["Barricade","Impervious"],"picked":"Offering","floor":16},{"not_picked":["Shrug It Off","Sever Soul"],"picked":"Anger","floor":18},{"not_picked":["Whirlwind+1","Cleave","True Grit"],"picked":"SKIP","floor":22},{"not_picked":["Wild Strike","Iron Wave"],"picked":"Twin Strike+1","floor":24},{"not_picked":["Twin Strike","Warcry"],"picked":"Rage+1","floor":29},{"not_picked":["Impervious","Immolate"],"picked":"Brutality","floor":33},{"not_picked":["Pommel Strike+1","Twin Strike+1"],"picked":"Flex","floor":35},{"not_picked":["Entrench+1","Havoc","Headbutt"],"picked":"SKIP","floor":38},{"not_picked":["Second Wind+1","Seeing Red+1"],"picked":"Clash+1","floor":39},{"not_picked":["Dramatic Entrance","Mind Blast"],"picked":"Apotheosis","floor":45},{"not_picked":["Thinking Ahead","Deep Breath"],"picked":"Transmutation","floor":45},{"not_picked":["Blind","Jack Of All Trades"],"picked":"Bandage Up","floor":45},{"not_picked":["Disarm","Corruption+1","Clothesline"],"picked":"SKIP","floor":46},{"not_picked":["Body Slam","Uppercut","Cleave"],"picked":"SKIP","floor":48}],"player_experience":354609,"potions_floor_usage":[4,13,13,16,29,33,38,39,50],"damage_taken":[{"damage":6,"enemies":"Cultist","floor":1,"turns":4},{"damage":8,"enemies":"Jaw Worm","floor":3,"turns":3},{"damage":0,"enemies":"Small Slimes","floor":4,"turns":1},{"damage":45,"enemies":"Lagavulin","floor":7,"turns":6},{"damage":16,"enemies":"Gremlin Nob","floor":10,"turns":3},{"damage":7,"enemies":"Blue Slaver","floor":12,"turns":2},{"damage":0,"enemies":"Exordium Wildlife","floor":13,"turns":1},{"damage":16,"enemies":"The Mushroom Lair","floor":14,"turns":3},{"damage":34,"enemies":"Hexaghost","floor":16,"turns":8},{"damage":10,"enemies":"Chosen","floor":18,"turns":3},{"damage":8,"enemies":"Spheric Guardian","floor":22,"turns":3},{"damage":19,"enemies":"Snake Plant","floor":24,"turns":3},{"damage":31,"enemies":"Chosen and Byrds","floor":29,"turns":5},{"damage":30,"enemies":"Collector","floor":33,"turns":5},{"damage":32,"enemies":"Flame Bruiser 1 Orb","floor":35,"turns":4},{"damage":25,"enemies":"3 Darklings","floor":38,"turns":4},{"damage":32,"enemies":"4 Shapes","floor":39,"turns":9},{"damage":33,"enemies":"Sphere and 2 Shapes","floor":46,"turns":4},{"damage":17,"enemies":"3 Darklings","floor":48,"turns":3},{"damage":53,"enemies":"Awakened One","floor":50,"turns":4}],"relics_obtained":[{"floor":7,"key":"Juzu Bracelet"},{"floor":9,"key":"Centennial Puzzle"},{"floor":10,"key":"Kunai"},{"floor":14,"key":"Odd Mushroom"},{"floor":26,"key":"The Courier"},{"floor":28,"key":"Happy Flower"},{"floor":43,"key":"Bag of Marbles"}],"event_choices":[{"event_name":"Living Wall","player_choice":"Grow","floor":2,"damage_taken":0},{"event_name":"Mushrooms","player_choice":"Fought Mushrooms","floor":14,"damage_taken":0},{"event_name":"Masked Bandits","player_choice":"Paid Bandits 1 gold","floor":20,"damage_taken":0},{"event_name":"The Mausoleum","player_choice":"Yes","floor":21,"damage_taken":0},{"event_name":"Addict","player_choice":"Ignored","floor":25,"damage_taken":0},{"event_name":"The Library","player_choice":"Read","floor":31,"damage_taken":0},{"event_name":"The Woman in Blue","player_choice":"Bought 1 Potion","floor":36,"damage_taken":0},{"event_name":"Winding Halls","player_choice":"Embrace Madness","floor":44,"damage_taken":0},{"event_name":"SensoryStone","player_choice":"Memory 3","floor":45,"damage_taken":0},{"event_name":"Match and Keep!","player_choice":"1 cards matched","floor":47,"damage_taken":0}],"boss_relics":[{"not_picked":["Mark of Pain","Runic Dome"],"picked":"Lizard Tail"},{"not_picked":["Eternal Feather","Cursed Key"],"picked":"Runic Cube"}],"items_purged_floors":[],"potions_floor_spawned":[3,10,12,13,14,24,29,35,48],"seed_played":"-4717808286448891560","killed_by":"Awakened One","ascension_level":1,"potions_obtained":[{"floor":3,"key":"Explosive Potion"},{"floor":10,"key":"SmokeBomb"},{"floor":12,"key":"LiquidBronze"},{"floor":14,"key":"Dexterity Potion"},{"floor":24,"key":"Strength Potion"},{"floor":29,"key":"LiquidBronze"},{"floor":35,"key":"Weak Potion"},{"floor":36,"key":"SteroidPotion"},{"floor":48,"key":"LiquidBronze"}],"is_trial":false}