{"gold_per_floor":[116,132,207,223,148,148,180,180,206,220,220],"floor_reached":11,"playtime":273,"items_purged":[],"score":146,"play_id":"2169f31a-8841-412e-97f6-ab1fc472f818","local_time":"20190304191832","is_ascension_mode":true,"campfire_choices":[{"data":"Streamline","floor":6,"key":"SMITH"},{"data":"Zap","floor":8,"key":"SMITH"}],"neow_cost":"NONE","seed_source_timestamp":61604100244086,"circlet_count":0,"master_deck":["AscendersBane","Strike_B","Strike_B","Defend_B","Defend_B","Defend_B","Defend_B","Zap+1","Dualcast","Creative AI","BootSequence","Undo","Streamline+1","Reboot","Rip and Tear"],"relics":["Cracked Core","PreservedInsect","Dream Catcher"],"potions_floor_usage":[7],"damage_taken":[{"damage":9,"enemies":"2 Louse","floor":1,"turns":3},{"damage":1,"enemies":"Cultist","floor":2,"turns":4},{"damage":2,"enemies":"Small Slimes","floor":4,"turns":3},{"damage":20,"enemies":"3 Sentries","floor":7,"turns":8},{"damage":0,"enemies":"Red Slaver","floor":10,"turns":2}],"seed_played":"2861933436723453995","potions_obtained":[{"floor":2,"key":"Ancient Potion"},{"floor":4,"key":"Explosive Potion"},{"floor":10,"key":"Block Potion"}],"is_trial":false,"path_per_floor":["M","M","?","M","?","R","E","R","T","M","?"],"character_chosen":"DEFECT","items_purchased":[],"campfire_rested":0,"item_purchase_floors":[],"current_hp_per_floor":[55,54,43,41,41,41,21,21,21,21,0],"gold":220,"neow_bonus":"TRANSFORM_CARD","is_prod":false,"is_daily":false,"chose_seed":false,"campfire_upgraded":2,"win_rate":0,"timestamp":1551745112,"path_taken":["M","M","?","M","?","R","E","R","T","M","?"],"build_version":"2019-01-23","purchased_purges":0,"victory":false,"max_hp_per_floor":[71,71,71,71,71,71,71,71,71,71,71],"card_choices":[{"not_picked":["Cold Snap","Hologram"],"picked":"BootSequence","floor":1},{"not_picked":["Barrage","Sweeping Beam"],"picked":"Undo","floor":2},{"not_picked":["Cold Snap","Recycle"],"picked":"Streamline","floor":4},{"not_picked":["Heatsinks","Gash"],"picked":"Reboot","floor":7},{"not_picked":["Coolheaded","Streamline"],"picked":"Rip and Tear","floor":10}],"player_experience":678589,"relics_obtained":[{"floor":7,"key":"PreservedInsect"},{"floor":9,"key":"Dream Catcher"}],"event_choices":[{"damage_healed":0,"gold_gain":75,"player_choice":"Gather Gold","damage_taken":11,"max_hp_gain":0,"max_hp_loss":0,"event_name":"World of Goop","floor":3,"gold_loss":0},{"cards_removed":["Strike_B"],"damage_healed":0,"gold_gain":0,"player_choice":"Card Removal","damage_taken":0,"max_hp_gain":0,"max_hp_loss":0,"event_name":"The Cleric","floor":5,"gold_loss":75}],"is_beta":false,"boss_relics":[],"items_purged_floors":[],"is_endless":false,"potions_floor_spawned":[2,4,10],"ascension_level":20}