{"gold_per_floor":[112,112,132,132,132,132,168,193,268,287,310,326,349,349,349,474,474],"floor_reached":17,"playtime":268,"items_purged":[],"score":184,"play_id":"85e487d3-db08-4671-8443-ca4192f809d8","local_time":"20181218060209","is_ascension_mode":false,"campfire_choices":[{"data":"Heavy Blade","floor":6,"key":"SMITH"},{"data":"Clash","floor":15,"key":"SMITH"}],"neow_cost":"NONE","seed_source_timestamp":438221836941383,"circlet_count":0,"master_deck":["Strike_R","Strike_R","Strike_R","Strike_R","Strike_R","Defend_R","Defend_R","Defend_R","Defend_R","Bash","Heavy Blade+1","Clash","Clash+1"],"relics":["Burning Blood","NeowsBlessing","Red Skull","Golden Idol","Bronze Scales","The Courier"],"potions_floor_usage":[12,16],"damage_taken":[{"damage":0,"enemies":"Small Slimes","floor":1,"turns":1},{"damage":0,"enemies":"2 Louse","floor":3,"turns":1},{"damage":0,"enemies":"Lagavulin","floor":7,"turns":1},{"damage":11,"enemies":"Jaw Worm","floor":8,"turns":2},{"damage":16,"enemies":"Red Slaver","floor":10,"turns":3},{"damage":15,"enemies":"Looter","floor":11,"turns":3},{"damage":0,"enemies":"Large Slime","floor":12,"turns":4},{"damage":0,"enemies":"3 Louse","floor":13,"turns":2},{"damage":43,"enemies":"Hexaghost","floor":16,"turns":8}],"seed_played":"-5106122798860753368","potions_obtained":[{"floor":1,"key":"Regen Potion"},{"floor":8,"key":"SteroidPotion"},{"floor":11,"key":"SpeedPotion"}],"is_trial":false,"path_per_floor":["M","?","M","?","?","R","E","M","T","M","M","M","M","$","R","B",null],"character_chosen":"IRONCLAD","items_purchased":[],"campfire_rested":0,"item_purchase_floors":[],"current_hp_per_floor":[80,73,79,79,59,59,65,60,60,50,41,47,53,53,53,31,31],"gold":474,"neow_bonus":"THREE_ENEMY_KILL","is_prod":false,"is_daily":false,"chose_seed":false,"campfire_upgraded":2,"win_rate":0,"timestamp":1545130929,"path_taken":["M","?","M","?","?","R","E","M","T","M","?","M","M","?","R","BOSS"],"build_version":"2018-12-13","purchased_purges":0,"victory":false,"max_hp_per_floor":[80,80,80,80,80,80,80,80,80,80,80,80,80,80,80,80,80],"card_choices":[{"not_picked":["Pummel","Flex"],"picked":"Heavy Blade","floor":1},{"not_picked":["Cleave","Evolve","Havoc"],"picked":"SKIP","floor":3},{"not_picked":["Shrug It Off","Power Through","Body Slam"],"picked":"SKIP","floor":7},{"not_picked":["Warcry","Barricade","Iron Wave"],"picked":"SKIP","floor":8},{"not_picked":["Intimidate","Sword Boomerang","Battle Trance"],"picked":"SKIP","floor":10},{"not_picked":["Searing Blow","Thunderclap"],"picked":"Clash","floor":11},{"not_picked":["Bludgeon","Headbutt"],"picked":"Clash","floor":12},{"not_picked":["Headbutt","Perfected Strike","Warcry"],"picked":"SKIP","floor":13}],"player_experience":323848,"relics_obtained":[{"floor":7,"key":"Bronze Scales"},{"floor":9,"key":"The Courier"}],"event_choices":[{"damage_healed":0,"gold_gain":0,"player_choice":"Success","damage_taken":7,"relics_obtained":["Red Skull"],"max_hp_gain":0,"max_hp_loss":0,"event_name":"Scrap Ooze","floor":2,"gold_loss":0},{"damage_healed":0,"gold_gain":0,"player_choice":"Ignored","damage_taken":0,"max_hp_gain":0,"max_hp_loss":0,"event_name":"Liars Game","floor":4,"gold_loss":0},{"damage_healed":0,"gold_gain":0,"player_choice":"Take Damage","damage_taken":20,"relics_obtained":["Golden Idol"],"max_hp_gain":0,"max_hp_loss":0,"event_name":"Golden Idol","floor":5,"gold_loss":0}],"is_beta":false,"boss_relics":[],"items_purged_floors":[],"is_endless":false,"potions_floor_spawned":[1,8,11],"ascension_level":0}