{"gold_per_floor":[117,137,148,166,65,65,99,109,134,152,180,145,158,233,233,331,331,345,345,141,153,171,171,171,171,171,53,72,90,115,134,134,235,235,246,127,0,17,28,62,62,77,77,77,95,146,146,146,146,146],"floor_reached":51,"playtime":4416,"items_purged":["Strike_B","Strike_B","Strike_B"],"score":686,"play_id":"df24bffa-6ae6-4adf-bb45-1f7d553b4129","local_time":"20190304050622","is_ascension_mode":false,"campfire_choices":[{"data":"Defragment","floor":6,"key":"SMITH"},{"floor":15,"key":"REST"},{"floor":23,"key":"REST"},{"floor":25,"key":"REST"},{"floor":32,"key":"REST"},{"floor":41,"key":"REST"},{"data":"Buffer","floor":47,"key":"SMITH"},{"data":"Reinforced Body","floor":49,"key":"SMITH"}],"neow_cost":"NONE","seed_source_timestamp":35384526629977,"circlet_count":0,"master_deck":["Strike_B","Defend_B","Defend_B","Defend_B","Defend_B","Zap","Dualcast","Defragment+1","Streamline","Coolheaded","Cold Snap","Redo","Ball Lightning","Skim","Force Field","Coolheaded","Loop","Reinforced Body+1","Electrodynamics","Melter+1","Defragment","Consume","Loop","Streamline+1","Hello World+1","Turbo","Ball Lightning","Consume","Force Field+1","Fusion","Loop","Meteor Strike","Sweeping Beam","Heatsinks","Fusion","Sweeping Beam","Static Discharge","Reinforced Body","Buffer+1","White Noise"],"relics":["Cracked Core","NeowsBlessing","Mummified Hand","Omamori","Smiling Mask","Snecko Eye","Bottled Tornado","Bag of Preparation","Inserter","Red Mask","Bottled Lightning","Calipers","Du-Vu Doll","Question Card"],"potions_floor_usage":[7,7,16,18,29,38,40,50,50],"damage_taken":[{"damage":0,"enemies":"2 Louse","floor":1,"turns":1},{"damage":0,"enemies":"Jaw Worm","floor":2,"turns":1},{"damage":0,"enemies":"Small Slimes","floor":3,"turns":1},{"damage":11,"enemies":"3 Louse","floor":4,"turns":3},{"damage":7,"enemies":"Gremlin Nob","floor":7,"turns":3},{"damage":1,"enemies":"Blue Slaver","floor":8,"turns":3},{"damage":4,"enemies":"Looter","floor":10,"turns":3},{"damage":14,"enemies":"3 Sentries","floor":11,"turns":8},{"damage":13,"enemies":"Exordium Wildlife","floor":13,"turns":3},{"damage":27,"enemies":"Hexaghost","floor":16,"turns":10},{"damage":8,"enemies":"2 Thieves","floor":18,"turns":3},{"damage":4,"enemies":"3 Byrds","floor":21,"turns":3},{"damage":33,"enemies":"Shelled Parasite and Fungi","floor":22,"turns":4},{"damage":6,"enemies":"Cultist and Chosen","floor":28,"turns":3},{"damage":0,"enemies":"Snake Plant","floor":29,"turns":2},{"damage":21,"enemies":"Slavers","floor":30,"turns":3},{"damage":6,"enemies":"Shelled Parasite and Fungi","floor":31,"turns":3},{"damage":32,"enemies":"Automaton","floor":33,"turns":10},{"damage":23,"enemies":"3 Darklings","floor":35,"turns":2},{"damage":18,"enemies":"Orb Walker","floor":38,"turns":3},{"damage":10,"enemies":"Maw","floor":39,"turns":5},{"damage":29,"enemies":"Reptomancer","floor":40,"turns":6},{"damage":3,"enemies":"4 Shapes","floor":42,"turns":5},{"damage":7,"enemies":"Writhing Mass","floor":45,"turns":4},{"damage":0,"enemies":"2 Orb Walkers","floor":46,"turns":4},{"damage":43,"enemies":"Time Eater","floor":50,"turns":8}],"seed_played":"4977357454860464113","potions_obtained":[{"floor":3,"key":"Poison Potion"},{"floor":4,"key":"AttackPotion"},{"floor":8,"key":"Energy Potion"},{"floor":11,"key":"FearPotion"},{"floor":22,"key":"Swift Potion"},{"floor":33,"key":"AttackPotion"},{"floor":38,"key":"Fruit Juice"},{"floor":45,"key":"Regen Potion"},{"floor":46,"key":"Strength Potion"}],"is_trial":false,"path_per_floor":["M","M","M","M","$","R","E","M","T","M","E","?","M","?","R","B",null,"M","?","$","M","M","R","?","R","T","$","M","M","E","M","R","B",null,"M","$","?","M","M","E","R","M","T","?","M","?","R","T","R","B",null],"character_chosen":"DEFECT","items_purchased":["Redo","Ball Lightning","Consume","Loop","Turbo","Ball Lightning","Heatsinks"],"campfire_rested":5,"item_purchase_floors":[5,5,20,20,27,27,36],"current_hp_per_floor":[75,75,75,64,64,64,57,56,56,52,38,56,43,32,54,27,75,67,67,67,63,30,52,38,62,62,62,56,56,35,29,53,21,80,57,57,57,44,34,5,30,27,27,74,67,67,67,67,67,34],"gold":146,"neow_bonus":"THREE_ENEMY_KILL","is_prod":false,"is_daily":false,"chose_seed":false,"campfire_upgraded":3,"win_rate":0.0,"timestamp":1551643582,"path_taken":["M","M","M","M","$","R","E","M","T","M","E","?","M","?","R","BOSS","M","?","$","M","M","R","?","R","T","?","M","M","E","M","R","BOSS","M","$","?","M","M","E","R","M","T","?","M","?","R","?","R","BOSS"],"build_version":"2019-01-23","purchased_purges":3,"victory":true,"max_hp_per_floor":[75,75,75,75,75,75,75,75,75,75,75,75,75,75,75,75,75,75,75,75,75,75,75,80,80,80,80,80,80,80,80,80,80,80,80,80,80,85,85,85,85,85,85,74,74,74,74,74,74,74],"card_choices":[{"not_picked":["Go for the Eyes","Beam Cell"],"picked":"Defragment","floor":1},{"not_picked":["Steam Power","Recycle"],"picked":"Streamline","floor":2},{"not_picked":["Barrage","Ball Lightning"],"picked":"Coolheaded","floor":3},{"not_picked":["Stack","Steam"],"picked":"Cold Snap","floor":4},{"not_picked":["Steam","Streamline"],"picked":"Skim","floor":7},{"not_picked":["Tempest","Coolheaded"],"picked":"Force Field","floor":8},{"not_picked":["Redo","Stack"],"picked":"Coolheaded","floor":10},{"not_picked":["Tempest","Compile Driver"],"picked":"Loop","floor":11},{"not_picked":["Cold Snap","Doom and Gloom"],"picked":"Reinforced Body","floor":13},{"not_picked":["Buffer","Seek"],"picked":"Electrodynamics","floor":16},{"not_picked":["Steam","Rip and Tear"],"picked":"Melter+1","floor":18},{"not_picked":["Gash+1","Sunder"],"picked":"Streamline+1","floor":21},{"not_picked":["Streamline+1","Go for the Eyes"],"picked":"Hello World+1","floor":22},{"not_picked":["Compile Driver+1","Streamline+1"],"picked":"Consume","floor":28},{"not_picked":["Go for the Eyes","Chill"],"picked":"Force Field+1","floor":29},{"not_picked":["Redo","Glacier"],"picked":"Fusion","floor":30},{"not_picked":["Lockon","Genetic Algorithm+1"],"picked":"Loop","floor":31},{"not_picked":["Electrodynamics","Echo Form"],"picked":"Meteor Strike","floor":33},{"not_picked":["Undo+1","Steam+1"],"picked":"Sweeping Beam","floor":35},{"not_picked":["Turbo","Ball Lightning"],"picked":"Fusion","floor":38},{"not_picked":["Chill","Aggregate"],"picked":"Sweeping Beam","floor":39},{"not_picked":["Fusion","Tempest+1"],"picked":"Static Discharge","floor":40},{"not_picked":["Skim","Compile Driver+1"],"picked":"Reinforced Body","floor":42},{"not_picked":["Recycle+1","Rebound"],"picked":"Buffer","floor":45},{"not_picked":["Rebound","Compile Driver"],"picked":"White Noise","floor":46}],"player_experience":53153,"relics_obtained":[{"floor":7,"key":"Mummified Hand"},{"floor":9,"key":"Omamori"},{"floor":11,"key":"Smiling Mask"},{"floor":26,"key":"Bottled Tornado"},{"floor":30,"key":"Bag of Preparation"},{"floor":40,"key":"Bottled Lightning"},{"floor":43,"key":"Calipers"},{"floor":46,"key":"Du-Vu Doll"},{"floor":48,"key":"Question Card"}],"event_choices":[{"damage_healed":18,"gold_gain":0,"player_choice":"Healed","damage_taken":0,"max_hp_gain":0,"max_hp_loss":0,"event_name":"The Cleric","floor":12,"gold_loss":35},{"damage_healed":0,"gold_gain":75,"player_choice":"Gather Gold","damage_taken":11,"max_hp_gain":0,"max_hp_loss":0,"event_name":"World of Goop","floor":14,"gold_loss":0},{"damage_healed":0,"gold_gain":0,"player_choice":"Read","damage_taken":0,"max_hp_gain":0,"max_hp_loss":0,"event_name":"The Library","floor":19,"gold_loss":0,"cards_obtained":["Defragment"]},{"damage_healed":0,"gold_gain":0,"player_choice":"Shed Blood","damage_taken":19,"max_hp_gain":5,"max_hp_loss":0,"event_name":"Forgotten Altar","floor":24,"gold_loss":0},{"damage_healed":0,"gold_gain":0,"player_choice":"Paid","damage_taken":0,"relics_obtained":["Red Mask"],"max_hp_gain":0,"max_hp_loss":0,"event_name":"Tomb of Lord Red Mask","floor":37,"gold_loss":127},{"damage_healed":74,"gold_gain":0,"player_choice":"Heal","damage_taken":0,"max_hp_gain":0,"max_hp_loss":11,"event_name":"The Moai Head","floor":44,"gold_loss":0},{"damage_healed":0,"gold_gain":0,"player_choice":"Fight","damage_taken":0,"max_hp_gain":0,"max_hp_loss":0,"event_name":"Mysterious Sphere","floor":46,"gold_loss":0}],"is_beta":false,"boss_relics":[{"not_picked":["Eternal Feather","Astrolabe"],"picked":"Snecko Eye"},{"not_picked":["Philosopher\u0027s Stone","Cursed Key"],"picked":"Inserter"}],"items_purged_floors":[20,27,36],"is_endless":false,"potions_floor_spawned":[3,4,8,11,22,33,38,45,46],"ascension_level":0}