{"gold_per_floor":[116,127,302,227,238,238,265,280,326,343,361,393,242,257,257,356,356,375,375,290,290,300,330,330,348,399,409,161,178,213,225,225,325,325,335,133,133,148,8,8,27,44,44,44,59,59,72,72,72,72],"floor_reached":51,"playtime":3283,"items_purged":["Bash","Heavy Blade"],"score":753,"play_id":"faaa9799-532e-4300-ac9d-0fa8e8e23b59","local_time":"20180817231432","is_ascension_mode":false,"campfire_choices":[{"data":"Perfected Strike","floor":6,"key":"SMITH"},{"data":"Perfected Strike","floor":15,"key":"SMITH"},{"data":"Flex","floor":24,"key":"SMITH"},{"data":"Flex","floor":32,"key":"SMITH"},{"floor":40,"key":"REST"},{"data":"Shrug It Off","floor":46,"key":"SMITH"},{"floor":49,"key":"REST"}],"neow_cost":"NONE","seed_source_timestamp":155377437945717,"circlet_count":0,"master_deck":["Strike_R+1","Strike_R+1","Strike_R+1","Strike_R+1","Defend_R+1","Defend_R+1","Defend_R+1","Defend_R+1","Perfected Strike+1","Twin Strike+1","Doubt","Pommel Strike","Flex+1","Perfected Strike+1","Twin Strike+1","Double Tap","Metallicize+1","Twin Strike","Brutality+1","Armaments+1","Perfected Strike+1","Flex+1","Metallicize+1","Pommel Strike","Wild Strike","Disarm","Double Tap","Thinking Ahead","Pummel+1","Shrug It Off+1","Metallicize+1","Twin Strike","Shrug It Off+1","Limit Break","Madness","Madness","Inflame+1","Flex+1"],"relics":["Burning Blood","Frozen Egg 2","Dream Catcher","Strawberry","Red Skull","Sozu","Nilry\u0027s Codex","Lantern","Du-Vu Doll","Anchor","Whetstone","Bag of Marbles","Runic Dome","Ice Cream","Meat on the Bone","Champion Belt"],"potions_floor_usage":[11,16,16,47],"damage_taken":[{"damage":6,"enemies":"Cultist","floor":1,"turns":3},{"damage":7,"enemies":"2 Louse","floor":2,"turns":2},{"damage":0,"enemies":"Small Slimes","floor":5,"turns":2},{"damage":26,"enemies":"Lagavulin","floor":7,"turns":5},{"damage":15,"enemies":"Looter","floor":8,"turns":3},{"damage":19,"enemies":"Large Slime","floor":10,"turns":5},{"damage":4,"enemies":"3 Louse","floor":11,"turns":3},{"damage":31,"enemies":"3 Sentries","floor":12,"turns":6},{"damage":2,"enemies":"Blue Slaver","floor":14,"turns":2},{"damage":21,"enemies":"The Guardian","floor":16,"turns":9},{"damage":3,"enemies":"Spheric Guardian","floor":18,"turns":3},{"damage":4,"enemies":"3 Byrds","floor":22,"turns":5},{"damage":50,"enemies":"Gremlin Leader","floor":23,"turns":6},{"damage":10,"enemies":"Centurion and Healer","floor":25,"turns":3},{"damage":6,"enemies":"3 Cultists","floor":27,"turns":4},{"damage":0,"enemies":"Cultist and Chosen","floor":29,"turns":4},{"damage":0,"enemies":"Slavers","floor":30,"turns":4},{"damage":7,"enemies":"Snake Plant","floor":31,"turns":4},{"damage":23,"enemies":"Collector","floor":33,"turns":3},{"damage":3,"enemies":"3 Shapes","floor":35,"turns":3},{"damage":47,"floor":37,"turns":4},{"damage":0,"enemies":"Flame Bruiser 1 Orb","floor":38,"turns":2},{"damage":0,"enemies":"Sphere and 2 Shapes","floor":41,"turns":2},{"damage":14,"enemies":"Spire Growth","floor":42,"turns":3},{"damage":8,"enemies":"3 Darklings","floor":45,"turns":5},{"damage":7,"enemies":"Transient","floor":47,"turns":5},{"damage":76,"enemies":"Awakened One","floor":50,"turns":9}],"seed_played":"-7544003775292208389","potions_obtained":[{"floor":5,"key":"EssenceOfSteel"},{"floor":7,"key":"Weak Potion"},{"floor":12,"key":"LiquidBronze"},{"floor":16,"key":"Weak Potion"}],"is_trial":false,"path_per_floor":["M","M","?","?","M","R","E","M","T","M","M","E","$","M","R","B",null,"M","?","?","?","M","E","R","M","T","M","$","M","E","M","R","B",null,"M","$","?","M","$","R","M","M","T","?","M","R","M","T","R","B"],"character_chosen":"IRONCLAD","items_purchased":["Metallicize+1","Whetstone","Thinking Ahead","Metallicize+1","Twin Strike","Shrug It Off"],"campfire_rested":2,"item_purchase_floors":[13,28,36,39,39,39],"current_hp_per_floor":[80,79,79,79,80,80,60,51,58,45,47,22,22,26,26,11,87,87,71,71,71,81,37,37,33,33,33,33,39,45,44,44,27,87,87,87,46,52,52,78,84,76,76,65,63,63,62,62,87,29],"gold":72,"neow_bonus":"TRANSFORM_CARD","is_prod":false,"is_daily":false,"chose_seed":false,"campfire_upgraded":5,"win_rate":0,"timestamp":1534562072,"path_taken":["M","?","?","?","M","R","E","M","T","M","M","E","$","?","R","BOSS","M","?","?","?","?","E","R","M","T","M","$","M","E","M","R","BOSS","M","$","?","?","$","R","M","M","T","?","M","R","M","?","R","BOSS"],"build_version":"2018-08-16","purchased_purges":2,"victory":true,"max_hp_per_floor":[80,80,80,80,80,80,80,80,87,87,87,87,87,87,87,87,87,87,87,87,87,87,87,87,87,87,87,87,87,87,87,87,87,87,87,87,87,87,87,87,87,87,87,87,87,87,87,87,87,87],"card_choices":[{"not_picked":["Reckless Charge","Flame Barrier"],"picked":"Perfected Strike","floor":1},{"not_picked":["Sword Boomerang","Clothesline"],"picked":"Twin Strike","floor":2},{"not_picked":["Dual Wield","Warcry"],"picked":"Pommel Strike","floor":5},{"not_picked":["Blood for Blood","Clash"],"picked":"Flex","floor":7},{"not_picked":["Corruption+1","Cleave"],"picked":"Perfected Strike","floor":8},{"not_picked":["Shockwave","Sword Boomerang"],"picked":"Twin Strike","floor":10},{"not_picked":["Shockwave","Body Slam"],"picked":"Double Tap","floor":11},{"not_picked":["Searing Blow","Clash","Reckless Charge"],"picked":"SKIP","floor":12},{"not_picked":["Dropkick","Thunderclap"],"picked":"Twin Strike","floor":14},{"not_picked":["Barricade+1","Bludgeon"],"picked":"Brutality+1","floor":16},{"not_picked":["True Grit","Headbutt"],"picked":"Armaments+1","floor":18},{"not_picked":["Reckless Charge+1","True Grit"],"picked":"Perfected Strike+1","floor":22},{"not_picked":["Power Through+1","Evolve+1"],"picked":"Flex","floor":23},{"not_picked":["Perfected Strike","Twin Strike"],"picked":"Metallicize+1","floor":25},{"not_picked":["Sword Boomerang","Warcry"],"picked":"Pommel Strike","floor":27},{"not_picked":["Reckless Charge","Anger"],"picked":"Wild Strike","floor":29},{"not_picked":["Juggernaut+1","Bloodletting"],"picked":"Disarm","floor":30},{"not_picked":["Heavy Blade","Entrench","Cleave"],"picked":"SKIP","floor":31},{"not_picked":["Impervious","Reaper"],"picked":"Double Tap","floor":33},{"not_picked":["Heavy Blade","Second Wind+1","Bloodletting+1"],"picked":"SKIP","floor":35},{"not_picked":["Intimidate","Feel No Pain+1"],"picked":"Pummel+1","floor":37},{"not_picked":["Clothesline+1","Body Slam"],"picked":"Shrug It Off+1","floor":38},{"not_picked":["Perfected Strike","Warcry"],"picked":"Limit Break","floor":41},{"not_picked":["Clash+1","Cleave","Clothesline"],"picked":"SKIP","floor":42},{"not_picked":["Shrug It Off","Wild Strike+1"],"picked":"Inflame+1","floor":45},{"not_picked":["Blood for Blood+1","Havoc","Headbutt"],"picked":"SKIP","floor":47},{"not_picked":["Clothesline","Shrug It Off+1"],"picked":"Flex+1","floor":49}],"player_experience":84058,"relics_obtained":[{"floor":7,"key":"Dream Catcher"},{"floor":9,"key":"Strawberry"},{"floor":12,"key":"Red Skull"},{"floor":19,"key":"Nilry\u0027s Codex"},{"floor":23,"key":"Du-Vu Doll"},{"floor":26,"key":"Anchor"},{"floor":30,"key":"Bag of Marbles"},{"floor":37,"key":"Ice Cream"},{"floor":43,"key":"Meat on the Bone"},{"floor":48,"key":"Champion Belt"}],"event_choices":[{"event_name":"Liars Game","player_choice":"agreed","floor":3,"damage_taken":0},{"event_name":"WeMeetAgain","player_choice":"Gold","floor":4,"damage_taken":0},{"event_name":"Cursed Tome","player_choice":"Obtained Book","floor":19,"damage_taken":0},{"event_name":"Addict","player_choice":"Obtained Relic","floor":20,"damage_taken":0},{"event_name":"Back to Basics","player_choice":"Simplicity","floor":21,"damage_taken":0},{"event_name":"MindBloom","player_choice":"Fight","floor":37,"damage_taken":0},{"event_name":"Winding Halls","player_choice":"Embrace Madness","floor":44,"damage_taken":0}],"is_beta":false,"boss_relics":[{"not_picked":["Pandora\u0027s Box","Mark of Pain"],"picked":"Sozu"},{"not_picked":["Black Star","Astrolabe"],"picked":"Runic Dome"}],"items_purged_floors":[13,28],"is_endless":false,"potions_floor_spawned":[5,7,12,16,22,23,29,35,37,41,42],"ascension_level":0}