{"gold_per_floor":[367,442,98,98,118,152,152,181,258,258,10,37,52,71,71,169,169,188,188,113,0,18,46,46,46,46,46,72,86,41,59,59,59],"floor_reached":33,"playtime":1317,"items_purged":["Regret"],"score":331,"play_id":"5fdecf06-1be9-4432-aff0-f9489f50cecd","local_time":"20190130203727","is_ascension_mode":true,"campfire_choices":[{"floor":7,"key":"RECALL"},{"floor":10,"key":"REST"},{"data":"Uppercut","floor":15,"key":"SMITH"},{"floor":24,"key":"REST"},{"floor":32,"key":"REST"}],"neow_cost":"CURSE","seed_source_timestamp":1890214068185337,"circlet_count":0,"master_deck":["Strike_R","Strike_R","Strike_R","Strike_R","Strike_R","Defend_R","Defend_R","Defend_R","Defend_R","Bash","Spot Weakness","Sever Soul","Shrug It Off","Dropkick","Carnage","Immolate","Shrug It Off","Uppercut+1","Armaments","Immolate","Limit Break","Ghostly Armor","Battle Trance","Pommel Strike","Bandage Up","Power Through"],"relics":["Burning Blood","Membership Card","PreservedInsect","Centennial Puzzle","Meat on the Bone","HandDrill","Red Skull","Anchor","Black Star","Singing Bowl","Gambling Chip","Boot","Oddly Smooth Stone","Paper Frog"],"potions_floor_usage":[6,18,18,23,28,31,33],"damage_taken":[{"damage":20,"enemies":"Small Slimes","floor":1,"turns":4},{"damage":0,"enemies":"Cultist","floor":5,"turns":2},{"damage":16,"enemies":"Lagavulin","floor":6,"turns":6},{"damage":6,"enemies":"Gremlin Nob","floor":8,"turns":3},{"damage":18,"enemies":"Lagavulin","floor":12,"turns":4},{"damage":0,"enemies":"Jaw Worm","floor":13,"turns":2},{"damage":0,"enemies":"Exordium Wildlife","floor":14,"turns":3},{"damage":36,"enemies":"The Guardian","floor":16,"turns":9},{"damage":26,"enemies":"Spheric Guardian","floor":18,"turns":5},{"damage":24,"enemies":"2 Thieves","floor":22,"turns":3},{"damage":34,"enemies":"Gremlin Leader","floor":23,"turns":5},{"damage":20,"enemies":"Book of Stabbing","floor":28,"turns":4},{"damage":12,"enemies":"Snake Plant","floor":29,"turns":3},{"damage":13,"enemies":"Snecko","floor":31,"turns":3},{"damage":124,"enemies":"Automaton","floor":33,"turns":12}],"seed_played":"-1132882429281457018","potions_obtained":[{"floor":1,"key":"Energy Potion"},{"floor":4,"key":"Weak Potion"},{"floor":4,"key":"Block Potion"},{"floor":6,"key":"Fire Potion"},{"floor":16,"key":"BloodPotion"},{"floor":22,"key":"SteroidPotion"},{"floor":23,"key":"PowerPotion"},{"floor":31,"key":"Strength Potion"}],"is_trial":false,"path_per_floor":["M","?","$","?","M","E","R","E","T","R","$","E","M","M","R","B",null,"M","?","$","?","M","E","R","$","T","?","E","M","$","M","R","B"],"character_chosen":"IRONCLAD","items_purchased":["Membership Card","PreservedInsect","Sever Soul","HandDrill","Red Skull","Immolate","Limit Break","Bandage Up"],"campfire_rested":3,"item_purchase_floors":[3,3,3,11,11,11,20,30],"current_hp_per_floor":[66,55,55,55,61,51,51,51,51,75,75,63,69,75,75,57,80,68,68,68,68,50,36,60,60,60,44,42,48,48,53,79,0],"gold":59,"neow_bonus":"TWO_FIFTY_GOLD","is_prod":false,"is_daily":false,"chose_seed":false,"campfire_upgraded":1,"win_rate":0,"timestamp":1548898647,"path_taken":["M","?","$","?","M","E","R","E","T","R","$","E","M","?","R","BOSS","M","?","$","?","M","E","R","?","T","?","E","M","$","M","R","BOSS"],"build_version":"2019-01-23","purchased_purges":1,"victory":false,"max_hp_per_floor":[80,80,80,80,80,80,80,80,80,80,80,80,80,80,80,80,80,80,80,80,80,80,82,82,82,82,87,87,87,87,87,87,87],"card_choices":[{"not_picked":["Rage","Headbutt"],"picked":"Spot Weakness","floor":1},{"not_picked":["Twin Strike","Armaments"],"picked":"Shrug It Off","floor":5},{"not_picked":["Battle Trance","Evolve"],"picked":"Dropkick","floor":6},{"not_picked":["Feel No Pain","Twin Strike"],"picked":"Carnage","floor":8},{"not_picked":["Rage","True Grit"],"picked":"Shrug It Off","floor":12},{"not_picked":["Bludgeon","Anger"],"picked":"Uppercut","floor":13},{"not_picked":["Blood for Blood","Clothesline"],"picked":"Armaments","floor":14},{"not_picked":["Barricade","Reaper"],"picked":"Immolate","floor":16},{"not_picked":["Hemokinesis","Evolve","Havoc"],"picked":"SKIP","floor":18},{"not_picked":["Shrug It Off","Flex"],"picked":"Ghostly Armor","floor":22},{"not_picked":["Disarm","Havoc","Twin Strike+1"],"picked":"Singing Bowl","floor":23},{"not_picked":["Carnage","Sword Boomerang"],"picked":"Battle Trance","floor":28},{"not_picked":["True Grit","Sever Soul"],"picked":"Pommel Strike","floor":29},{"not_picked":["Shrug It Off","True Grit"],"picked":"Power Through","floor":31}],"player_experience":121972,"relics_obtained":[{"floor":6,"key":"Centennial Puzzle"},{"floor":8,"key":"Meat on the Bone"},{"floor":12,"key":"Anchor"},{"floor":23,"key":"Singing Bowl"},{"floor":23,"key":"Gambling Chip"},{"floor":26,"key":"Boot"},{"floor":28,"key":"Oddly Smooth Stone"},{"floor":28,"key":"Paper Frog"}],"event_choices":[{"damage_healed":0,"gold_gain":75,"player_choice":"Gather Gold","damage_taken":11,"max_hp_gain":0,"max_hp_loss":0,"event_name":"World of Goop","floor":2,"gold_loss":0},{"damage_healed":0,"gold_gain":0,"player_choice":"Got Potions","damage_taken":0,"max_hp_gain":0,"max_hp_loss":0,"event_name":"Lab","floor":4,"gold_loss":0},{"damage_healed":0,"gold_gain":0,"player_choice":"Ignored","damage_taken":0,"max_hp_gain":0,"max_hp_loss":0,"event_name":"Beggar","floor":19,"gold_loss":0},{"damage_healed":0,"gold_gain":0,"player_choice":"Paid Fearfully","damage_taken":0,"max_hp_gain":0,"max_hp_loss":0,"event_name":"Masked Bandits","floor":21,"gold_loss":113},{"damage_healed":0,"gold_gain":0,"player_choice":"Shed Blood","damage_taken":21,"max_hp_gain":5,"max_hp_loss":0,"event_name":"Forgotten Altar","floor":27,"gold_loss":0}],"is_beta":false,"boss_relics":[{"not_picked":["Busted Crown","Tiny House"],"picked":"Black Star"}],"items_purged_floors":[3],"is_endless":false,"potions_floor_spawned":[1,5,6,16,22,23,31],"killed_by":"Automaton","ascension_level":2}