{"gold_per_floor":[114,132,132,146,165,165,165,165,165,200,215,225,225,239,239,344,344,357,372,372,572,585,585,601,625,625,637,23,23,33,51,51,153,153,173,173,173,73,85,85,100,1,1,11,21,21,36,50,50,50],"floor_reached":50,"playtime":10555,"items_purged":["Strike_R","Defend_R"],"score":452,"play_id":"83df8678-b20d-41c0-a3e7-a4b86e6bc688","local_time":"20190308142553","is_ascension_mode":false,"campfire_choices":[{"data":"True Grit","floor":6.0,"key":"SMITH"},{"data":"Shockwave","floor":8.0,"key":"SMITH"},{"data":"True Grit","floor":13.0,"key":"SMITH"},{"floor":15.0,"key":"REST"},{"floor":23,"key":"REST"},{"floor":29,"key":"REST"},{"floor":32,"key":"REST"},{"floor":40,"key":"RECALL"},{"floor":46,"key":"REST"},{"floor":49,"key":"REST"}],"neow_cost":"NONE","seed_source_timestamp":0,"circlet_count":0,"master_deck":["Strike_R+1","Strike_R+1","Defend_R","Defend_R","Bash","Body Slam+1","Flame Barrier","True Grit+1","Dark Shackles","Shockwave+1","Body Slam","True Grit+1","Shrug It Off","Juggernaut","Shrug It Off","Iron Wave+1","Sentinel","Burning Pact","Finesse","Offering"],"special_seed":0,"relics":["Burning Blood","Question Card","Incense Burner","Lizard Tail","Mercury Hourglass","Prayer Wheel","Whetstone","Empty Cage","Mummified Hand"],"potions_floor_usage":[24,30,31,41,44,44,47,48],"damage_taken":[{"damage":4.0,"enemies":"2 Louse","floor":1.0,"turns":5.0},{"damage":1.0,"enemies":"Cultist","floor":2.0,"turns":4.0},{"damage":0.0,"enemies":"Small Slimes","floor":4.0,"turns":3.0},{"damage":15.0,"enemies":"Red Slaver","floor":5.0,"turns":5.0},{"damage":36.0,"enemies":"Lagavulin","floor":10.0,"turns":13.0},{"damage":0.0,"enemies":"Large Slime","floor":11.0,"turns":6.0},{"damage":0.0,"enemies":"3 Louse","floor":12.0,"turns":4.0},{"damage":0.0,"enemies":"Exordium Thugs","floor":14.0,"turns":4.0},{"damage":51.0,"enemies":"Hexaghost","floor":16.0,"turns":12.0},{"damage":3,"enemies":"Shell Parasite","floor":18,"turns":6},{"damage":0,"enemies":"3 Byrds","floor":19,"turns":5},{"damage":41,"enemies":"Centurion and Healer","floor":22,"turns":14},{"damage":16,"enemies":"Snake Plant","floor":24,"turns":5},{"damage":28,"enemies":"Sentry and Sphere","floor":27,"turns":8},{"damage":4,"enemies":"Chosen and Byrds","floor":30,"turns":6},{"damage":0,"enemies":"Centurion and Healer","floor":31,"turns":9},{"damage":122,"enemies":"Automaton","floor":33,"turns":15},{"damage":11,"enemies":"3 Shapes","floor":35,"turns":4},{"damage":6,"enemies":"3 Darklings","floor":39,"turns":4},{"damage":41,"enemies":"4 Shapes","floor":41,"turns":5},{"damage":11,"enemies":"Maw","floor":44,"turns":7},{"damage":27,"enemies":"Sphere and 2 Shapes","floor":45,"turns":8},{"damage":11,"enemies":"Spire Growth","floor":47,"turns":6},{"damage":19,"enemies":"Maw","floor":48,"turns":8},{"damage":55,"enemies":"Donu and Deca","floor":50,"turns":6}],"seed_played":"6383407452652732612","potions_obtained":[{"floor":2.0,"key":"LiquidBronze"},{"floor":10.0,"key":"Fire Potion"},{"floor":14.0,"key":"Energy Potion"},{"floor":22,"key":"Swift Potion"},{"floor":27,"key":"LiquidBronze"},{"floor":30,"key":"SpeedPotion"},{"floor":39,"key":"LiquidBronze"},{"floor":45,"key":"BloodPotion"},{"floor":47,"key":"Ancient Potion"}],"is_trial":false,"path_per_floor":["M","M","?","M","M","R","?","R","T","E","M","M","R","M","R","B",null,"M","M","?","?","M","R","M","T","T","M","$","R","M","M","R","B",null,"M","?","?","$","M","R","M","$","T","M","M","R","M","M","R","B"],"character_chosen":"IRONCLAD","items_purchased":["Prayer Wheel","Whetstone","Finesse","FearPotion","PowerPotion"],"campfire_rested":6,"item_purchase_floors":[28,28,28,42,42],"current_hp_per_floor":[80,80,80,80,71,71,71,71,71,41,47,53,53,59,80,35,80,80,80,80,80,45,69,59,59,59,37,37,61,63,69,80,29,80,75,75,75,75,75,75,40,40,40,35,14,36,38,25,47,0],"gold":50,"neow_bonus":"REMOVE_CARD","is_prod":false,"is_daily":false,"chose_seed":false,"campfire_upgraded":3,"win_rate":0,"timestamp":1552073153,"path_taken":["M","M","?","?","M","R","?","R","T","E","M","?","R","M","R","BOSS","M","M","?","?","?","R","M","?","T","M","$","R","M","M","R","BOSS","M","?","?","?","M","R","M","$","T","M","?","R","M","M","R","BOSS"],"build_version":"2019-01-23","purchased_purges":2,"victory":false,"max_hp_per_floor":[80,80,80,80,80,80,80,80,80,80,80,80,80,80,80,80,80,80,80,80,80,80,80,80,80,80,80,80,80,80,80,80,80,80,80,80,76,76,76,76,76,76,76,76,76,76,76,76,76,76],"card_choices":[{"not_picked":["Wild Strike","Carnage"],"picked":"Body Slam","floor":1.0},{"not_picked":["Clothesline","Cleave"],"picked":"Flame Barrier","floor":2.0},{"not_picked":["Anger","Ghostly Armor"],"picked":"True Grit","floor":4.0},{"not_picked":["Anger","Feel No Pain","Clash"],"picked":"SKIP","floor":5.0},{"not_picked":["Flame Barrier","Cleave","Seeing Red"],"picked":"Body Slam","floor":10.0},{"not_picked":["Thunderclap","Cleave","Spot Weakness"],"picked":"True Grit","floor":11.0},{"not_picked":["Body Slam","Rage","Battle Trance","Intimidate"],"picked":"SKIP","floor":12.0},{"not_picked":["Cleave","Flex","Iron Wave"],"picked":"Shrug It Off","floor":14.0},{"not_picked":["Offering","Exhume","Limit Break"],"picked":"Juggernaut","floor":16.0},{"not_picked":["Evolve","Perfected Strike","Clothesline"],"picked":"Shrug It Off","floor":18},{"not_picked":["Intimidate","Warcry","True Grit"],"picked":"Iron Wave+1","floor":19},{"not_picked":["Wild Strike","Shrug It Off+1","Anger"],"picked":"Burning Pact","floor":22},{"not_picked":["Cleave+1","Wild Strike","Clothesline+1","Shrug It Off+1"],"picked":"SKIP","floor":24},{"not_picked":["Shockwave","Shrug It Off+1","Headbutt","Thunderclap"],"picked":"SKIP","floor":27},{"not_picked":["Body Slam","Carnage+1","Rupture+1","Shockwave"],"picked":"SKIP","floor":30},{"not_picked":["Barricade","Flex","Evolve","Iron Wave"],"picked":"SKIP","floor":30},{"not_picked":["Evolve","Searing Blow+1","Sword Boomerang","Flex"],"picked":"SKIP","floor":31},{"not_picked":["Clash","Havoc","Armaments","Seeing Red"],"picked":"SKIP","floor":31},{"not_picked":["Immolate","Limit Break","Exhume"],"picked":"Offering","floor":33},{"not_picked":["Power Through","Thunderclap","Evolve+1","Body Slam+1"],"picked":"SKIP","floor":35},{"not_picked":["Sword Boomerang","Whirlwind","Heavy Blade+1","Fire Breathing"],"picked":"SKIP","floor":35},{"not_picked":["Flex","Wild Strike+1","Havoc+1","Warcry+1"],"picked":"SKIP","floor":39},{"not_picked":["Cleave+1","Iron Wave","Thunderclap+1","Anger+1"],"picked":"SKIP","floor":39},{"not_picked":["Body Slam+1","Armaments+1","Clothesline","Dual Wield"],"picked":"SKIP","floor":41},{"not_picked":["Anger+1","Perfected Strike+1","Sword Boomerang","Armaments+1"],"picked":"SKIP","floor":41},{"not_picked":["Clash","Combust","Reaper","Iron Wave"],"picked":"SKIP","floor":44},{"not_picked":["Cleave+1","Spot Weakness","Twin Strike+1","Reckless Charge"],"picked":"SKIP","floor":44},{"not_picked":["Blood for Blood+1","Burning Pact","Dropkick","Whirlwind"],"picked":"SKIP","floor":45},{"not_picked":["Clash+1","Clothesline","Rage+1","Headbutt+1"],"picked":"SKIP","floor":45},{"not_picked":["Burning Pact","Shockwave+1","Thunderclap+1","Clothesline+1"],"picked":"SKIP","floor":47},{"not_picked":["Reckless Charge+1","Rage","Warcry","Metallicize+1"],"picked":"SKIP","floor":47},{"not_picked":["Dual Wield","Impervious","Pommel Strike+1","Clothesline+1"],"picked":"SKIP","floor":48},{"not_picked":["Blood for Blood+1","Body Slam","Disarm+1","Ghostly Armor+1"],"picked":"SKIP","floor":48}],"player_experience":264668,"relics_obtained":[{"floor":9.0,"key":"Question Card"},{"floor":10.0,"key":"Incense Burner"},{"floor":26,"key":"Mercury Hourglass"},{"floor":43,"key":"Mummified Hand"}],"event_choices":[{"damage_healed":0.0,"max_hp_gain":0.0,"max_hp_loss":0.0,"gold_gain":0.0,"event_name":"Upgrade Shrine","player_choice":"Upgraded","floor":3.0,"gold_loss":0.0,"damage_taken":0.0,"cards_upgraded":["Body Slam"]},{"damage_healed":0.0,"max_hp_gain":0.0,"max_hp_loss":0.0,"gold_gain":0.0,"event_name":"Match and Keep!","player_choice":"2 cards matched","floor":7.0,"gold_loss":0.0,"damage_taken":0.0,"cards_obtained":["Dark Shackles","Shockwave"]},{"damage_healed":0,"gold_gain":0,"player_choice":"Read","damage_taken":0,"max_hp_gain":0,"max_hp_loss":0,"event_name":"The Library","floor":20,"gold_loss":0,"cards_obtained":["Sentinel"]},{"damage_healed":0,"gold_gain":200,"player_choice":"Gold","damage_taken":0,"max_hp_gain":0,"max_hp_loss":0,"event_name":"Wheel of Change","floor":21,"gold_loss":0},{"damage_healed":0,"gold_gain":0,"player_choice":"Memory 1","damage_taken":0,"max_hp_gain":0,"max_hp_loss":0,"event_name":"SensoryStone","floor":36,"gold_loss":0},{"damage_healed":0,"gold_gain":0,"player_choice":"Max HP","damage_taken":0,"max_hp_gain":0,"max_hp_loss":4,"event_name":"Winding Halls","floor":37,"gold_loss":0}],"is_beta":false,"boss_relics":[{"not_picked":["Black Star","Busted Crown"],"picked":"Lizard Tail"},{"not_picked":["Calling Bell","Snecko Eye"],"picked":"Empty Cage"}],"items_purged_floors":[28,38],"is_endless":false,"potions_floor_spawned":[2,10,14,22,27,30,39,45,47],"killed_by":"Donu and Deca","ascension_level":0}