{"gold_per_floor":[119,138,155,24,37,62,62,79,79,110,126,126,145,171,171,250,250,264,264,264,179,199,199,227,238,286,13,13,38,38,69,69,144,144,156,17,28,46,92,92,118,118,171,171,205,220,220,255,267,279,291,303,51,81,81],"floor_reached":56,"playtime":4690,"items_purged":["Strike_B","Defend_B"],"score":2098,"play_id":"fcb713aa-6462-4ade-a268-3cf99ea48cf1","local_time":"20190220120147","is_ascension_mode":true,"campfire_choices":[{"data":"Conserve Battery","floor":7.0,"key":"SMITH"},{"data":"Zap","floor":12.0,"key":"SMITH"},{"floor":15.0,"key":"REST"},{"data":"Sweeping Beam","floor":23.0,"key":"SMITH"},{"data":"Double Energy","floor":28.0,"key":"SMITH"},{"data":"Storm","floor":32.0,"key":"SMITH"},{"data":"Defragment","floor":40.0,"key":"SMITH"},{"floor":49.0,"key":"RECALL"},{"data":"Buffer","floor":52,"key":"SMITH"}],"neow_cost":"PERCENT_DAMAGE","seed_source_timestamp":0,"circlet_count":0,"master_deck":["AscendersBane","Defend_B","Defend_B","Defend_B","Zap+1","Dualcast","Conserve Battery+1","Steam","Tempest","Cold Snap","Streamline","Compile Driver","Ball Lightning","Sweeping Beam+1","Auto Shields","Self Repair","Electrodynamics","White Noise","Force Field","Biased Cognition","Storm+1","Double Energy+1","Ball Lightning","Loop","Echo Form","FTL+1","Sunder+1","Glacier+1","Undo","Defragment+1","Echo Form","Leap+1","Buffer+1","Defragment+1","Double Energy"],"special_seed":0,"relics":["Cracked Core","Ice Cream","Bottled Lightning","Letter Opener","Mummified Hand","Meat on the Bone","Inserter","Omamori","Bottled Flame","Anchor","Orichalcum","Darkstone Periapt","DataDisk","Astrolabe","Incense Burner","Shuriken","Unceasing Top","MawBank","Pantograph","Bag of Preparation"],"potions_floor_usage":[55,55],"damage_taken":[{"damage":0.0,"enemies":"Cultist","floor":1.0,"turns":3.0},{"damage":0.0,"enemies":"2 Louse","floor":2.0,"turns":3.0},{"damage":5.0,"enemies":"Small Slimes","floor":3.0,"turns":4.0},{"damage":9.0,"enemies":"Blue Slaver","floor":5.0,"turns":3.0},{"damage":8.0,"enemies":"Lagavulin","floor":6.0,"turns":5.0},{"damage":1.0,"enemies":"3 Louse","floor":8.0,"turns":4.0},{"damage":5.0,"enemies":"3 Sentries","floor":10.0,"turns":6.0},{"damage":0.0,"enemies":"Lots of Slimes","floor":11.0,"turns":3.0},{"damage":2.0,"enemies":"Exordium Thugs","floor":13.0,"turns":3.0},{"damage":13.0,"enemies":"Lagavulin","floor":14.0,"turns":5.0},{"damage":13.0,"enemies":"Slime Boss","floor":16.0,"turns":8.0},{"damage":0.0,"enemies":"Spheric Guardian","floor":18.0,"turns":3.0},{"damage":19.0,"enemies":"Chosen","floor":22.0,"turns":5.0},{"damage":22.0,"enemies":"Gremlin Leader","floor":24.0,"turns":7.0},{"damage":10.0,"enemies":"Centurion and Healer","floor":25.0,"turns":5.0},{"damage":20.0,"enemies":"Book of Stabbing","floor":29.0,"turns":5.0},{"damage":13.0,"enemies":"Gremlin Leader","floor":31.0,"turns":4.0},{"damage":39.0,"enemies":"Automaton","floor":33.0,"turns":8.0},{"damage":0.0,"enemies":"3 Darklings","floor":35.0,"turns":2.0},{"damage":2.0,"enemies":"Orb Walker","floor":37.0,"turns":3.0},{"damage":12.0,"enemies":"4 Shapes","floor":38.0,"turns":3.0},{"damage":17.0,"enemies":"2 Orb Walkers","floor":39.0,"turns":3.0},{"damage":6.0,"enemies":"Nemesis","floor":41.0,"turns":5.0},{"damage":3.0,"enemies":"Reptomancer","floor":45.0,"turns":5.0},{"damage":0.0,"enemies":"3 Darklings","floor":46.0,"turns":4.0},{"damage":11.0,"enemies":"Giant Head","floor":48.0,"turns":6.0},{"damage":45,"enemies":"Awakened One","floor":50,"turns":7},{"damage":19,"enemies":"Shield and Spear","floor":54,"turns":3},{"damage":75,"enemies":"The Heart","floor":55,"turns":8}],"seed_played":"-8776429253437453104","potions_obtained":[{"floor":2.0,"key":"Strength Potion"},{"floor":3.0,"key":"Dexterity Potion"},{"floor":5.0,"key":"Block Potion"},{"floor":13.0,"key":"Poison Potion"},{"floor":14.0,"key":"Poison Potion"},{"floor":29.0,"key":"SpeedPotion"},{"floor":33.0,"key":"Dexterity Potion"},{"floor":35.0,"key":"FearPotion"},{"floor":37.0,"key":"Regen Potion"},{"floor":45.0,"key":"FocusPotion"},{"floor":46.0,"key":"PowerPotion"}],"is_trial":false,"path_per_floor":["M","M","M","$","M","E","R","M","T","E","M","R","M","E","R","B",null,"M","?","?","?","M","R","E","M","T","$","R","E","?","E","R","B",null,"M","$","M","M","?","R","E","?","T","?","E","M","?","E","R","B",null,"R","$","E","B",null],"character_chosen":"DEFECT","items_purchased":["Ball Lightning","Orichalcum","Double Energy","Ball Lightning","Defragment","Pantograph"],"campfire_rested":1,"item_purchase_floors":[4,27,27,27,36,53],"current_hp_per_floor":[46,46,41,41,32,24,24,23,23,18,18,18,16,3,24,30,61,68,68,48,48,48,48,45,54,54,54,54,53,53,47,47,27,64,64,64,69,57,40,40,46,46,46,46,57,57,57,60,60,41,67,67,67,55,20],"gold":81,"neow_bonus":"ONE_RARE_RELIC","is_prod":false,"is_daily":false,"chose_seed":false,"campfire_upgraded":7,"win_rate":0,"timestamp":1550682107,"path_taken":["M","M","M","$","M","E","R","M","T","E","M","R","M","E","R","BOSS","M","?","?","?","M","R","E","M","T","$","R","E","?","E","R","BOSS","M","$","M","M","?","R","E","?","T","?","E","?","?","E","R","BOSS","R","$","E","BOSS"],"build_version":"2019-01-23","purchased_purges":2,"victory":true,"max_hp_per_floor":[71,71,71,71,71,71,71,71,71,71,71,71,71,71,71,71,71,71,71,76,76,76,76,76,76,76,76,76,76,76,76,76,76,76,76,76,76,76,76,76,76,76,76,76,76,76,76,76,76,76,76,76,76,76,76],"card_choices":[{"not_picked":["Stack","Hello World"],"picked":"Conserve Battery","floor":1.0},{"not_picked":["Beam Cell","Steam Power"],"picked":"Steam","floor":2.0},{"not_picked":["Barrage","Reprogram"],"picked":"Tempest","floor":3.0},{"not_picked":["Rebound","Compile Driver"],"picked":"Cold Snap","floor":5.0},{"not_picked":["Undo","Static Discharge"],"picked":"Streamline","floor":6.0},{"not_picked":["Redo","Streamline"],"picked":"Compile Driver","floor":8.0},{"not_picked":["Conserve Battery","Cold Snap"],"picked":"Ball Lightning","floor":10.0},{"not_picked":["Aggregate","Gash"],"picked":"Sweeping Beam","floor":11.0},{"not_picked":["Ball Lightning","Capacitor"],"picked":"Auto Shields","floor":13.0},{"not_picked":["Capacitor","Darkness"],"picked":"Self Repair","floor":14.0},{"not_picked":["Echo Form","Seek"],"picked":"Electrodynamics","floor":16.0},{"not_picked":["Go for the Eyes","Redo","Coolheaded"],"picked":"SKIP","floor":18.0},{"not_picked":["Hologram","Doom and Gloom"],"picked":"Force Field","floor":22.0},{"not_picked":["Skim","Auto Shields"],"picked":"Biased Cognition","floor":24.0},{"not_picked":["Undo","Rebound"],"picked":"Storm","floor":25.0},{"not_picked":["Gash","Sweeping Beam","Coolheaded"],"picked":"SKIP","floor":29.0},{"not_picked":["Gash","Sweeping Beam","Coolheaded"],"picked":"SKIP","floor":29.0},{"not_picked":["Stack","Hologram"],"picked":"Loop","floor":31.0},{"not_picked":["All For One","Multi-Cast"],"picked":"Echo Form","floor":33.0},{"not_picked":["Sweeping Beam","Genetic Algorithm"],"picked":"Undo","floor":35.0},{"not_picked":["Barrage","Turbo","Aggregate"],"picked":"SKIP","floor":37.0},{"not_picked":["Coolheaded","Blizzard"],"picked":"Echo Form","floor":38.0},{"not_picked":["Streamline","Rebound"],"picked":"Leap+1","floor":39.0},{"not_picked":["Stack","Rip and Tear"],"picked":"Buffer","floor":41.0},{"not_picked":["Streamline","Ball Lightning"],"picked":"Defragment","floor":45.0},{"not_picked":["Genetic Algorithm+1","Redo","Leap+1"],"picked":"SKIP","floor":46.0},{"not_picked":["Barrage","Darkness"],"picked":"Double Energy","floor":48.0},{"not_picked":["Redo","Genetic Algorithm","Stack"],"picked":"SKIP","floor":54}],"player_experience":516742,"relics_obtained":[{"floor":6.0,"key":"Bottled Lightning"},{"floor":9.0,"key":"Letter Opener"},{"floor":10.0,"key":"Mummified Hand"},{"floor":14.0,"key":"Meat on the Bone"},{"floor":24.0,"key":"Bottled Flame"},{"floor":26.0,"key":"Anchor"},{"floor":29.0,"key":"Darkstone Periapt"},{"floor":31.0,"key":"DataDisk"},{"floor":39.0,"key":"Incense Burner"},{"floor":41.0,"key":"Shuriken"},{"floor":45.0,"key":"Unceasing Top"},{"floor":48.0,"key":"MawBank"},{"floor":54,"key":"Bag of Preparation"}],"event_choices":[{"damage_healed":0.0,"max_hp_gain":0.0,"max_hp_loss":0.0,"gold_gain":0.0,"event_name":"The Library","player_choice":"Read","floor":19.0,"gold_loss":0.0,"damage_taken":0.0,"cards_obtained":["White Noise"]},{"damage_healed":0.0,"max_hp_gain":5.0,"max_hp_loss":0.0,"gold_gain":0.0,"event_name":"Forgotten Altar","player_choice":"Shed Blood","floor":20.0,"gold_loss":0.0,"damage_taken":25.0},{"damage_healed":0.0,"max_hp_gain":0.0,"max_hp_loss":0.0,"gold_gain":0.0,"event_name":"Addict","player_choice":"Obtained Relic","floor":21.0,"gold_loss":85.0,"damage_taken":0.0,"relics_obtained":["Omamori"]},{"damage_healed":0.0,"max_hp_gain":0.0,"max_hp_loss":0.0,"gold_gain":0.0,"event_name":"Beggar","player_choice":"Ignored","floor":30.0,"gold_loss":0.0,"damage_taken":0.0},{"damage_healed":0.0,"max_hp_gain":0.0,"max_hp_loss":0.0,"gold_gain":0.0,"event_name":"Mysterious Sphere","player_choice":"Fight","floor":39.0,"gold_loss":0.0,"damage_taken":0.0},{"cards_removed":["Ball Lightning"],"damage_healed":0.0,"max_hp_gain":0.0,"max_hp_loss":0.0,"gold_gain":0.0,"event_name":"Falling","player_choice":"Removed Attack","floor":42.0,"gold_loss":0.0,"damage_taken":0.0},{"damage_healed":0.0,"max_hp_gain":0.0,"max_hp_loss":0.0,"gold_gain":0.0,"event_name":"Tomb of Lord Red Mask","player_choice":"Ignored","floor":44.0,"gold_loss":0.0,"damage_taken":0.0},{"damage_healed":0.0,"max_hp_gain":0.0,"max_hp_loss":0.0,"gold_gain":0.0,"event_name":"Upgrade Shrine","player_choice":"Upgraded","floor":47.0,"gold_loss":0.0,"damage_taken":0.0,"cards_upgraded":["Defragment"]}],"is_beta":false,"boss_relics":[{"not_picked":["White Beast Statue","Lizard Tail"],"picked":"Inserter"},{"not_picked":["Runic Pyramid","Runic Dome"],"picked":"Astrolabe"}],"items_purged_floors":[4,36],"is_endless":false,"potions_floor_spawned":[2,3,5,13,14,29,33,35,37,45,46,48],"ascension_level":16}