{"gold_per_floor":[110,30,30,42,53,53,53,67,67,80,98,126,126,126,126,226,226,244,256,272,272,272],"floor_reached":22,"playtime":1034,"items_purged":[],"score":188,"play_id":"4bcbd439-b9dc-46f2-9f3c-2217e590380e","local_time":"20190206164531","is_ascension_mode":false,"campfire_choices":[{"data":"Genetic Algorithm","floor":6,"key":"SMITH"},{"floor":13,"key":"REST"},{"floor":15,"key":"REST"}],"neow_cost":"NONE","seed_source_timestamp":4504136131137052,"circlet_count":0,"master_deck":["Strike_B+1","Strike_B","Strike_B","Defend_B","Defend_B","Defend_B","Defend_B","Zap+1","Dualcast","Thunder Strike+1","Genetic Algorithm+1","Loop","Self Repair","Ball Lightning","BootSequence","Darkness","Hologram","Creative AI","Undo","Glacier"],"relics":["Cracked Core","Potion Belt","Snecko Eye"],"potions_floor_usage":[12],"damage_taken":[{"damage":2,"enemies":"2 Louse","floor":1,"turns":3},{"damage":0,"enemies":"Small Slimes","floor":4,"turns":3},{"damage":3,"enemies":"Cultist","floor":5,"turns":4},{"damage":14,"enemies":"3 Louse","floor":8,"turns":4},{"damage":2,"enemies":"Looter","floor":10,"turns":3},{"damage":7,"enemies":"Exordium Wildlife","floor":11,"turns":4},{"damage":59,"enemies":"3 Sentries","floor":12,"turns":8},{"damage":35,"enemies":"The Guardian","floor":16,"turns":11},{"damage":31,"enemies":"3 Byrds","floor":18,"turns":4},{"damage":20,"enemies":"Spheric Guardian","floor":19,"turns":5},{"damage":19,"enemies":"Shelled Parasite and Fungi","floor":20,"turns":13},{"damage":27,"enemies":"Cultist and Chosen","floor":22,"turns":4}],"seed_played":"7558386449996921154","potions_obtained":[{"floor":5,"key":"Regen Potion"},{"floor":8,"key":"SmokeBomb"},{"floor":10,"key":"Strength Potion"}],"is_trial":false,"path_per_floor":["M","$","?","M","M","R","?","M","T","M","M","E","R","?","R","B",null,"M","M","M","?","M"],"character_chosen":"DEFECT","items_purchased":["Loop"],"campfire_rested":2,"item_purchase_floors":[2],"current_hp_per_floor":[73,73,58,58,62,62,62,55,55,60,60,23,45,45,67,39,75,51,38,26,26,0],"gold":272,"neow_bonus":"TRANSFORM_CARD","is_prod":false,"is_daily":false,"chose_seed":false,"campfire_upgraded":1,"win_rate":0,"timestamp":1549489531,"path_taken":["M","$","?","M","M","R","?","M","T","M","M","E","R","?","R","BOSS","M","?","M","?","M"],"build_version":"2019-01-23","purchased_purges":0,"victory":false,"max_hp_per_floor":[75,75,75,75,75,75,75,75,75,75,75,75,75,75,75,75,75,75,75,75,75,75],"card_choices":[{"not_picked":["Streamline","Turbo"],"picked":"Genetic Algorithm","floor":1},{"not_picked":["Cold Snap","Scrape"],"picked":"Self Repair","floor":4},{"not_picked":["Cold Snap","Redo"],"picked":"Ball Lightning","floor":5},{"not_picked":["Streamline","Compile Driver"],"picked":"BootSequence","floor":8},{"not_picked":["Rip and Tear","Turbo"],"picked":"Darkness","floor":10},{"not_picked":["Sunder","White Noise"],"picked":"Hologram","floor":11},{"not_picked":["Fusion","Rebound","Go for the Eyes"],"picked":"SKIP","floor":12},{"not_picked":["Hyperbeam","Reboot"],"picked":"Creative AI","floor":16},{"not_picked":["Self Repair","Sweeping Beam"],"picked":"Undo","floor":18},{"not_picked":["Streamline","Ball Lightning"],"picked":"Glacier","floor":19},{"not_picked":["Cold Snap","Hologram","BootSequence"],"picked":"SKIP","floor":20}],"player_experience":68270,"relics_obtained":[{"floor":12,"key":"Potion Belt"}],"event_choices":[{"damage_healed":0,"gold_gain":0,"player_choice":"Entered Light","damage_taken":15,"max_hp_gain":0,"max_hp_loss":0,"event_name":"Shining Light","floor":3,"gold_loss":0,"cards_upgraded":["Zap","Strike_B"]},{"damage_healed":0,"gold_gain":0,"player_choice":"Ignored","damage_taken":0,"max_hp_gain":0,"max_hp_loss":0,"event_name":"Golden Idol","floor":7,"gold_loss":0},{"damage_healed":0,"gold_gain":0,"player_choice":"Forge","damage_taken":0,"max_hp_gain":0,"max_hp_loss":0,"event_name":"Accursed Blacksmith","floor":14,"gold_loss":0,"cards_upgraded":["Thunder Strike"]},{"damage_healed":0,"gold_gain":0,"player_choice":"Ignored","damage_taken":0,"max_hp_gain":0,"max_hp_loss":0,"event_name":"The Mausoleum","floor":21,"gold_loss":0}],"is_beta":false,"boss_relics":[{"not_picked":["Eternal Feather","FrozenCore"],"picked":"Snecko Eye"}],"items_purged_floors":[],"is_endless":false,"potions_floor_spawned":[5,8,10,11],"killed_by":"Cultist and Chosen","ascension_level":0}