{"gold_per_floor":[111,111,111,129,81,81,114,129,129,129,129,16,91,145,145,243,543,556,580,611,512,527,527,538,538,564,564,579,116,116,136,136,237,237,252,203,203,220,270,270,282,127,127,143,143,162,174,174,174,174],"floor_reached":51,"playtime":2524,"items_purged":["Doubt","Doubt"],"score":723,"play_id":"58e08444-b723-40fd-85cd-a8900ca574a1","local_time":"20190207232323","is_ascension_mode":true,"campfire_choices":[{"data":"Defragment","floor":6,"key":"SMITH"},{"data":"Loop","floor":11,"key":"SMITH"},{"floor":15,"key":"REST"},{"floor":23,"key":"REST"},{"data":"Electrodynamics","floor":25,"key":"SMITH"},{"floor":32,"key":"REST"},{"floor":40,"key":"REST"},{"floor":45,"key":"REST"},{"floor":49,"key":"REST"}],"neow_cost":"NONE","seed_source_timestamp":91043149104592,"circlet_count":0,"master_deck":["Strike_B","Strike_B","Strike_B","Defend_B","Defend_B","Defend_B","Defend_B+1","Zap","Dualcast+1","Self Repair","Defragment+1","Beam Cell","Gash","Auto Shields","Loop+1","Coolheaded","Discovery","Electrodynamics+1","Clumsy","Cold Snap+1","Sweeping Beam","Redo","Machine Learning","Conserve Battery","Go for the Eyes","Loop","Master of Strategy+1","Conserve Battery","Gash+1","Beam Cell+1","Leap","Capacitor+1","Ball Lightning+1","Self Repair+1","Coolheaded+1"],"relics":["Cracked Core","Potion Belt","Shuriken","Tiny Chest","Calling Bell","Old Coin","Dodecahedron","Dream Catcher","Omamori","Red Mask","Juzu Bracelet","Fusion Hammer","Anchor","Centennial Puzzle","War Paint","Shovel","Bird Faced Urn"],"potions_floor_usage":[20,33,33,47,50,50,50,50,50,50,50],"damage_taken":[{"damage":3,"enemies":"Jaw Worm","floor":1,"turns":3},{"damage":1,"enemies":"Cultist","floor":4,"turns":4},{"damage":30,"enemies":"Gremlin Nob","floor":7,"turns":4},{"damage":2,"enemies":"2 Louse","floor":8,"turns":3},{"damage":30,"enemies":"Slime Boss","floor":16,"turns":10},{"damage":22,"enemies":"Chosen","floor":18,"turns":5},{"damage":48,"enemies":"Masked Bandits","floor":20,"turns":4},{"damage":10,"enemies":"3 Byrds","floor":22,"turns":5},{"damage":7,"enemies":"Centurion and Healer","floor":24,"turns":5},{"damage":24,"enemies":"Shelled Parasite and Fungi","floor":28,"turns":5},{"damage":23,"enemies":"Sentry and Sphere","floor":31,"turns":5},{"damage":46,"enemies":"Automaton","floor":33,"turns":9},{"damage":20,"enemies":"Orb Walker","floor":35,"turns":4},{"damage":40,"enemies":"3 Darklings","floor":38,"turns":5},{"damage":16,"enemies":"Maw","floor":41,"turns":7},{"damage":31,"enemies":"Writhing Mass","floor":44,"turns":6},{"damage":11,"enemies":"3 Darklings","floor":46,"turns":3},{"damage":10,"enemies":"4 Shapes","floor":47,"turns":5},{"damage":62,"enemies":"Awakened One","floor":50,"turns":12}],"seed_played":"2488440653715507587","potions_obtained":[{"floor":1,"key":"Strength Potion"},{"floor":8,"key":"SpeedPotion"},{"floor":16,"key":"Regen Potion"},{"floor":24,"key":"FocusPotion"},{"floor":28,"key":"Weak Potion"},{"floor":33,"key":"Weak Potion"},{"floor":38,"key":"Dexterity Potion"},{"floor":44,"key":"Energy Potion"}],"is_trial":false,"path_per_floor":["M","?","$","M","$","R","E","M","T","?","R","$","?","T","R","B",null,"M","T","?","$","M","R","M","R","T","?","M","$","?","M","R","B",null,"M","$","?","M","T","R","M","$","T","M","R","M","M","T","R","B",null],"character_chosen":"DEFECT","items_purchased":["Gash","Coolheaded","Discovery","Redo","Loop","EntropicBrew","Master of Strategy","Leap","War Paint"],"campfire_rested":6,"item_purchase_floors":[5,12,12,21,29,29,29,36,42],"current_hp_per_floor":[72,72,72,75,75,75,52,57,57,57,57,57,46,46,68,45,75,60,60,24,24,21,43,43,43,43,68,51,51,51,35,57,18,75,55,55,55,22,22,44,35,35,35,21,43,49,56,56,75,40],"gold":174,"neow_bonus":"UPGRADE_CARD","is_prod":false,"is_daily":false,"chose_seed":false,"campfire_upgraded":3,"win_rate":0,"timestamp":1549599803,"path_taken":["M","?","$","?","$","R","E","M","T","?","R","?","?","?","R","BOSS","M","?","?","?","M","R","M","R","T","?","M","$","?","M","R","BOSS","M","$","?","M","?","R","M","$","T","M","R","M","M","?","R","BOSS"],"build_version":"2019-01-23","purchased_purges":2,"victory":true,"max_hp_per_floor":[75,75,75,75,75,75,75,75,75,75,75,75,75,75,75,75,75,75,75,75,75,75,75,75,75,75,75,75,75,75,75,75,75,75,75,75,75,75,75,75,75,75,75,75,75,75,75,75,75,75],"card_choices":[{"not_picked":["Capacitor","Ball Lightning"],"picked":"Self Repair","floor":1},{"not_picked":["Loop","Rebound"],"picked":"Beam Cell","floor":4},{"not_picked":["Turbo","Conserve Battery"],"picked":"Auto Shields","floor":7},{"not_picked":["Recycle","Barrage"],"picked":"Loop","floor":8},{"not_picked":["Thunder Strike","Reboot"],"picked":"Electrodynamics","floor":16},{"not_picked":["Barrage","Steam+1"],"picked":"Cold Snap+1","floor":18},{"not_picked":["Steam","Lockon"],"picked":"Sweeping Beam","floor":20},{"not_picked":["Skim","Chaos"],"picked":"Machine Learning","floor":22},{"not_picked":["Go for the Eyes","Coolheaded"],"picked":"Conserve Battery","floor":24},{"not_picked":["Sweeping Beam","Tempest"],"picked":"Go for the Eyes","floor":28},{"not_picked":["Steam","Turbo+1"],"picked":"Conserve Battery","floor":31},{"not_picked":["Ball Lightning","Hologram"],"picked":"Gash+1","floor":32},{"not_picked":["Compile Driver","Loop"],"picked":"Beam Cell+1","floor":35},{"not_picked":["Sweeping Beam","Steam Power"],"picked":"Capacitor+1","floor":38},{"not_picked":["Auto Shields+1","Lockon"],"picked":"Ball Lightning+1","floor":40},{"not_picked":["Steam","Turbo+1"],"picked":"Self Repair+1","floor":41},{"not_picked":["Turbo+1","Steam+1","Scrape+1"],"picked":"SKIP","floor":44},{"not_picked":["Rebound","Barrage","Go for the Eyes"],"picked":"SKIP","floor":46},{"not_picked":["Scrape+1","Compile Driver+1"],"picked":"Coolheaded+1","floor":47}],"player_experience":157376,"relics_obtained":[{"floor":7,"key":"Potion Belt"},{"floor":9,"key":"Shuriken"},{"floor":14,"key":"Tiny Chest"},{"floor":17,"key":"Old Coin"},{"floor":17,"key":"Dodecahedron"},{"floor":17,"key":"Dream Catcher"},{"floor":19,"key":"Omamori"},{"floor":20,"key":"Red Mask"},{"floor":26,"key":"Juzu Bracelet"},{"floor":39,"key":"Centennial Puzzle"},{"floor":43,"key":"Shovel"},{"floor":48,"key":"Bird Faced Urn"}],"event_choices":[{"damage_healed":0,"gold_gain":0,"player_choice":"1 cards matched","damage_taken":0,"max_hp_gain":0,"max_hp_loss":0,"event_name":"Match and Keep!","floor":2,"gold_loss":0,"cards_obtained":["Defragment"]},{"cards_removed":["Strike_B"],"damage_healed":0,"gold_gain":0,"player_choice":"Purged","damage_taken":0,"max_hp_gain":0,"max_hp_loss":0,"event_name":"Purifier","floor":10,"gold_loss":0},{"damage_healed":0,"gold_gain":75,"player_choice":"Gather Gold","damage_taken":11,"max_hp_gain":0,"max_hp_loss":0,"event_name":"World of Goop","floor":13,"gold_loss":0},{"damage_healed":0,"gold_gain":0,"player_choice":"Fought Bandits","damage_taken":0,"max_hp_gain":0,"max_hp_loss":0,"event_name":"Masked Bandits","floor":20,"gold_loss":0},{"damage_healed":25,"gold_gain":0,"player_choice":"Heal","damage_taken":0,"max_hp_gain":0,"max_hp_loss":0,"event_name":"The Library","floor":27,"gold_loss":0},{"damage_healed":0,"gold_gain":0,"player_choice":"Bought 0 Potions","damage_taken":0,"max_hp_gain":0,"max_hp_loss":0,"event_name":"The Woman in Blue","floor":30,"gold_loss":0},{"damage_healed":0,"gold_gain":0,"player_choice":"Gave Potion","damage_taken":0,"relics_obtained":["Anchor"],"max_hp_gain":0,"max_hp_loss":0,"event_name":"WeMeetAgain","floor":37,"gold_loss":0}],"is_beta":false,"boss_relics":[{"not_picked":["Ectoplasm","Sozu"],"picked":"Calling Bell"},{"not_picked":["Lizard Tail","Runic Dome"],"picked":"Fusion Hammer"}],"items_purged_floors":[21,29],"is_endless":false,"potions_floor_spawned":[1,8,16,24,28,33,38,44,46],"ascension_level":1}