{"gold_per_floor":[116,132,144,157,57,57,91,108,108,121,121,162,175,4,4,132,132,152,196,196,216,17,17,60,78,104,19,19,19,38,58,58,187,250,269,269,283,306,319,319,338,359,386,405,28,28],"floor_reached":46,"playtime":9946,"items_purged":["Strike_B","Injury","Pain"],"score":736,"play_id":"8f33c28c-f139-41d3-a821-945cc0b030be","local_time":"20181116165754","is_ascension_mode":true,"campfire_choices":[{"data":"Zap","floor":6,"key":"SMITH"},{"floor":15,"key":"REST"},{"floor":23,"key":"REST"},{"floor":29,"key":"REST"},{"floor":32,"key":"REST"},{"floor":40,"key":"REST"}],"neow_cost":"NONE","seed_source_timestamp":7802562397944,"circlet_count":0,"master_deck":["Strike_B","Strike_B","Strike_B","Defend_B","Defend_B","Defend_B","Defend_B","Zap+1","Dualcast","Cold Snap","Genetic Algorithm","Go for the Eyes","Leap","White Noise","Cold Snap","Go for the Eyes","Recycle","Turbo+1","Steam+1","Self Repair+1","Rainbow+1","Rebound+1","Melter","Genetic Algorithm+1","Rebound+1","Consume+1","Dark Shackles+1","Loop","Cold Snap+1","Coolheaded+1","Echo Form","Creative AI","Redo+1","Hologram+1","Coolheaded+1","Parasite","Conserve Battery+1","Redo+1","Secret Technique+1","BootSequence+1"],"relics":["Cracked Core","Bronze Scales","Toxic Egg 2","Golden Idol","Boot","Inserter","Red Mask","Singing Bowl","Blood Vial","Art of War","Tiny House","WarpedTongs"],"potions_floor_usage":[2,7,12,16,19,19,38,39,41],"damage_taken":[{"damage":1,"enemies":"Cultist","floor":1,"turns":3},{"damage":4,"enemies":"2 Louse","floor":2,"turns":3},{"damage":7,"enemies":"Jaw Worm","floor":3,"turns":3},{"damage":9,"enemies":"Exordium Wildlife","floor":4,"turns":5},{"damage":20,"enemies":"3 Sentries","floor":7,"turns":7},{"damage":3,"enemies":"Exordium Thugs","floor":8,"turns":4},{"damage":0,"enemies":"Looter","floor":10,"turns":4},{"damage":3,"enemies":"Lagavulin","floor":12,"turns":9},{"damage":0,"enemies":"Large Slime","floor":13,"turns":5},{"damage":1,"enemies":"The Guardian","floor":16,"turns":12},{"damage":18,"enemies":"Shell Parasite","floor":18,"turns":7},{"damage":39,"enemies":"Masked Bandits","floor":19,"turns":4},{"damage":10,"enemies":"3 Byrds","floor":21,"turns":3},{"damage":27,"enemies":"Gremlin Leader","floor":24,"turns":5},{"damage":30,"enemies":"Shelled Parasite and Fungi","floor":25,"turns":7},{"damage":10,"enemies":"Centurion and Healer","floor":30,"turns":7},{"damage":14,"enemies":"Sentry and Sphere","floor":31,"turns":5},{"damage":1,"enemies":"Champ","floor":33,"turns":13},{"damage":23,"enemies":"3 Darklings","floor":35,"turns":6},{"damage":5,"enemies":"Orb Walker","floor":37,"turns":6},{"damage":43,"enemies":"3 Darklings","floor":38,"turns":6},{"damage":11,"enemies":"Sphere and 2 Shapes","floor":39,"turns":7},{"damage":30,"enemies":"Writhing Mass","floor":41,"turns":8},{"damage":40,"enemies":"Spire Growth","floor":42,"turns":7},{"damage":37,"enemies":"Transient","floor":44,"turns":5},{"damage":13,"enemies":"Jaw Worm Horde","floor":46,"turns":1}],"seed_played":"5648205241712890861","potions_obtained":[{"floor":2,"key":"Fruit Juice"},{"floor":4,"key":"GamblersBrew"},{"floor":8,"key":"Poison Potion"},{"floor":10,"key":"Dexterity Potion"},{"floor":13,"key":"Regen Potion"},{"floor":18,"key":"Poison Potion"},{"floor":21,"key":"Ancient Potion"},{"floor":31,"key":"SneckoOil"},{"floor":34,"key":"LiquidBronze"},{"floor":38,"key":"FairyPotion"},{"floor":39,"key":"Regen Potion"},{"floor":42,"key":"FearPotion"}],"is_trial":false,"path_per_floor":["M","M","M","M","$","R","E","M","T","M","?","E","M","$","R","B",null,"M","?","?","M","$","R","E","M","T","?","?","R","M","M","R","B",null,"M","?","M","M","M","R","M","M","T","M","$","M"],"character_chosen":"DEFECT","items_purchased":["Cold Snap","Self Repair","Consume+1","Dark Shackles+1","Loop","Secret Technique+1","BootSequence+1"],"campfire_rested":5,"item_purchase_floors":[5,14,22,22,22,45,45],"current_hp_per_floor":[67,68,61,52,52,52,32,29,29,29,29,26,26,26,50,71,78,67,28,28,25,25,49,31,8,8,8,8,32,31,26,50,58,81,62,62,71,30,31,58,54,26,26,9,9,0],"gold":28,"neow_bonus":"THREE_CARDS","is_prod":false,"is_daily":false,"chose_seed":false,"campfire_upgraded":1,"win_rate":0,"timestamp":1542383874,"path_taken":["M","?","M","M","$","R","E","M","T","M","?","E","M","$","R","BOSS","M","?","?","?","$","R","E","M","T","?","?","R","M","M","R","BOSS","M","?","?","M","M","R","M","?","T","M","$","M"],"build_version":"2018-11-15","purchased_purges":3,"victory":false,"max_hp_per_floor":[75,80,80,80,80,80,80,80,80,80,80,80,80,80,80,80,80,80,80,80,80,80,80,82,82,82,82,82,82,82,82,82,82,87,89,89,91,91,91,91,93,93,93,93,93,93],"card_choices":[{"not_picked":["Streamline","Tempest"],"picked":"Cold Snap","floor":0},{"not_picked":["Steam","Turbo"],"picked":"Genetic Algorithm","floor":1},{"not_picked":["Redo","Turbo"],"picked":"Go for the Eyes","floor":2},{"not_picked":["Compile Driver","Beam Cell"],"picked":"Leap","floor":3},{"not_picked":["Blizzard","Conserve Battery"],"picked":"White Noise","floor":4},{"not_picked":["Aggregate","Darkness"],"picked":"Go for the Eyes","floor":7},{"not_picked":["Scrape","Multi-Cast"],"picked":"Recycle","floor":8},{"not_picked":["Go for the Eyes","Static Discharge"],"picked":"Turbo+1","floor":10},{"not_picked":["Go for the Eyes","Streamline"],"picked":"Steam+1","floor":12},{"not_picked":["Sweeping Beam","Rebound","Melter"],"picked":"SKIP","floor":13},{"not_picked":["Thunder Strike","Biased Cognition"],"picked":"Rainbow+1","floor":16},{"not_picked":["Static Discharge","Cold Snap"],"picked":"Rebound+1","floor":18},{"not_picked":["Storm","Aggregate+1"],"picked":"Melter","floor":19},{"not_picked":["Sweeping Beam","Go for the Eyes"],"picked":"Rebound+1","floor":21},{"not_picked":["Genetic Algorithm+1","Scrape","Go for the Eyes"],"picked":"Singing Bowl","floor":24},{"not_picked":["Barrage","Go for the Eyes"],"picked":"Cold Snap+1","floor":25},{"not_picked":["Rip and Tear","Leap+1"],"picked":"Coolheaded+1","floor":30},{"not_picked":["Steam+1","Coolheaded+1"],"picked":"Echo Form","floor":31},{"not_picked":["Thunder Strike","Core Surge"],"picked":"Creative AI","floor":33},{"not_picked":["Sweeping Beam","Rebound"],"picked":"Redo+1","floor":34},{"not_picked":["Cold Snap","Steam+1","Rebound"],"picked":"Singing Bowl","floor":35},{"not_picked":["Sweeping Beam","FTL","Melter"],"picked":"Singing Bowl","floor":37},{"not_picked":["Gash","Go for the Eyes+1"],"picked":"Hologram+1","floor":38},{"not_picked":["Rebound+1","Sweeping Beam"],"picked":"Coolheaded+1","floor":39},{"not_picked":["Streamline","Turbo+1","Compile Driver"],"picked":"Singing Bowl","floor":41},{"not_picked":["Turbo+1","Rainbow+1"],"picked":"Conserve Battery+1","floor":42},{"not_picked":["Go for the Eyes+1","Rebound+1"],"picked":"Redo+1","floor":44}],"player_experience":396217,"relics_obtained":[{"floor":7,"key":"Bronze Scales"},{"floor":9,"key":"Toxic Egg 2"},{"floor":12,"key":"Boot"},{"floor":19,"key":"Red Mask"},{"floor":24,"key":"Singing Bowl"},{"floor":26,"key":"Blood Vial"}],"event_choices":[{"damage_healed":0,"gold_gain":0,"player_choice":"Take Wound","damage_taken":0,"relics_obtained":["Golden Idol"],"max_hp_gain":0,"max_hp_loss":0,"event_name":"Golden Idol","floor":11,"gold_loss":0,"cards_obtained":["Injury"]},{"damage_healed":0,"gold_gain":0,"player_choice":"Fought Bandits","damage_taken":0,"max_hp_gain":0,"max_hp_loss":0,"event_name":"Masked Bandits","floor":19,"gold_loss":0},{"damage_healed":0,"gold_gain":0,"player_choice":"Copied","damage_taken":0,"max_hp_gain":0,"max_hp_loss":0,"event_name":"Duplicator","floor":20,"gold_loss":0,"cards_obtained":["Genetic Algorithm"]},{"damage_healed":0,"gold_gain":0,"player_choice":"Obtained Relic","damage_taken":0,"relics_obtained":["Art of War"],"max_hp_gain":0,"max_hp_loss":0,"event_name":"Addict","floor":27,"gold_loss":85},{"damage_healed":0,"gold_gain":0,"player_choice":"Ignored","damage_taken":0,"max_hp_gain":0,"max_hp_loss":0,"event_name":"Cursed Tome","floor":28,"gold_loss":0},{"damage_healed":0,"gold_gain":0,"player_choice":"Rummage","damage_taken":0,"relics_obtained":["WarpedTongs"],"max_hp_gain":0,"max_hp_loss":0,"event_name":"Accursed Blacksmith","floor":36,"gold_loss":0,"cards_obtained":["Pain"]}],"is_beta":true,"boss_relics":[{"not_picked":["Busted Crown","Runic Pyramid"],"picked":"Inserter"},{"not_picked":["Orrery","White Beast Statue"],"picked":"Tiny House"}],"items_purged_floors":[5,14,45],"is_endless":false,"potions_floor_spawned":[2,4,8,10,13,18,21,31,38,39,42],"killed_by":"Jaw Worm Horde","ascension_level":7}