{"gold_per_floor":[10,24,24,99,119,153,172,204,228,228,153,153,178,208,208,208],"floor_reached":16,"playtime":1193,"items_purged":["Strike_R"],"score":155,"play_id":"350b10e6-090c-40e7-9f3c-178f56a6c98d","local_time":"20190125171557","is_ascension_mode":true,"campfire_choices":[{"floor":10,"key":"RECALL"},{"floor":12,"key":"REST"},{"floor":15,"key":"REST"}],"neow_cost":"NO_GOLD","seed_source_timestamp":132632338417499,"circlet_count":0,"master_deck":["Strike_R","Strike_R","Strike_R","Strike_R","Defend_R","Defend_R","Defend_R","Defend_R+1","Bash","Feed+1","Shrug It Off","Exhume","Dropkick","Twin Strike","Pommel Strike","Twin Strike","Immolate"],"relics":["Burning Blood","Letter Opener","Dream Catcher","Centennial Puzzle","Smiling Mask"],"potions_floor_usage":[2,6,8],"damage_taken":[{"damage":4,"enemies":"Small Slimes","floor":1,"turns":4},{"damage":7,"enemies":"Jaw Worm","floor":2,"turns":3},{"damage":0,"enemies":"Cultist","floor":5,"turns":3},{"damage":50,"enemies":"Lagavulin","floor":6,"turns":12},{"damage":12,"enemies":"2 Fungi Beasts","floor":7,"turns":5},{"damage":14,"enemies":"Gremlin Nob","floor":8,"turns":3},{"damage":45,"enemies":"3 Sentries","floor":14,"turns":12},{"damage":45,"enemies":"The Guardian","floor":16,"turns":10}],"seed_played":"-7009118427143888396","potions_obtained":[{"floor":1,"key":"SteroidPotion"},{"floor":2,"key":"Swift Potion"},{"floor":7,"key":"Strength Potion"}],"is_trial":false,"path_per_floor":["M","M","?","?","M","E","M","E","T","R","$","R","T","E","R","B"],"character_chosen":"IRONCLAD","items_purchased":[],"campfire_rested":2,"item_purchase_floors":[],"current_hp_per_floor":[83,85,68,57,67,27,25,17,17,17,17,46,46,11,41,0],"gold":208,"neow_bonus":"THREE_RARE_CARDS","is_prod":false,"is_daily":false,"chose_seed":false,"campfire_upgraded":0,"win_rate":0,"timestamp":1548454557,"path_taken":["M","M","?","?","M","E","M","E","T","R","$","R","?","E","R","BOSS"],"build_version":"2019-01-23","purchased_purges":1,"victory":false,"max_hp_per_floor":[83,86,86,86,90,94,98,98,98,98,98,98,98,102,102,102],"card_choices":[{"not_picked":["Dark Embrace","Berserk"],"picked":"Feed","floor":0},{"not_picked":["Whirlwind","Fire Breathing","Hemokinesis"],"picked":"SKIP","floor":1},{"not_picked":["Anger","Twin Strike"],"picked":"Shrug It Off","floor":2},{"not_picked":["Pummel","Thunderclap"],"picked":"Exhume","floor":5},{"not_picked":["Clothesline","Sever Soul"],"picked":"Dropkick","floor":6},{"not_picked":["True Grit","Battle Trance"],"picked":"Twin Strike","floor":7},{"not_picked":["Clothesline","Flex"],"picked":"Pommel Strike","floor":8},{"not_picked":["True Grit","Thunderclap"],"picked":"Twin Strike","floor":12},{"not_picked":["Flame Barrier","Thunderclap"],"picked":"Immolate","floor":14}],"player_experience":135448,"relics_obtained":[{"floor":6,"key":"Letter Opener"},{"floor":8,"key":"Dream Catcher"},{"floor":9,"key":"Centennial Puzzle"},{"floor":14,"key":"Smiling Mask"}],"event_choices":[{"damage_healed":0,"gold_gain":0,"player_choice":"Entered Light","damage_taken":17,"max_hp_gain":0,"max_hp_loss":0,"event_name":"Shining Light","floor":3,"gold_loss":0,"cards_upgraded":["Feed","Defend_R"]},{"damage_healed":0,"gold_gain":75,"player_choice":"Gather Gold","damage_taken":11,"max_hp_gain":0,"max_hp_loss":0,"event_name":"World of Goop","floor":4,"gold_loss":0}],"is_beta":false,"boss_relics":[],"items_purged_floors":[11],"is_endless":false,"potions_floor_spawned":[1,2,7],"killed_by":"The Guardian","ascension_level":2}