{"gold_per_floor":[110,60,60,9,9,9,32,32,59,59,59,80,95,133,133,133],"floor_reached":16,"playtime":606,"items_purged":[],"score":113,"play_id":"1d94edb0-be77-4c1f-b008-92abb8afc20e","local_time":"20181010020403","is_ascension_mode":true,"campfire_choices":[{"floor":6,"key":"DIG"},{"floor":8,"key":"DIG"},{"floor":11,"key":"DIG"},{"floor":15,"key":"DIG"}],"neow_cost":"PERCENT_DAMAGE","seed_source_timestamp":300560163625291,"circlet_count":0,"master_deck":["Strike_R","Strike_R","Strike_R","Strike_R","Defend_R","Defend_R+1","Defend_R+1","Defend_R","Bash","Twin Strike","Anger","Shockwave","Twin Strike","Blood for Blood","Pommel Strike"],"relics":["Burning Blood","Shovel","Golden Idol","War Paint","Dodecahedron","Anchor","Blue Candle","Magic Flower","FossilizedHelix"],"potions_floor_usage":[14,16],"damage_taken":[{"damage":7,"enemies":"2 Louse","floor":1,"turns":3},{"damage":0,"enemies":"Jaw Worm","floor":7,"turns":3},{"damage":0,"enemies":"Small Slimes","floor":12,"turns":3},{"damage":3,"enemies":"Looter","floor":13,"turns":3},{"damage":29,"enemies":"Gremlin Nob","floor":14,"turns":4},{"damage":31,"enemies":"Hexaghost","floor":16,"turns":9}],"seed_played":"1877137352219562918","potions_obtained":[{"floor":1,"key":"SkillPotion"},{"floor":14,"key":"Strength Potion"}],"is_trial":false,"path_per_floor":["M","?","?","$","?","R","M","R","T","$","R","M","M","E","R"],"character_chosen":"IRONCLAD","items_purchased":["Anger"],"campfire_rested":0,"item_purchase_floors":[4],"current_hp_per_floor":[55,55,60,60,39,39,45,45,45,45,45,51,54,31,31,0],"gold":133,"neow_bonus":"ONE_RARE_RELIC","is_prod":false,"is_daily":false,"chose_seed":false,"campfire_upgraded":0,"win_rate":0,"timestamp":1539162243,"path_taken":["M","?","?","$","?","R","M","R","T","?","R","M","?","E","R","BOSS"],"build_version":"2018-10-04v2","purchased_purges":0,"victory":false,"max_hp_per_floor":[80,80,85,85,85,85,85,85,85,85,85,85,85,85,85,85],"card_choices":[{"not_picked":["Intimidate","Iron Wave"],"picked":"Twin Strike","floor":1},{"not_picked":["Clash","Power Through"],"picked":"Shockwave","floor":7},{"not_picked":["Ghostly Armor","Flex"],"picked":"Twin Strike","floor":12},{"not_picked":["Headbutt","Havoc"],"picked":"Blood for Blood","floor":13},{"not_picked":["Flex","Feel No Pain"],"picked":"Pommel Strike","floor":14}],"player_experience":222248,"relics_obtained":[{"floor":6,"key":"War Paint"},{"floor":8,"key":"Dodecahedron"},{"floor":9,"key":"Anchor"},{"floor":11,"key":"Blue Candle"},{"floor":14,"key":"Magic Flower"},{"floor":15,"key":"FossilizedHelix"}],"event_choices":[{"event_name":"The Cleric","player_choice":"Card Removal","floor":2,"damage_taken":0},{"event_name":"Big Fish","player_choice":"Donut","floor":3,"damage_taken":0},{"event_name":"Golden Idol","player_choice":"Take Damage","floor":5,"damage_taken":0}],"is_beta":false,"boss_relics":[],"items_purged_floors":[],"is_endless":false,"potions_floor_spawned":[1,14],"killed_by":"Hexaghost","ascension_level":3}