{"gold_per_floor":[367,65,65,75,5,31,43,20,20,20,20,34,34,50,50,149,149,168,92,105,120,219,219,249,249,331,331,256,77,93,103,103,200,250,267,104,124,138,138,138],"floor_reached":40,"playtime":1517,"items_purged":["Defend_B","Strike_B","Strike_B"],"score":404,"play_id":"f1c3e1c2-ae42-469e-a3f0-83dda6ab125f","local_time":"20180818204132","is_ascension_mode":false,"campfire_choices":[{"data":"White Noise","floor":7,"key":"SMITH"},{"data":"Defragment","floor":10,"key":"SMITH"},{"data":"Storm","floor":13,"key":"SMITH"},{"floor":15,"key":"REST"},{"data":"Electrodynamics","floor":23,"key":"SMITH"},{"data":"Self Repair","floor":25,"key":"SMITH"},{"data":"Static Discharge","floor":27,"key":"SMITH"},{"floor":32,"key":"REST"}],"neow_cost":"PERCENT_DAMAGE","seed_source_timestamp":64699006837743,"circlet_count":0,"master_deck":["Defend_B","Defend_B","Zap","Dualcast","Reprogram+1","Echo Form","White Noise+1","Storm+1","Static Discharge","Defragment+1","Parasite","Static Discharge+1","Electrodynamics+1","Recycle+1","Self Repair+1","Defragment","Capacitor+1","Seek","Turbo+1","Self Repair","Static Discharge"],"relics":["Cracked Core","MawBank","Bag of Marbles","Runic Dome","Du-Vu Doll","Question Card","Tiny House"],"potions_floor_usage":[14,24,33,40],"damage_taken":[{"damage":0,"enemies":"Small Slimes","floor":1,"turns":2},{"damage":6,"enemies":"Jaw Worm","floor":4,"turns":4},{"damage":33,"enemies":"Gremlin Nob","floor":6,"turns":4},{"damage":0,"enemies":"2 Louse","floor":12,"turns":3},{"damage":29,"enemies":"Exordium Thugs","floor":14,"turns":4},{"damage":22,"enemies":"Slime Boss","floor":16,"turns":7},{"damage":20,"enemies":"2 Thieves","floor":18,"turns":2},{"damage":10,"enemies":"Chosen","floor":20,"turns":3},{"damage":15,"enemies":"Snecko","floor":21,"turns":3},{"damage":14,"enemies":"Gremlin Leader","floor":24,"turns":3},{"damage":0,"enemies":"3 Cultists","floor":30,"turns":2},{"damage":16,"enemies":"Centurion and Healer","floor":31,"turns":2},{"damage":18,"enemies":"Collector","floor":33,"turns":4},{"damage":27,"enemies":"3 Darklings","floor":35,"turns":3},{"damage":0,"enemies":"3 Shapes","floor":37,"turns":2},{"damage":22,"enemies":"Spire Growth","floor":38,"turns":4},{"damage":91,"enemies":"Giant Head","floor":40,"turns":6}],"seed_played":"-87396631316951713","potions_obtained":[{"floor":6,"key":"Regen Potion"},{"floor":12,"key":"Poison Potion"},{"floor":14,"key":"Energy Potion"},{"floor":20,"key":"Block Potion"},{"floor":24,"key":"Energy Potion"},{"floor":34,"key":"SpeedPotion"},{"floor":35,"key":"Regen Potion"}],"is_trial":false,"path_per_floor":["M","$","?","M","$","E","R","$","T","R","?","M","R","M","R","B",null,"M","$","M","M","?","R","E","R","T","R","?","$","M","M","R","B",null,"M","$","M","M","?"],"character_chosen":"DEFECT","items_purchased":["Echo Form","White Noise","Storm","Defragment","Self Repair","Defragment","Self Repair"],"campfire_rested":2,"item_purchase_floors":[2,2,5,8,19,29,36],"current_hp_per_floor":[54,54,54,48,48,15,15,15,15,15,33,33,33,16,38,16,75,55,55,59,58,58,58,44,44,44,44,44,44,54,38,60,52,80,70,70,80,72,72,0],"gold":138,"neow_bonus":"TWO_FIFTY_GOLD","is_prod":false,"is_daily":false,"chose_seed":false,"campfire_upgraded":6,"win_rate":0,"timestamp":1534639292,"path_taken":["M","$","?","M","?","E","R","$","T","R","?","M","R","?","R","BOSS","M","$","M","M","?","R","E","R","T","R","?","$","M","M","R","BOSS","M","$","M","M","?","E"],"build_version":"2018-08-16","purchased_purges":3,"victory":false,"max_hp_per_floor":[75,75,75,75,75,75,75,75,75,75,75,75,75,75,75,75,75,75,75,75,75,75,75,75,75,75,75,75,75,75,75,75,75,80,80,80,80,80,80,80],"card_choices":[{"not_picked":["Cold Snap","Coolheaded"],"picked":"Reprogram","floor":1},{"not_picked":["Leap","Compile Driver","Turbo"],"picked":"SKIP","floor":4},{"not_picked":["Streamline","Leap"],"picked":"Static Discharge","floor":6},{"not_picked":["Reprogram","Force Field"],"picked":"Static Discharge","floor":12},{"not_picked":["Blizzard","FTL","Go for the Eyes"],"picked":"SKIP","floor":14},{"not_picked":["Thunder Strike","Reboot"],"picked":"Electrodynamics","floor":16},{"not_picked":["Stack","Turbo+1"],"picked":"Recycle+1","floor":18},{"not_picked":["Hologram","Leap","Sunder"],"picked":"SKIP","floor":20},{"not_picked":["Go for the Eyes","Rebound","Ball Lightning"],"picked":"SKIP","floor":21},{"not_picked":["Sunder+1","Cold Snap","Rebound"],"picked":"SKIP","floor":24},{"not_picked":["Compile Driver+1","Streamline","Darkness","Barrage"],"picked":"SKIP","floor":30},{"not_picked":["Coolheaded","Gash+1","Beam Cell"],"picked":"Capacitor+1","floor":31},{"not_picked":["Fission","Hyperbeam","All For One"],"picked":"Seek","floor":33},{"not_picked":["Glacier+1","Stack+1","Gash"],"picked":"Turbo+1","floor":34},{"not_picked":["Blizzard+1","Hologram","Steam","Streamline"],"picked":"SKIP","floor":35},{"not_picked":["Double Energy","Ball Lightning+1","Force Field+1","Hologram"],"picked":"SKIP","floor":37},{"not_picked":["Redo+1","Gash+1","Undo+1"],"picked":"Static Discharge","floor":38}],"player_experience":102671,"relics_obtained":[{"floor":6,"key":"MawBank"},{"floor":9,"key":"Bag of Marbles"},{"floor":24,"key":"Du-Vu Doll"},{"floor":26,"key":"Question Card"}],"event_choices":[{"event_name":"Living Wall","player_choice":"Forget","floor":3,"damage_taken":0},{"event_name":"Mushrooms","player_choice":"Healed and dodged fight","floor":11,"damage_taken":0},{"event_name":"Nest","player_choice":"Stole From Cult","floor":22,"damage_taken":0},{"event_name":"Beggar","player_choice":"Gave Gold","floor":28,"damage_taken":0},{"event_name":"Falling","player_choice":"Removed Skill","floor":39,"damage_taken":0}],"is_beta":false,"boss_relics":[{"not_picked":["Astrolabe","FrozenCore"],"picked":"Runic Dome"},{"not_picked":["Fusion Hammer","Pandora\u0027s Box"],"picked":"Tiny House"}],"items_purged_floors":[2,29,36],"is_endless":false,"potions_floor_spawned":[6,12,14,20,21,24,35],"killed_by":"Giant Head","ascension_level":0}