{"gold_per_floor":[116,191,209,209,134,166,166,182,206,206,232,232,247,47,47,147,147,158,58,58,58,58,86,102,180,180,192,192,205,205,219,219,219],"floor_reached":33,"playtime":1056,"items_purged":["Strike_R","Entrench"],"score":273,"play_id":"8fb901b4-8cdb-4d0b-86a3-b7f06350a07f","local_time":"20190125165101","is_ascension_mode":false,"campfire_choices":[{"data":"Whirlwind","floor":7,"key":"SMITH"},{"data":"Bash","floor":10,"key":"SMITH"},{"data":"Dropkick","floor":12,"key":"SMITH"},{"data":"Fiend Fire","floor":15,"key":"SMITH"},{"data":"Flex","floor":30,"key":"SMITH"},{"data":"Sword Boomerang","floor":32,"key":"SMITH"}],"neow_cost":"PERCENT_DAMAGE","seed_source_timestamp":1430611201895222,"circlet_count":0,"master_deck":["Bash+1","Whirlwind+1","Dropkick+1","Second Wind","Fiend Fire+1","Dropkick+1","Dark Embrace+1","Sword Boomerang+1","Dropkick","Power Through","Iron Wave","Flex+1","Blood for Blood","Evolve","Warcry+1","Cleave"],"relics":["Burning Blood","Calipers","Orichalcum","Art of War","Lantern","DollysMirror","Pandora\u0027s Box","Oddly Smooth Stone","Letter Opener","Darkstone Periapt"],"potions_floor_usage":[23,33,33],"damage_taken":[{"damage":5,"enemies":"Jaw Worm","floor":1,"turns":6},{"damage":0,"enemies":"2 Louse","floor":3,"turns":2},{"damage":36,"enemies":"3 Sentries","floor":6,"turns":6},{"damage":0,"enemies":"Small Slimes","floor":8,"turns":2},{"damage":8,"enemies":"Gremlin Nob","floor":11,"turns":4},{"damage":7,"enemies":"Exordium Thugs","floor":13,"turns":2},{"damage":20,"enemies":"Slime Boss","floor":16,"turns":4},{"damage":9,"enemies":"3 Byrds","floor":18,"turns":5},{"damage":9,"enemies":"Slavers","floor":23,"turns":4},{"damage":6,"enemies":"Shell Parasite","floor":24,"turns":4},{"damage":2,"enemies":"Snecko","floor":27,"turns":3},{"damage":18,"enemies":"Centurion and Healer","floor":29,"turns":5},{"damage":4,"enemies":"Cultist and Chosen","floor":31,"turns":3},{"damage":101,"enemies":"Automaton","floor":33,"turns":6}],"seed_played":"3647570926004951809","potions_obtained":[{"floor":3,"key":"Explosive Potion"},{"floor":13,"key":"Strength Potion"},{"floor":16,"key":"PowerPotion"},{"floor":29,"key":"FearPotion"}],"is_trial":false,"path_per_floor":["M","?","M","?","$","E","R","M","T","R","E","R","M","$","R","B",null,"M","$","?","$","?","E","M","T","T","M","?","M","R","M","R","B"],"character_chosen":"IRONCLAD","items_purchased":["DollysMirror"],"campfire_rested":0,"item_purchase_floors":[14],"current_hp_per_floor":[57,46,52,78,78,48,48,54,54,54,52,52,51,51,51,37,80,77,77,77,77,77,74,74,74,74,78,78,66,66,68,68,0],"gold":219,"neow_bonus":"ONE_RARE_RELIC","is_prod":false,"is_daily":false,"chose_seed":false,"campfire_upgraded":6,"win_rate":0,"timestamp":1548453061,"path_taken":["M","?","M","?","$","E","R","M","T","R","E","R","M","?","R","BOSS","M","$","?","$","?","E","?","?","T","M","?","M","R","M","R","BOSS"],"build_version":"2019-01-23","purchased_purges":2,"victory":false,"max_hp_per_floor":[80,80,80,80,80,80,80,80,80,80,80,80,80,80,80,80,80,80,80,80,80,80,80,80,80,80,80,80,80,80,80,80,80],"card_choices":[{"not_picked":["Heavy Blade","Feel No Pain"],"picked":"Whirlwind","floor":1},{"not_picked":["Pommel Strike","Thunderclap"],"picked":"Dropkick","floor":3},{"not_picked":["Flame Barrier","Havoc"],"picked":"Second Wind","floor":6},{"not_picked":["True Grit","Iron Wave","Power Through"],"picked":"SKIP","floor":8},{"not_picked":["Power Through","Flame Barrier","Sword Boomerang"],"picked":"SKIP","floor":11},{"not_picked":["Headbutt","Clash"],"picked":"Fiend Fire","floor":13},{"not_picked":["Berserk","Brutality"],"picked":"Dark Embrace","floor":16},{"not_picked":["Rupture","Heavy Blade","Cleave"],"picked":"SKIP","floor":18},{"not_picked":["Iron Wave","Bloodletting","Intimidate+1"],"picked":"SKIP","floor":23},{"not_picked":["Shrug It Off+1","Thunderclap","Clash+1"],"picked":"SKIP","floor":24},{"not_picked":["Shockwave","Perfected Strike+1"],"picked":"Warcry+1","floor":27},{"not_picked":["Pommel Strike","Wild Strike+1","Body Slam"],"picked":"SKIP","floor":29},{"not_picked":["Pommel Strike","Wild Strike+1","Body Slam"],"picked":"SKIP","floor":29},{"not_picked":["Havoc","True Grit+1","Wild Strike"],"picked":"SKIP","floor":31}],"player_experience":506058,"relics_obtained":[{"floor":6,"key":"Orichalcum"},{"floor":9,"key":"Art of War"},{"floor":11,"key":"Lantern"},{"floor":23,"key":"Oddly Smooth Stone"},{"floor":25,"key":"Letter Opener"},{"floor":26,"key":"Darkstone Periapt"}],"event_choices":[{"damage_healed":0,"gold_gain":75,"player_choice":"Gather Gold","damage_taken":11,"max_hp_gain":0,"max_hp_loss":0,"event_name":"World of Goop","floor":2,"gold_loss":0},{"damage_healed":26,"gold_gain":0,"player_choice":"Banana","damage_taken":0,"max_hp_gain":0,"max_hp_loss":0,"event_name":"Big Fish","floor":4,"gold_loss":0},{"damage_healed":0,"gold_gain":0,"player_choice":"Ignored","damage_taken":0,"max_hp_gain":0,"max_hp_loss":0,"event_name":"The Mausoleum","floor":20,"gold_loss":0},{"damage_healed":0,"gold_gain":0,"player_choice":"Forge","damage_taken":0,"max_hp_gain":0,"max_hp_loss":0,"event_name":"Accursed Blacksmith","floor":22,"gold_loss":0,"cards_upgraded":["Dark Embrace"]},{"damage_healed":0,"gold_gain":0,"player_choice":"1 cards matched","damage_taken":0,"max_hp_gain":0,"max_hp_loss":0,"event_name":"Match and Keep!","floor":28,"gold_loss":0,"cards_obtained":["Cleave"]}],"is_beta":true,"boss_relics":[{"not_picked":["Cursed Key","White Beast Statue"],"picked":"Pandora\u0027s Box"}],"items_purged_floors":[5,19],"is_endless":false,"potions_floor_spawned":[3,13,16,18,29],"killed_by":"Automaton","ascension_level":0}