{"path_per_floor":["M","$","M","M","?","$","M","M","T","R","M","?","R","M","R","B",null,"M","M","$","?","M","E","R","?","T","M","?"],"character_chosen":"IRONCLAD","items_purchased":[],"gold_per_floor":[112,37,54,74,74,74,86,102,102,102,117,117,117,128,128,229,229,229,229,129,54,54,54,54,54,54,54,4],"floor_reached":29,"campfire_rested":2,"playtime":519,"current_hp_per_floor":[67,67,68,62,62,62,62,48,48,48,48,48,48,49,70,21,72,63,39,39,39,15,9,30,30,30,15,15],"items_purged":["Defend_R","Body Slam"],"gold":4,"score":237,"play_id":"5a1f7a51-2b2a-4a39-ad0a-1611a44e088c","local_time":"20180303175629","is_prod":false,"is_daily":false,"is_ascension_mode":false,"campfire_upgraded":2,"timestamp":1520067389,"path_taken":["M","$","M","M","?","?","M","M","T","R","?","?","R","M","R","BOSS","M","M","$","?","M","E","R","?","T","M","?","M"],"build_version":"2018-03-01-PROD1","purchased_purges":2,"victory":false,"master_deck":["Strike_R","Strike_R","Strike_R","Strike_R","Strike_R","Bash","Inflame","Sword Boomerang","Flex+1","Thunderclap","Flex+1","Clash","Cleave+1"],"max_hp_per_floor":[72,72,72,72,72,72,72,72,72,72,72,72,72,72,72,72,72,72,72,72,72,72,72,72,72,72,72,72],"relics":["Burning Blood","Ice Cream","Lantern","Ectoplasm","Dead Branch","Juzu Bracelet"],"card_choices":[{"not_picked":["Headbutt","Second Wind"],"picked":"Inflame"},{"not_picked":["Clothesline","Barricade"],"picked":"Sword Boomerang"},{"not_picked":["Uppercut","Power Through"],"picked":"Flex"},{"not_picked":["Fire Breathing","Havoc"],"picked":"Thunderclap"},{"not_picked":["Reckless Charge","True Grit"],"picked":"Flex"},{"not_picked":["Impervious","Battle Trance"],"picked":"Clash"},{"not_picked":["Carnage","Battle Trance"],"picked":"Cleave"}],"player_experience":251534,"potions_floor_usage":[23],"damage_taken":[{"damage":11,"enemies":"Jaw Worm","floor":1,"turns":2},{"damage":5,"enemies":"2 Louse","floor":3,"turns":4},{"damage":12,"enemies":"Small Slimes","floor":4,"turns":3},{"damage":6,"enemies":"Exordium Thugs","floor":7,"turns":3},{"damage":20,"enemies":"Exordium Wildlife","floor":8,"turns":3},{"damage":6,"enemies":"2 Fungi Beasts","floor":11,"turns":2},{"damage":5,"enemies":"Exordium Thugs","floor":14,"turns":2},{"damage":55,"enemies":"Hexaghost","floor":16,"turns":7},{"damage":15,"enemies":"3 Byrds","floor":18,"turns":3},{"damage":30,"enemies":"Shell Parasite","floor":19,"turns":3},{"damage":30,"enemies":"Sentry and Sphere","floor":22,"turns":4},{"damage":12,"enemies":"Book of Stabbing","floor":23,"turns":2},{"damage":21,"enemies":"Snake Plant","floor":27,"turns":3},{"damage":15,"enemies":"Snecko","floor":29,"turns":2}],"event_choices":[{"event_name":"Living Wall","player_choice":"Forget","floor":5,"damage_taken":0},{"event_name":"Transmorgrifier","player_choice":"Transform","floor":12,"damage_taken":0},{"event_name":"Beggar","player_choice":"Gave Gold","floor":21,"damage_taken":0},{"event_name":"Golden Shrine","player_choice":"Pray","floor":25,"damage_taken":0},{"event_name":"The Joust","player_choice":"Bet on Owner","floor":28,"damage_taken":0}],"boss_relics":[{"not_picked":["Runic Pyramid","Black Blood"],"picked":"Ectoplasm"}],"potions_floor_spawned":[1,4,11,23],"seed_played":"8972508112072821228","killed_by":"Snecko","ascension_level":0,"is_trial":false}