{"gold_per_floor":[111,111,124,49,72,112,112,130,130,146,146,146,181,206,206,302,302,322,322,191,191,206,206,227,240,240,261,261,261,279,229,229,327,327,343,676,676,592,616,616,631,649,729,729,729],"floor_reached":45,"playtime":4336,"items_purged":["Injury","Writhe","Barrage"],"score":769,"play_id":"bd9e1483-1fc8-4d3f-abdf-1bbbcebe8c56","local_time":"20190116015348","is_ascension_mode":true,"campfire_choices":[{"floor":7,"key":"REST"},{"floor":11,"key":"REST"},{"data":"Zap","floor":15,"key":"SMITH"},{"data":"Recycle","floor":23,"key":"SMITH"},{"data":"Redo","floor":32,"key":"SMITH"},{"data":"Dualcast","floor":40,"key":"SMITH"},{"data":"Creative AI","floor":44,"key":"SMITH"}],"neow_cost":"NONE","seed_source_timestamp":38918612187062,"circlet_count":0,"master_deck":["AscendersBane","Zap+1","Dualcast+1","FTL","Go for the Eyes","Cold Snap","Self Repair","Genetic Algorithm","Creative AI+1","Recycle+1","Beam Cell","Seek","Reboot","Hello World","Multi-Cast","Glacier","Heatsinks","Redo+1","White Noise+1","Leap","Dark Shackles","BootSequence","Turbo+1","Loop","Chill","Reboot","Bandage Up","Scrape","Chill","Hologram"],"relics":["Cracked Core","Whetstone","Oddly Smooth Stone","Symbiotic Virus","Meat on the Bone","Pandora\u0027s Box","Nloth\u0027s Gift","Pantograph","Smiling Mask","Sozu","Orichalcum","Mummified Hand"],"potions_floor_usage":[13,16,22,33,41,45],"damage_taken":[{"damage":9,"enemies":"Small Slimes","floor":1,"turns":4},{"damage":7,"enemies":"Jaw Worm","floor":3,"turns":2},{"damage":1,"enemies":"Cultist","floor":5,"turns":3},{"damage":30,"enemies":"3 Sentries","floor":6,"turns":9},{"damage":0,"enemies":"2 Fungi Beasts","floor":8,"turns":4},{"damage":13,"enemies":"Looter","floor":10,"turns":3},{"damage":10,"enemies":"Gremlin Nob","floor":13,"turns":4},{"damage":1,"enemies":"Large Slime","floor":14,"turns":3},{"damage":30,"enemies":"Slime Boss","floor":16,"turns":7},{"damage":1,"enemies":"3 Byrds","floor":18,"turns":5},{"damage":21,"enemies":"Chosen","floor":22,"turns":6},{"damage":0,"enemies":"3 Cultists","floor":24,"turns":6},{"damage":9,"enemies":"Cultist and Chosen","floor":25,"turns":6},{"damage":29,"enemies":"Snecko","floor":27,"turns":6},{"damage":14,"enemies":"Shelled Parasite and Fungi","floor":30,"turns":8},{"damage":11,"enemies":"Champ","floor":33,"turns":14},{"damage":19,"enemies":"3 Darklings","floor":35,"turns":9},{"damage":3,"enemies":"3 Shapes","floor":41,"turns":7},{"damage":0,"enemies":"3 Darklings","floor":42,"turns":7},{"damage":75,"enemies":"2 Orb Walkers","floor":45,"turns":6}],"seed_played":"3385843238345855605","potions_obtained":[{"floor":8,"key":"Ancient Potion"},{"floor":10,"key":"Ancient Potion"},{"floor":13,"key":"Fire Potion"},{"floor":16,"key":"EssenceOfSteel"},{"floor":25,"key":"SteroidPotion"},{"floor":33,"key":"AttackPotion"}],"is_trial":false,"path_per_floor":["M","?","M","$","M","E","R","M","T","M","R","T","E","M","R","B",null,"M","?","$","?","M","R","M","M","T","M","?","?","M","$","R","B",null,"M","?","?","$","T","R","M","M","T","R","?"],"character_chosen":"DEFECT","items_purchased":["Leap","Dark Shackles","Scrape"],"campfire_rested":2,"item_purchase_floors":[20,20,38],"current_hp_per_floor":[55,55,48,48,47,17,38,45,45,39,60,60,57,63,63,52,66,71,71,71,71,57,57,64,62,62,52,52,52,45,45,45,66,70,58,58,58,58,58,58,66,71,71,71,0],"gold":729,"neow_bonus":"RANDOM_COMMON_RELIC","is_prod":false,"is_daily":false,"chose_seed":false,"campfire_upgraded":5,"win_rate":0,"timestamp":1547600028,"path_taken":["M","?","M","$","M","E","R","M","T","M","R","?","E","M","R","BOSS","M","?","$","?","M","R","M","?","T","M","?","?","M","$","R","BOSS","M","?","?","$","?","R","M","?","T","R","?"],"build_version":"2019-01-14v2","purchased_purges":3,"victory":false,"max_hp_per_floor":[71,71,71,71,71,71,71,71,71,71,71,71,71,71,71,71,71,71,71,71,71,71,71,71,71,71,71,71,71,71,71,71,71,71,71,71,71,71,71,71,71,71,71,71,71],"card_choices":[{"not_picked":["Gash","Capacitor"],"picked":"FTL","floor":1},{"not_picked":["Leap","Coolheaded"],"picked":"Go for the Eyes","floor":3},{"not_picked":["Sunder","Beam Cell"],"picked":"Cold Snap","floor":5},{"not_picked":["Ball Lightning","Conserve Battery"],"picked":"Self Repair","floor":6},{"not_picked":["Rebound","Go for the Eyes"],"picked":"Genetic Algorithm","floor":8},{"not_picked":["Aggregate","Sweeping Beam"],"picked":"Creative AI","floor":10},{"not_picked":["Meteor Strike","Hello World"],"picked":"Recycle","floor":13},{"not_picked":["Ball Lightning","Static Discharge"],"picked":"Beam Cell","floor":14},{"not_picked":["Hyperbeam","Multi-Cast"],"picked":"Seek","floor":16},{"not_picked":["Streamline","Aggregate"],"picked":"White Noise+1","floor":18},{"not_picked":["Redo","Streamline"],"picked":"BootSequence","floor":22},{"not_picked":["Auto Shields","Coolheaded"],"picked":"Turbo+1","floor":24},{"not_picked":["Self Repair","Rebound"],"picked":"Loop","floor":25},{"not_picked":["Sweeping Beam","Stack","Force Field"],"picked":"SKIP","floor":27},{"not_picked":["Go for the Eyes","Compile Driver+1","Steam"],"picked":"SKIP","floor":30},{"not_picked":["Creative AI","Core Surge"],"picked":"Reboot","floor":33},{"not_picked":["Go for the Eyes","Darkness","Turbo"],"picked":"SKIP","floor":35},{"not_picked":["Deep Breath","Dramatic Entrance"],"picked":"Bandage Up","floor":37},{"not_picked":["Meteor Strike","Self Repair"],"picked":"Chill","floor":41},{"not_picked":["Steam+1","Coolheaded"],"picked":"Hologram","floor":42}],"player_experience":774534,"relics_obtained":[{"floor":6,"key":"Oddly Smooth Stone"},{"floor":9,"key":"Symbiotic Virus"},{"floor":12,"key":"Nunchaku"},{"floor":13,"key":"Meat on the Bone"},{"floor":26,"key":"Pantograph"},{"floor":39,"key":"Orichalcum"},{"floor":43,"key":"Mummified Hand"}],"event_choices":[{"damage_healed":0,"gold_gain":0,"player_choice":"Take Wound","damage_taken":0,"relics_obtained":["Golden Idol"],"max_hp_gain":0,"max_hp_loss":0,"event_name":"Golden Idol","floor":2,"gold_loss":0,"cards_obtained":["Injury"]},{"damage_healed":0,"gold_gain":0,"player_choice":"Ignored","damage_taken":0,"max_hp_gain":0,"max_hp_loss":0,"event_name":"Vampires","floor":19,"gold_loss":0},{"damage_healed":0,"gold_gain":0,"player_choice":"Traded Relic","damage_taken":0,"relics_obtained":["Nloth\u0027s Gift"],"max_hp_gain":0,"max_hp_loss":0,"event_name":"N\u0027loth","floor":21,"relics_lost":["Nunchaku"],"gold_loss":0},{"damage_healed":0,"gold_gain":0,"cards_transformed":["Static Discharge","Reprogram"],"player_choice":"Became Test Subject","damage_taken":0,"max_hp_gain":0,"max_hp_loss":0,"event_name":"Drug Dealer","floor":28,"gold_loss":0,"cards_obtained":["Barrage","Chill"]},{"damage_healed":0,"gold_gain":0,"player_choice":"Opened","damage_taken":0,"relics_obtained":["Smiling Mask"],"max_hp_gain":0,"max_hp_loss":0,"event_name":"The Mausoleum","floor":29,"gold_loss":0,"cards_obtained":["Writhe"]},{"damage_healed":0,"gold_gain":333,"player_choice":"Gave Idol","damage_taken":0,"max_hp_gain":0,"max_hp_loss":0,"event_name":"The Moai Head","floor":36,"relics_lost":["Golden Idol"],"gold_loss":0},{"damage_healed":0,"gold_gain":0,"player_choice":"Memory 1","damage_taken":0,"max_hp_gain":0,"max_hp_loss":0,"event_name":"SensoryStone","floor":37,"gold_loss":0},{"damage_healed":0,"gold_gain":0,"player_choice":"Fight","damage_taken":0,"max_hp_gain":0,"max_hp_loss":0,"event_name":"Mysterious Sphere","floor":45,"gold_loss":0}],"is_beta":true,"boss_relics":[{"not_picked":["Tiny House","White Beast Statue"],"picked":"Pandora\u0027s Box"},{"not_picked":["Runic Pyramid","FrozenCore"],"picked":"Sozu"}],"items_purged_floors":[4,31,38],"is_endless":false,"potions_floor_spawned":[8,10,13,16,25,27,33,35,42],"killed_by":"2 Orb Walkers","ascension_level":15}