{"gold_per_floor":[112,112,160,260,280,280,292,292,369,369,369,353,384,384,384,384],"floor_reached":16,"playtime":377,"items_purged":[],"score":98,"play_id":"cc903b62-7bb3-4f05-ba82-c6e829f77740","local_time":"20180904152635","is_ascension_mode":false,"campfire_choices":[{"data":"Neutralize","floor":6,"key":"SMITH"},{"data":"Poisoned Stab","floor":8,"key":"SMITH"},{"data":"Expertise","floor":10,"key":"SMITH"},{"data":"Concentrate","floor":15,"key":"SMITH"}],"neow_cost":"NONE","seed_source_timestamp":207677599674795,"circlet_count":0,"master_deck":["Defend_G","Defend_G","Defend_G","Defend_G","Defend_G","Strike_G","Strike_G","Strike_G","Strike_G","Survivor","Neutralize+1","Expertise+1","Infinite Blades","Poisoned Stab+1","Backflip","Concentrate+1"],"relics":["Ring of the Snake","Snake Skull","NlothsMask","Anchor"],"potions_floor_usage":[13],"damage_taken":[{"damage":0,"enemies":"2 Louse","floor":1,"turns":3},{"damage":0,"enemies":"Cultist","floor":5,"turns":5},{"damage":8,"enemies":"Small Slimes","floor":7,"turns":3},{"damage":5,"enemies":"Exordium Thugs","floor":12,"turns":4},{"damage":4,"enemies":"Gremlin Nob","floor":13,"turns":4},{"damage":58,"enemies":"Slime Boss","floor":16,"turns":11}],"seed_played":"2662726925262097616","potions_obtained":[{"floor":0,"key":"Ancient Potion"},{"floor":0,"key":"SmokeBomb"},{"floor":0,"key":"Poison Potion"}],"is_trial":false,"path_per_floor":["M","?","T","?","M","R","M","R","T","R","?","M","E","?","R"],"character_chosen":"THE_SILENT","items_purchased":[],"campfire_rested":0,"item_purchase_floors":[],"current_hp_per_floor":[70,70,70,70,70,70,62,62,62,62,62,57,53,53,53,0],"gold":384,"neow_bonus":"THREE_SMALL_POTIONS","is_prod":false,"is_daily":false,"chose_seed":false,"campfire_upgraded":4,"win_rate":0,"timestamp":1536042395,"path_taken":["M","?","?","?","M","R","?","R","T","R","?","?","E","?","R","BOSS"],"build_version":"2018-08-30","purchased_purges":0,"victory":false,"max_hp_per_floor":[70,70,70,70,70,70,70,70,70,70,70,70,70,70,70,70],"card_choices":[{"not_picked":["Bane","Prepared"],"picked":"Expertise","floor":1},{"not_picked":["Prepared","Acrobatics","Crippling Poison"],"picked":"SKIP","floor":5},{"not_picked":["Setup","Deadly Poison"],"picked":"Poisoned Stab","floor":7},{"not_picked":["Acrobatics","Dash"],"picked":"Backflip","floor":12},{"not_picked":["Sucker Punch","Endless Agony"],"picked":"Concentrate","floor":13}],"player_experience":629823,"relics_obtained":[{"floor":3,"key":"Snake Skull"},{"floor":13,"key":"Anchor"}],"event_choices":[{"event_name":"Transmorgrifier","player_choice":"Transform","floor":2,"damage_taken":0},{"event_name":"Golden Shrine","player_choice":"Pray","floor":4,"damage_taken":0},{"event_name":"FaceTrader","player_choice":"Trade","floor":11,"damage_taken":0},{"event_name":"Liars Game","player_choice":"disagreed","floor":14,"damage_taken":0}],"is_beta":false,"boss_relics":[],"items_purged_floors":[],"is_endless":false,"potions_floor_spawned":[7],"killed_by":"Slime Boss","ascension_level":0}