{"gold_per_floor":[16,91,111,128,128,128,160,173,198,211,225,255,255,267,267,368,368,383,53,65,65,100,100,120,120,145,173,272,289,289,289,289,388,388,405,9,28,28,3,35,35,257,257,308,325,123,143,143,143,143],"floor_reached":51,"playtime":1874,"items_purged":["Strike_G","Strike_G","Dagger Spray"],"score":820,"play_id":"c73d50d3-c41d-4153-8161-e1285d5fa6f9","local_time":"20181030203352","is_ascension_mode":false,"campfire_choices":[{"data":"Noxious Fumes","floor":6.0,"key":"SMITH"},{"data":"Deadly Poison","floor":13.0,"key":"SMITH"},{"data":"Neutralize","floor":15.0,"key":"SMITH"},{"data":"Footwork","floor":23.0,"key":"SMITH"},{"data":"After Image","floor":25.0,"key":"SMITH"},{"data":"Acrobatics","floor":30.0,"key":"SMITH"},{"data":"Dodge and Roll","floor":32.0,"key":"SMITH"},{"data":"Deadly Poison","floor":41.0,"key":"SMITH"},{"data":"Malaise","floor":49,"key":"SMITH"}],"neow_cost":"NO_GOLD","seed_source_timestamp":0,"circlet_count":0,"master_deck":["Defend_G","Defend_G","Defend_G","Defend_G","Survivor","Neutralize+1","Noxious Fumes+1","Deadly Poison+1","Footwork+1","Deflect","Acrobatics+1","After Image+1","Footwork+1","Backflip+1","Adrenaline","Dodge and Roll+1","Malaise+1","Dodge and Roll+1","Backflip","Deadly Poison+1","Deadly Poison+1"],"special_seed":0,"relics":["Ring of the Snake","Omamori","Boot","Tiny Chest","Velvet Choker","Mercury Hourglass","Red Mask","Snake Skull","Art of War","Black Star","Matryoshka","Ornamental Fan","Question Card","Juzu Bracelet","The Courier","PreservedInsect","Bag of Marbles"],"potions_floor_usage":[50,50],"damage_taken":[{"damage":0.0,"enemies":"Small Slimes","floor":1.0,"turns":4.0},{"damage":1.0,"enemies":"Cultist","floor":3.0,"turns":4.0},{"damage":0.0,"enemies":"Jaw Worm","floor":4.0,"turns":4.0},{"damage":11.0,"enemies":"Lagavulin","floor":7.0,"turns":6.0},{"damage":0.0,"enemies":"Looter","floor":8.0,"turns":4.0},{"damage":4.0,"enemies":"2 Fungi Beasts","floor":10.0,"turns":4.0},{"damage":0.0,"enemies":"Exordium Thugs","floor":11.0,"turns":4.0},{"damage":9.0,"enemies":"Large Slime","floor":14.0,"turns":5.0},{"damage":17.0,"enemies":"The Guardian","floor":16.0,"turns":10.0},{"damage":19.0,"enemies":"Chosen","floor":18.0,"turns":5.0},{"damage":0.0,"enemies":"Shell Parasite","floor":20.0,"turns":5.0},{"damage":13.0,"enemies":"Masked Bandits","floor":22.0,"turns":3.0},{"damage":0.0,"enemies":"Sentry and Sphere","floor":24.0,"turns":6.0},{"damage":0.0,"enemies":"Book of Stabbing","floor":27.0,"turns":6.0},{"damage":1.0,"enemies":"Chosen and Byrds","floor":29.0,"turns":4.0},{"damage":0.0,"enemies":"Champ","floor":33.0,"turns":12.0},{"damage":0.0,"enemies":"Orb Walker","floor":35.0,"turns":5.0},{"damage":9.0,"enemies":"3 Darklings","floor":37.0,"turns":5.0},{"damage":0.0,"enemies":"Giant Head","floor":40.0,"turns":10.0},{"damage":9.0,"enemies":"Sphere and 2 Shapes","floor":45.0,"turns":3.0},{"damage":0,"enemies":"Transient","floor":47,"turns":5},{"damage":11,"enemies":"Donu and Deca","floor":50,"turns":9}],"seed_played":"4888341048571995679","potions_obtained":[{"floor":4.0,"key":"GamblersBrew"},{"floor":10.0,"key":"Ancient Potion"},{"floor":11.0,"key":"PowerPotion"},{"floor":16.0,"key":"Poison Potion"},{"floor":24.0,"key":"Weak Potion"},{"floor":29.0,"key":"FairyPotion"},{"floor":33.0,"key":"LiquidBronze"},{"floor":37.0,"key":"Fire Potion"}],"is_trial":false,"path_per_floor":["M","?","M","M","?","R","E","M","T","M","M","?","R","M","R","B",null,"M","$","M","?","?","R","M","R","T","E","?","M","R","?","R","B",null,"M","$","M","?","$","E","R","?","T","T","M","$","M","?","R","B"],"character_chosen":"THE_SILENT","items_purchased":["Mercury Hourglass","Matryoshka","Backflip","Deadly Poison","GhostInAJar","Poison Potion"],"campfire_rested":0,"item_purchase_floors":[19,36,36,39,46,46],"current_hp_per_floor":[70,59,58,58,63,63,52,52,52,48,48,30,30,21,21,4,75,56,56,56,56,43,43,43,43,43,43,43,42,42,42,42,42,75,75,75,66,66,66,66,66,66,66,66,57,57,57,57,57,46],"gold":143,"neow_bonus":"REMOVE_TWO","is_prod":false,"is_daily":false,"chose_seed":false,"campfire_upgraded":9,"win_rate":0,"timestamp":1540899232,"path_taken":["M","?","M","M","?","R","E","M","T","M","?","?","R","M","R","BOSS","M","$","M","?","?","R","M","R","T","E","?","?","R","?","R","BOSS","M","$","M","?","?","E","R","?","T","?","M","$","M","?","R","BOSS"],"build_version":"2018-10-29v2","purchased_purges":3,"victory":true,"max_hp_per_floor":[70,70,70,70,75,75,75,75,75,75,75,75,75,75,75,75,75,75,75,75,75,75,75,75,75,75,75,75,75,75,75,75,75,75,75,75,75,71,71,71,71,71,71,71,71,71,71,71,71,71],"card_choices":[{"not_picked":["Blade Dance","Sucker Punch"],"picked":"Noxious Fumes","floor":1.0},{"not_picked":["Acrobatics","Blade Dance"],"picked":"Bane","floor":3.0},{"not_picked":["Quick Slash","Underhanded Strike"],"picked":"Deadly Poison","floor":4.0},{"not_picked":["Eviscerate","Dash"],"picked":"Footwork","floor":7.0},{"not_picked":["Predator","Unload","Finisher"],"picked":"SKIP","floor":8.0},{"not_picked":["Underhanded Strike","Dodge and Roll"],"picked":"Deflect","floor":10.0},{"not_picked":["Setup","Terror"],"picked":"Acrobatics","floor":11.0},{"not_picked":["Finisher","Poisoned Stab"],"picked":"Dagger Spray","floor":14.0},{"not_picked":["Unload","Venomology"],"picked":"After Image","floor":16.0},{"not_picked":["Poisoned Stab+1","Dagger Throw"],"picked":"Footwork+1","floor":18.0},{"not_picked":["Dagger Throw+1","Quick Slash+1"],"picked":"Backflip+1","floor":20.0},{"not_picked":["Predator","Backflip"],"picked":"Dodge and Roll","floor":24.0},{"not_picked":["Reflex","Flechettes","Grand Finale"],"picked":"SKIP","floor":27.0},{"not_picked":["Tactician","Dagger Spray","Expertise"],"picked":"SKIP","floor":29.0},{"not_picked":["Adrenaline","After Image"],"picked":"Malaise","floor":33.0},{"not_picked":["Riddle With Holes+1","All Out Attack"],"picked":"Dodge and Roll+1","floor":35.0},{"not_picked":["Flying Knee","Slice","Quick Slash+1"],"picked":"SKIP","floor":37.0},{"not_picked":["Blade Dance","Dagger Throw","Backstab"],"picked":"SKIP","floor":40.0},{"not_picked":["Prepared","Poisoned Stab+1","Sucker Punch+1"],"picked":"Deadly Poison+1","floor":45.0},{"not_picked":["Outmaneuver+1","Acrobatics","Setup+1","Skewer"],"picked":"SKIP","floor":47}],"player_experience":527988,"relics_obtained":[{"floor":7.0,"key":"Omamori"},{"floor":9.0,"key":"Boot"},{"floor":22.0,"key":"Red Mask"},{"floor":26.0,"key":"Snake Skull"},{"floor":27.0,"key":"Art of War"},{"floor":40.0,"key":"Ornamental Fan"},{"floor":40.0,"key":"Question Card"},{"floor":43.0,"key":"Juzu Bracelet"},{"floor":43.0,"key":"The Courier"},{"floor":44.0,"key":"PreservedInsect"},{"floor":44.0,"key":"Bag of Marbles"}],"event_choices":[{"damage_healed":0.0,"max_hp_gain":0.0,"max_hp_loss":0.0,"gold_gain":75.0,"event_name":"World of Goop","player_choice":"Gather Gold","floor":2.0,"gold_loss":0.0,"damage_taken":11.0},{"damage_healed":0.0,"max_hp_gain":5.0,"max_hp_loss":0.0,"gold_gain":0.0,"event_name":"Big Fish","player_choice":"Donut","floor":5.0,"gold_loss":0.0,"damage_taken":0.0},{"damage_healed":0.0,"max_hp_gain":0.0,"max_hp_loss":0.0,"gold_gain":0.0,"event_name":"Scrap Ooze","player_choice":"Success","floor":12.0,"gold_loss":0.0,"damage_taken":18.0,"relics_obtained":["Tiny Chest"]},{"damage_healed":0.0,"max_hp_gain":0.0,"max_hp_loss":0.0,"gold_gain":0.0,"cards_transformed":["Strike_G","Strike_G"],"event_name":"Drug Dealer","player_choice":"Became Test Subject","floor":21.0,"gold_loss":0.0,"damage_taken":0.0,"cards_obtained":["Adrenaline","Finisher"]},{"damage_healed":0.0,"max_hp_gain":0.0,"max_hp_loss":0.0,"gold_gain":0.0,"event_name":"Masked Bandits","player_choice":"Fought Bandits","floor":22.0,"gold_loss":0.0,"damage_taken":0.0},{"damage_healed":0.0,"max_hp_gain":0.0,"max_hp_loss":0.0,"gold_gain":99.0,"event_name":"Nest","player_choice":"Stole From Cult","floor":28.0,"gold_loss":0.0,"damage_taken":0.0},{"cards_removed":["Finisher"],"damage_healed":0.0,"max_hp_gain":0.0,"max_hp_loss":0.0,"gold_gain":0.0,"event_name":"Back to Basics","player_choice":"Elegance","floor":31.0,"gold_loss":0.0,"damage_taken":0.0},{"damage_healed":0.0,"max_hp_gain":0.0,"max_hp_loss":4.0,"gold_gain":0.0,"event_name":"Winding Halls","player_choice":"Max HP","floor":38.0,"gold_loss":0.0,"damage_taken":0.0},{"damage_healed":0.0,"max_hp_gain":0.0,"max_hp_loss":0.0,"gold_gain":222.0,"event_name":"Tomb of Lord Red Mask","player_choice":"Wore Mask","floor":42.0,"gold_loss":0.0,"damage_taken":0.0},{"cards_removed":["Bane"],"damage_healed":0,"gold_gain":0,"player_choice":"Removed Attack","damage_taken":0,"max_hp_gain":0,"max_hp_loss":0,"event_name":"Falling","floor":48,"gold_loss":0}],"is_beta":true,"boss_relics":[{"not_picked":["White Beast Statue","Ectoplasm"],"picked":"Velvet Choker"},{"not_picked":["Runic Pyramid","Fusion Hammer"],"picked":"Black Star"}],"items_purged_floors":[19,36,46],"is_endless":false,"potions_floor_spawned":[4,10,11,16,20,24,27,29,33,37,40,45],"ascension_level":0}