{"gold_per_floor":[109,109,109,128,16,43,43,43,43,62,62,12,41,57,57,57],"floor_reached":16,"playtime":584,"items_purged":[],"score":193,"play_id":"dc65be3e-b466-4b49-9c0c-eb0154e68b1a","local_time":"20190203160126","is_ascension_mode":true,"campfire_choices":[{"data":"Footwork","floor":8,"key":"SMITH"},{"data":"All Out Attack","floor":11,"key":"SMITH"},{"data":"Calculated Gamble","floor":15,"key":"SMITH"}],"neow_cost":"NONE","seed_source_timestamp":205391305915182,"circlet_count":0,"master_deck":["Defend_G","Defend_G","Defend_G","Defend_G","Defend_G+1","Strike_G+1","Strike_G","Strike_G","Strike_G","Survivor","Neutralize+1","Quick Slash","Eviscerate","Footwork+1","Escape Plan","All Out Attack+1","Dagger Throw","Calculated Gamble+1","Deflect"],"relics":["Ring of the Snake","NeowsBlessing","Question Card","Regal Pillow","Bottled Lightning","Ornamental Fan"],"potions_floor_usage":[],"damage_taken":[{"damage":0,"enemies":"Small Slimes","floor":1,"turns":1},{"damage":0,"enemies":"Jaw Worm","floor":4,"turns":1},{"damage":0,"enemies":"Gremlin Nob","floor":6,"turns":1},{"damage":0,"enemies":"2 Louse","floor":10,"turns":2},{"damage":14,"enemies":"3 Sentries","floor":13,"turns":8},{"damage":0,"enemies":"2 Fungi Beasts","floor":14,"turns":3},{"damage":35,"enemies":"Hexaghost","floor":16,"turns":16}],"seed_played":"-569939220942707307","potions_obtained":[{"floor":1,"key":"SpeedPotion"},{"floor":6,"key":"Strength Potion"},{"floor":13,"key":"SkillPotion"}],"is_trial":false,"path_per_floor":["M","?","T","M","$","E","?","R","T","M","R","?","E","M","R","B"],"character_chosen":"THE_SILENT","items_purchased":["Footwork","Escape Plan"],"campfire_rested":0,"item_purchase_floors":[5,5],"current_hp_per_floor":[63,63,63,63,63,63,49,49,49,49,49,49,35,35,35,0],"gold":57,"neow_bonus":"THREE_ENEMY_KILL","is_prod":false,"is_daily":false,"chose_seed":false,"campfire_upgraded":3,"win_rate":0,"timestamp":1549170086,"path_taken":["M","?","?","M","$","E","?","R","T","M","R","?","E","?","R","BOSS"],"build_version":"2019-01-23","purchased_purges":0,"victory":false,"max_hp_per_floor":[70,70,70,70,70,70,70,70,70,70,70,70,70,70,70,70],"card_choices":[{"not_picked":["Reflex","Prepared"],"picked":"Quick Slash","floor":1},{"not_picked":["Quick Slash","Slice","Distraction"],"picked":"Eviscerate","floor":4},{"not_picked":["Deflect","Outmaneuver","Backstab"],"picked":"All Out Attack","floor":6},{"not_picked":["Bane","After Image","Sucker Punch"],"picked":"Dagger Throw","floor":10},{"not_picked":["Envenom","Concentrate","Riddle With Holes"],"picked":"Calculated Gamble","floor":13},{"not_picked":["Skewer","Prepared","Bouncing Flask","Deflect"],"picked":"SKIP","floor":14},{"not_picked":["Skewer","Prepared","Bouncing Flask"],"picked":"Deflect","floor":14}],"player_experience":690602,"relics_obtained":[{"floor":3,"key":"Question Card"},{"floor":6,"key":"Regal Pillow"},{"floor":9,"key":"Bottled Lightning"},{"floor":13,"key":"Ornamental Fan"}],"event_choices":[{"damage_healed":0,"gold_gain":0,"player_choice":"Grow","damage_taken":0,"max_hp_gain":0,"max_hp_loss":0,"event_name":"Living Wall","floor":2,"gold_loss":0,"cards_upgraded":["Neutralize"]},{"damage_healed":0,"gold_gain":0,"player_choice":"Entered Light","damage_taken":14,"max_hp_gain":0,"max_hp_loss":0,"event_name":"Shining Light","floor":7,"gold_loss":0,"cards_upgraded":["Defend_G","Strike_G"]},{"cards_removed":["Strike_G"],"damage_healed":0,"gold_gain":0,"player_choice":"Card Removal","damage_taken":0,"max_hp_gain":0,"max_hp_loss":0,"event_name":"The Cleric","floor":12,"gold_loss":50}],"is_beta":false,"boss_relics":[],"items_purged_floors":[],"is_endless":false,"potions_floor_spawned":[1,6,13],"killed_by":"Hexaghost","ascension_level":9}