{"gold_per_floor":[210,210,81,95,106,106,132,132,132,132,160,160,175,175,175,175],"floor_reached":16,"playtime":526,"items_purged":["Strike_B"],"score":246,"play_id":"2f9f8a86-8d7b-49e1-aa8f-f198b8c23ae2","local_time":"20180925221615","is_ascension_mode":true,"campfire_choices":[{"data":"Lockon","floor":6,"key":"SMITH"},{"data":"Cold Snap","floor":12,"key":"SMITH"},{"data":"Zap","floor":15,"key":"SMITH"}],"neow_cost":"NONE","seed_source_timestamp":965100453107692,"circlet_count":0,"master_deck":["Strike_B","Strike_B","Strike_B","Defend_B","Defend_B","Defend_B","Defend_B","Zap+1","Dualcast","AscendersBane","Lockon+1","Cold Snap+1","Glacier","Cold Snap","Ball Lightning+1","Rip and Tear","Go for the Eyes"],"relics":["Cracked Core","NlothsMask","PreservedInsect","Blue Candle"],"potions_floor_usage":[11,16],"damage_taken":[{"damage":1,"enemies":"Cultist","floor":1,"turns":4},{"damage":3,"enemies":"Small Slimes","floor":4,"turns":3},{"damage":2,"enemies":"Jaw Worm","floor":5,"turns":3},{"damage":13,"enemies":"Lagavulin","floor":7,"turns":9},{"damage":0,"enemies":"Gremlin Nob","floor":11,"turns":3},{"damage":3,"enemies":"3 Louse","floor":13,"turns":3},{"damage":42,"enemies":"Slime Boss","floor":16,"turns":9}],"seed_played":"8540540981824125839","potions_obtained":[{"floor":4,"key":"Explosive Potion"},{"floor":7,"key":"Block Potion"}],"is_trial":false,"path_per_floor":["M","?","$","M","M","R","E","?","T","?","E","R","M","?","R"],"character_chosen":"DEFECT","items_purchased":["Cold Snap"],"campfire_rested":0,"item_purchase_floors":[3],"current_hp_per_floor":[63,63,63,60,58,58,45,45,45,45,45,45,42,42,42,0],"gold":175,"neow_bonus":"HUNDRED_GOLD","is_prod":false,"is_daily":false,"chose_seed":false,"campfire_upgraded":3,"win_rate":0,"timestamp":1537928175,"path_taken":["M","?","$","M","?","R","E","?","T","?","E","R","M","?","R","BOSS"],"build_version":"2018-09-20","purchased_purges":1,"victory":false,"max_hp_per_floor":[71,71,71,71,71,71,71,71,71,71,71,71,71,71,71,71],"card_choices":[{"not_picked":["Steam","Go for the Eyes"],"picked":"Lockon","floor":1},{"not_picked":["BootSequence","Blizzard"],"picked":"Glacier","floor":4},{"not_picked":["Rebound","Chill"],"picked":"Cold Snap","floor":5},{"not_picked":["Scrape","Go for the Eyes"],"picked":"Ball Lightning","floor":7},{"not_picked":["Reinforced Body","Aggregate"],"picked":"Rip and Tear","floor":11},{"not_picked":["Heatsinks","Sweeping Beam"],"picked":"Go for the Eyes","floor":13}],"player_experience":264370,"relics_obtained":[{"floor":7,"key":"PreservedInsect"},{"floor":11,"key":"Blue Candle"}],"event_choices":[{"event_name":"FaceTrader","player_choice":"Trade","floor":2,"damage_taken":0},{"event_name":"Golden Idol","player_choice":"Ignored","floor":8,"damage_taken":0},{"event_name":"Accursed Blacksmith","player_choice":"Forge","floor":10,"damage_taken":0},{"event_name":"Dead Adventurer","player_choice":"Searched \u00272\u0027 times","floor":14,"damage_taken":0}],"is_beta":false,"boss_relics":[],"items_purged_floors":[3],"is_endless":false,"potions_floor_spawned":[4,7],"killed_by":"Slime Boss","ascension_level":17}