{"gold_per_floor":[119,119,138,148,161,161,8,8,64,64,64,64,74,74,74,151,151,164,164,164],"floor_reached":20,"playtime":666,"items_purged":["Strike_G"],"score":324,"play_id":"76740cf1-9cf7-4e99-bd41-dd7f84c86471","local_time":"20181117155601","is_ascension_mode":true,"campfire_choices":[{"floor":6,"key":"REST"},{"data":"Noxious Fumes","floor":8,"key":"SMITH"},{"data":"Blade Dance","floor":10,"key":"SMITH"},{"data":"Neutralize","floor":15,"key":"SMITH"}],"neow_cost":"NONE","seed_source_timestamp":289860346140037,"circlet_count":0,"master_deck":["AscendersBane","Defend_G","Defend_G","Defend_G","Defend_G","Strike_G","Strike_G","Strike_G","Strike_G","Survivor","Neutralize+1","Expertise","Blade Dance+1","Blur","Noxious Fumes+1","Footwork+1","Accuracy","A Thousand Cuts"],"relics":["WristBlade","Tiny Chest","Matryoshka","Philosopher\u0027s Stone"],"potions_floor_usage":[16],"damage_taken":[{"damage":7,"enemies":"Cultist","floor":1,"turns":5},{"damage":6,"enemies":"Jaw Worm","floor":3,"turns":6},{"damage":7,"enemies":"Small Slimes","floor":4,"turns":3},{"damage":5,"enemies":"3 Louse","floor":5,"turns":4},{"damage":0,"enemies":"Large Slime","floor":13,"turns":6},{"damage":33,"enemies":"Hexaghost","floor":16,"turns":12},{"damage":36,"enemies":"2 Thieves","floor":18,"turns":4},{"damage":15,"enemies":"Spheric Guardian","floor":20,"turns":3}],"seed_played":"8978684710976171097","potions_obtained":[{"floor":13,"key":"Dexterity Potion"}],"is_trial":false,"path_per_floor":["M","?","M","M","M","R","$","R","T","R","$","?","M","T","R","B",null,"M","?","M"],"character_chosen":"THE_SILENT","items_purchased":["Footwork"],"campfire_rested":1,"item_purchase_floors":[7],"current_hp_per_floor":[52,52,46,39,34,53,53,53,53,53,53,53,53,53,53,20,55,19,10,0],"gold":164,"neow_bonus":"BOSS_RELIC","is_prod":false,"is_daily":false,"chose_seed":false,"campfire_upgraded":3,"win_rate":0,"timestamp":1542498961,"path_taken":["M","?","?","M","M","R","$","R","T","R","$","?","?","?","R","BOSS","M","?","M"],"build_version":"2018-11-15","purchased_purges":1,"victory":false,"max_hp_per_floor":[66,66,66,66,66,66,66,66,66,66,66,66,66,66,66,66,66,66,66,66],"card_choices":[{"not_picked":["Quick Slash","Bane","Distraction"],"picked":"SKIP","floor":1},{"not_picked":["Quick Slash","Bane"],"picked":"Blade Dance","floor":3},{"not_picked":["Bane","Prepared"],"picked":"Blur","floor":4},{"not_picked":["Acrobatics","Riddle With Holes"],"picked":"Noxious Fumes","floor":5},{"not_picked":["Catalyst","Prepared"],"picked":"Accuracy","floor":13},{"not_picked":["Wraith Form v2","Night Terror"],"picked":"A Thousand Cuts","floor":16},{"not_picked":["Deadly Poison","Dagger Throw","Predator"],"picked":"SKIP","floor":18}],"player_experience":651453,"relics_obtained":[{"floor":9,"key":"Tiny Chest"},{"floor":14,"key":"Matryoshka"}],"event_choices":[{"damage_healed":0,"gold_gain":0,"cards_transformed":["Defend_G"],"player_choice":"Transformed","damage_taken":0,"max_hp_gain":0,"max_hp_loss":0,"event_name":"Transmorgrifier","floor":2,"gold_loss":0,"cards_obtained":["Expertise"]},{"damage_healed":0,"gold_gain":0,"player_choice":"Upgraded","damage_taken":0,"max_hp_gain":0,"max_hp_loss":0,"event_name":"Upgrade Shrine","floor":12,"gold_loss":0,"cards_upgraded":["Footwork"]},{"damage_healed":0,"gold_gain":0,"player_choice":"Stopped","damage_taken":9,"max_hp_gain":0,"max_hp_loss":0,"event_name":"Cursed Tome","floor":19,"gold_loss":0}],"is_beta":false,"boss_relics":[{"not_picked":["Pandora\u0027s Box","White Beast Statue"],"picked":"Philosopher\u0027s Stone"}],"items_purged_floors":[7],"is_endless":false,"potions_floor_spawned":[13],"killed_by":"Spheric Guardian","ascension_level":20}