{"gold_per_floor":[111,128,128,145,164,164,182,214,263,290,290,290,290,5,5,5],"floor_reached":16,"playtime":572,"items_purged":[],"score":182,"play_id":"1bd793fc-4908-45b6-8ef1-049fb6ef6e49","local_time":"20190219170816","is_ascension_mode":true,"campfire_choices":[{"data":"Searing Blow","floor":6,"key":"SMITH"},{"data":"Searing Blow+1","floor":11,"key":"SMITH"},{"data":"Searing Blow+2","floor":13,"key":"SMITH"},{"data":"Armaments","floor":15,"key":"SMITH"}],"neow_cost":"PERCENT_DAMAGE","seed_source_timestamp":1149088362425700,"circlet_count":0,"master_deck":["AscendersBane","Strike_R","Strike_R","Defend_R","Defend_R","Defend_R","Defend_R","Bash","Fiend Fire","Clash","Searing Blow+3","Shrug It Off","Rage","Uppercut","Iron Wave","Iron Wave","Evolve","Armaments+1","Thunderclap"],"relics":["Burning Blood","Dodecahedron","Dream Catcher","Sundial","NlothsMask","ClockworkSouvenir"],"potions_floor_usage":[8,8],"damage_taken":[{"damage":7,"enemies":"Small Slimes","floor":1,"turns":4},{"damage":0,"enemies":"Cultist","floor":2,"turns":2},{"damage":0,"enemies":"2 Louse","floor":4,"turns":2},{"damage":8,"enemies":"Blue Slaver","floor":5,"turns":5},{"damage":3,"enemies":"Looter","floor":7,"turns":4},{"damage":27,"enemies":"Lagavulin","floor":8,"turns":5},{"damage":11,"enemies":"Gremlin Nob","floor":10,"turns":4},{"damage":46,"enemies":"Hexaghost","floor":16,"turns":9}],"seed_played":"-1202728694700489140","potions_obtained":[{"floor":2,"key":"BloodPotion"},{"floor":5,"key":"BloodPotion"},{"floor":8,"key":"Explosive Potion"}],"is_trial":false,"path_per_floor":["M","M","?","M","M","R","M","E","T","E","R","?","R","$","R","B"],"character_chosen":"IRONCLAD","items_purchased":["ClockworkSouvenir","Armaments","Thunderclap"],"campfire_rested":0,"item_purchase_floors":[14,14,14],"current_hp_per_floor":[50,56,49,55,53,53,56,51,51,46,46,46,46,46,46,0],"gold":5,"neow_bonus":"TRANSFORM_TWO_CARDS","is_prod":false,"is_daily":false,"chose_seed":false,"campfire_upgraded":4,"win_rate":0,"timestamp":1550624896,"path_taken":["M","M","?","M","M","R","M","E","T","E","R","?","R","$","R","BOSS"],"build_version":"2019-01-23","purchased_purges":0,"victory":false,"max_hp_per_floor":[80,80,80,80,80,80,80,80,80,80,80,80,80,80,80,80],"card_choices":[{"not_picked":["Anger","Clothesline"],"picked":"Searing Blow","floor":1},{"not_picked":["Rage","Bloodletting"],"picked":"Shrug It Off","floor":2},{"not_picked":["Sword Boomerang","Rupture"],"picked":"Rage","floor":4},{"not_picked":["Bloodletting","Combust"],"picked":"Uppercut","floor":5},{"not_picked":["Havoc","Whirlwind"],"picked":"Iron Wave","floor":7},{"not_picked":["Body Slam","Perfected Strike"],"picked":"Iron Wave","floor":8},{"not_picked":["Dark Embrace","Second Wind"],"picked":"Evolve","floor":10}],"player_experience":738742,"relics_obtained":[{"floor":8,"key":"Dodecahedron"},{"floor":9,"key":"Dream Catcher"},{"floor":10,"key":"Sundial"}],"event_choices":[{"cards_removed":["Strike_R"],"damage_healed":0,"gold_gain":0,"player_choice":"Card Removal","damage_taken":7,"max_hp_gain":0,"max_hp_loss":0,"event_name":"Golden Wing","floor":3,"gold_loss":0},{"damage_healed":0,"gold_gain":0,"player_choice":"Trade","damage_taken":0,"relics_obtained":["NlothsMask"],"max_hp_gain":0,"max_hp_loss":0,"event_name":"FaceTrader","floor":12,"gold_loss":0}],"is_beta":false,"boss_relics":[],"items_purged_floors":[],"is_endless":false,"potions_floor_spawned":[2,5,8],"killed_by":"Hexaghost","ascension_level":13}