{"gold_per_floor":[118,118,118,193,16,16,52,66,118,145,157,68,68,83,83,214,214,230,248,168,168,193,193,193],"floor_reached":24,"playtime":1450,"items_purged":[],"score":235,"play_id":"0f2ba480-1462-4012-bd6f-46c7c5a2de24","local_time":"20180928081624","is_ascension_mode":true,"campfire_choices":[{"data":"Zap","floor":6,"key":"SMITH"},{"data":"Beam Cell","floor":15,"key":"SMITH"},{"data":"White Noise","floor":23,"key":"SMITH"}],"neow_cost":"","seed_source_timestamp":404010617513868,"circlet_count":0,"master_deck":["Zap+1","Dualcast","Go for the Eyes","Turbo","Conserve Battery","Beam Cell+1","Conserve Battery","Gash","Hello World+1","Cold Snap","Creative AI+1","Rebound","Conserve Battery","White Noise+1","Rebound","Static Discharge+1","Ball Lightning","Cold Snap","White Noise","Beam Cell","Capacitor+1","Self Repair+1"],"relics":["Cracked Core","Golden Idol","Omamori","Frozen Egg 2","MawBank","Pandora\u0027s Box"],"potions_floor_usage":[7,11,16,16,24],"damage_taken":[{"damage":2,"enemies":"Jaw Worm","floor":1,"turns":3},{"damage":32,"enemies":"3 Sentries","floor":7,"turns":8},{"damage":0,"enemies":"2 Louse","floor":8,"turns":3},{"damage":0,"enemies":"Cultist","floor":10,"turns":3},{"damage":0,"enemies":"3 Louse","floor":11,"turns":1},{"damage":12,"enemies":"Exordium Thugs","floor":14,"turns":5},{"damage":11,"enemies":"The Guardian","floor":16,"turns":9},{"damage":24,"enemies":"3 Byrds","floor":18,"turns":4},{"damage":2,"enemies":"Spheric Guardian","floor":19,"turns":3},{"damage":41,"enemies":"Snecko","floor":22,"turns":5},{"damage":39,"enemies":"Gremlin Leader","floor":24,"turns":4}],"seed_played":"757426000156923918","potions_obtained":[{"floor":3,"key":"SmokeBomb"},{"floor":3,"key":"Swift Potion"},{"floor":3,"key":"Energy Potion"},{"floor":8,"key":"Strength Potion"},{"floor":22,"key":"Ancient Potion"}],"is_trial":false,"path_per_floor":["M","?","?","?","$","R","E","M","T","M","M","$","?","M","R","B",null,"M","M","$","?","M","R"],"character_chosen":"DEFECT","items_purchased":["Omamori","Turbo","Gash","Hello World+1","Capacitor+1"],"campfire_rested":0,"item_purchase_floors":[5,5,12,12,20],"current_hp_per_floor":[73,55,55,44,44,44,12,12,12,12,12,12,37,25,25,14,75,51,49,49,75,34,34,0],"gold":193,"neow_bonus":"","is_prod":false,"is_daily":false,"chose_seed":false,"campfire_upgraded":3,"win_rate":0,"timestamp":1538147784,"path_taken":["M","?","?","?","$","R","E","M","T","M","M","?","?","?","R","BOSS","M","?","$","?","?","R","E"],"build_version":"2018-09-27","purchased_purges":0,"victory":false,"max_hp_per_floor":[75,75,75,75,75,75,75,75,75,75,75,75,75,75,75,75,75,75,75,75,75,75,75,75],"card_choices":[{"not_picked":["Sweeping Beam","Blizzard"],"picked":"Go for the Eyes","floor":1},{"not_picked":["Compile Driver","Barrage"],"picked":"Conserve Battery","floor":7},{"not_picked":["Chaos","Force Field"],"picked":"Beam Cell","floor":8},{"not_picked":["Sweeping Beam","Blizzard"],"picked":"Conserve Battery","floor":10},{"not_picked":["Doom and Gloom","Skim"],"picked":"Cold Snap","floor":14},{"not_picked":["Multi-Cast","Buffer+1"],"picked":"Creative AI+1","floor":16},{"not_picked":["Barrage","Rebound"],"picked":"White Noise","floor":18},{"not_picked":["Redo","Chaos+1"],"picked":"Beam Cell","floor":19},{"not_picked":["Go for the Eyes","Compile Driver"],"picked":"Self Repair+1","floor":22}],"player_experience":182043,"relics_obtained":[{"floor":7,"key":"Frozen Egg 2"},{"floor":9,"key":"MawBank"}],"event_choices":[{"event_name":"Golden Idol","player_choice":"Take Damage","floor":2,"damage_taken":0},{"event_name":"The Lab","player_choice":"Got Potions","floor":3,"damage_taken":0},{"event_name":"World of Goop","player_choice":"Gather Gold","floor":4,"damage_taken":0},{"event_name":"Big Fish","player_choice":"Banana","floor":13,"damage_taken":0},{"event_name":"Bonfire Elementals","player_choice":"UNCOMMON","floor":21,"damage_taken":0}],"is_beta":false,"boss_relics":[{"not_picked":["Snecko Eye","Lizard Tail"],"picked":"Pandora\u0027s Box"}],"items_purged_floors":[],"is_endless":false,"potions_floor_spawned":[8,11,22],"killed_by":"Gremlin Leader","ascension_level":4}