{"gold_per_floor":[118,128,138,157,168,201,201,219,219,233,253,263,212,230,230,330,330,312,312,50,50,50,77,91,91,91,102,102],"floor_reached":28,"playtime":1815,"items_purged":["Entrench"],"score":283,"play_id":"d80bc550-1b59-4816-a204-3469c578b6fd","local_time":"20190303201154","is_ascension_mode":true,"campfire_choices":[{"data":"Offering","floor":7,"key":"SMITH"},{"data":"Whirlwind","floor":15,"key":"SMITH"},{"data":"Master of Strategy","floor":25,"key":"SMITH"}],"neow_cost":"NONE","seed_source_timestamp":5931924831560,"circlet_count":0,"master_deck":["Strike_R","Strike_R","Strike_R","Strike_R","Strike_R","Defend_R","Bash","Thunderclap","Twin Strike","Flex+1","Reaper","Seeing Red+1","Offering+1","Rage","Twin Strike","Whirlwind+1","Twin Strike","Second Wind","Double Tap","Perfected Strike","Seeing Red","Flame Barrier","Rage","Armaments","Master of Strategy+1","Second Wind","Twin Strike","Twin Strike","Seeing Red","Rupture"],"relics":["Burning Blood","NeowsBlessing","Orichalcum","War Paint","Orrery","Mummified Hand","Dodecahedron"],"potions_floor_usage":[11,11,16,23,23,27],"damage_taken":[{"damage":0,"enemies":"2 Louse","floor":1,"turns":1},{"damage":0,"enemies":"Jaw Worm","floor":2,"turns":1},{"damage":0,"enemies":"Small Slimes","floor":3,"turns":1},{"damage":10,"enemies":"2 Fungi Beasts","floor":4,"turns":4},{"damage":33,"enemies":"Lots of Slimes","floor":5,"turns":5},{"damage":48,"enemies":"3 Sentries","floor":6,"turns":9},{"damage":11,"enemies":"Red Slaver","floor":8,"turns":4},{"damage":20,"enemies":"Exordium Thugs","floor":10,"turns":4},{"damage":12,"enemies":"3 Louse","floor":11,"turns":3},{"damage":10,"enemies":"Looter","floor":12,"turns":2},{"damage":8,"enemies":"Gremlin Gang","floor":14,"turns":2},{"damage":25,"enemies":"Hexaghost","floor":16,"turns":9},{"damage":21,"enemies":"2 Thieves","floor":18,"turns":4},{"damage":63,"enemies":"Slavers","floor":23,"turns":5},{"damage":3,"enemies":"3 Byrds","floor":24,"turns":2},{"damage":7,"enemies":"Shelled Parasite and Fungi","floor":27,"turns":2},{"damage":35,"enemies":"Gremlin Leader","floor":28,"turns":3}],"seed_played":"-2951994853418206004","potions_obtained":[{"floor":4,"key":"Strength Potion"},{"floor":6,"key":"FearPotion"},{"floor":11,"key":"GamblersBrew"},{"floor":12,"key":"SkillPotion"},{"floor":14,"key":"SpeedPotion"},{"floor":18,"key":"SteroidPotion"},{"floor":23,"key":"AttackPotion"}],"is_trial":false,"path_per_floor":["M","M","M","M","M","E","R","M","T","M","M","M","$","M","R","B",null,"M","?","$","?","?","E","M","R","T","M","E"],"character_chosen":"IRONCLAD","items_purchased":["Twin Strike","Master of Strategy"],"campfire_rested":0,"item_purchase_floors":[13,20],"current_hp_per_floor":[80,80,80,76,61,31,31,32,32,26,41,43,43,41,41,28,80,65,50,50,50,50,13,16,16,16,30,0],"gold":102,"neow_bonus":"THREE_ENEMY_KILL","is_prod":false,"is_daily":false,"chose_seed":false,"campfire_upgraded":3,"win_rate":0,"timestamp":1551611514,"path_taken":["M","M","M","M","M","E","R","M","T","M","M","M","$","M","R","BOSS","M","?","$","?","?","E","M","R","T","M","E"],"build_version":"2019-01-23","purchased_purges":1,"victory":false,"max_hp_per_floor":[80,80,80,80,80,80,80,80,80,80,80,80,80,80,80,80,80,80,85,85,85,85,85,85,85,85,85,85],"card_choices":[{"not_picked":["Anger","Body Slam"],"picked":"Thunderclap","floor":1},{"not_picked":["Power Through","Clothesline"],"picked":"Twin Strike","floor":2},{"not_picked":["Clothesline","Searing Blow"],"picked":"Flex","floor":3},{"not_picked":["Anger","Intimidate"],"picked":"Reaper","floor":4},{"not_picked":["Entrench","Anger"],"picked":"Seeing Red","floor":5},{"not_picked":["Disarm","True Grit"],"picked":"Offering","floor":6},{"not_picked":["Shrug It Off","Burning Pact"],"picked":"Rage","floor":8},{"not_picked":["Clothesline","Pummel"],"picked":"Twin Strike","floor":10},{"not_picked":["Warcry","Feel No Pain"],"picked":"Whirlwind","floor":11},{"not_picked":["Body Slam","Anger"],"picked":"Entrench","floor":12},{"not_picked":["Anger","Wild Strike"],"picked":"Second Wind","floor":14},{"not_picked":["Fiend Fire","Demon Form"],"picked":"Double Tap","floor":16},{"not_picked":["Twin Strike","Clothesline"],"picked":"Perfected Strike","floor":17},{"not_picked":["Disarm","Clothesline"],"picked":"Seeing Red","floor":17},{"not_picked":["Anger","Disarm"],"picked":"Flame Barrier","floor":17},{"not_picked":["Body Slam","Anger"],"picked":"Rage","floor":17},{"not_picked":["Wild Strike","Cleave"],"picked":"Armaments","floor":17},{"not_picked":["Searing Blow+1","Carnage","Anger+1"],"picked":"SKIP","floor":18},{"not_picked":["True Grit","Shrug It Off"],"picked":"Twin Strike","floor":23},{"not_picked":["Combust","Entrench+1"],"picked":"Seeing Red","floor":24},{"not_picked":["Heavy Blade+1","Wild Strike"],"picked":"Rupture","floor":27}],"player_experience":30784,"relics_obtained":[{"floor":6,"key":"Orichalcum"},{"floor":9,"key":"War Paint"},{"floor":23,"key":"Mummified Hand"},{"floor":26,"key":"Dodecahedron"}],"event_choices":[{"damage_healed":0,"gold_gain":0,"player_choice":"Shed Blood","damage_taken":20,"max_hp_gain":5,"max_hp_loss":0,"event_name":"Forgotten Altar","floor":19,"gold_loss":0},{"damage_healed":0,"gold_gain":0,"cards_transformed":["Defend_R","Defend_R"],"player_choice":"Became Test Subject","damage_taken":0,"max_hp_gain":0,"max_hp_loss":0,"event_name":"Drug Dealer","floor":21,"gold_loss":0,"cards_obtained":["Second Wind","Twin Strike"]},{"cards_removed":["Defend_R"],"damage_healed":0,"gold_gain":0,"player_choice":"Elegance","damage_taken":0,"max_hp_gain":0,"max_hp_loss":0,"event_name":"Back to Basics","floor":22,"gold_loss":0}],"is_beta":false,"boss_relics":[{"not_picked":["Ectoplasm","Empty Cage"],"picked":"Orrery"}],"items_purged_floors":[20],"is_endless":false,"potions_floor_spawned":[4,6,11,12,14,18,23],"killed_by":"Gremlin Leader","ascension_level":1}