{"gold_per_floor":[363,42,53,53,63,94,94,122,122,133,153,153,223,256,256,332,332,344,394,444,217,267,267,298,298,298,329,343,356,356],"floor_reached":30,"playtime":1555,"items_purged":[],"score":504,"play_id":"6b2f90cd-f575-47f3-948d-bb7c7b557edd","local_time":"20180811161131","is_ascension_mode":true,"campfire_choices":[{"data":"Chaos","floor":7,"key":"SMITH"},{"floor":12,"key":"REST"},{"floor":15,"key":"REST"},{"data":"Defragment","floor":23,"key":"SMITH"},{"data":"Echo Form","floor":25,"key":"SMITH"}],"neow_cost":"TEN_PERCENT_HP_LOSS","seed_source_timestamp":2669957724783603,"circlet_count":0,"master_deck":["Strike_B+1","Strike_B+1","Strike_B+1","Strike_B+1","Defend_B+1","Defend_B+1","Defend_B+1","Defend_B+1","Zap","Dualcast","AscendersBane","Tempest","Gash","Conserve Battery","Go for the Eyes","Melter","BootSequence","Chaos+1","Self Repair","Defragment+1","Barrage","Ball Lightning","Echo Form+1","Defragment","Defragment+1","Injury","Leap+1","Compile Driver"],"relics":["Cracked Core","Runic Capacitor","SsserpentHead","Mummified Hand","Singing Bowl","Kunai","Turnip","Cursed Key","Orichalcum","Frozen Egg 2","Symbiotic Virus","Regal Pillow"],"potions_floor_usage":[10,14,16,24,30],"damage_taken":[{"damage":9,"enemies":"2 Louse","floor":1,"turns":3},{"damage":0,"enemies":"Cultist","floor":3,"turns":3},{"damage":0,"enemies":"Jaw Worm","floor":5,"turns":3},{"damage":28,"enemies":"3 Sentries","floor":6,"turns":6},{"damage":25,"enemies":"Lagavulin","floor":8,"turns":7},{"damage":0,"enemies":"Blue Slaver","floor":10,"turns":3},{"damage":4,"enemies":"2 Fungi Beasts","floor":11,"turns":4},{"damage":6,"enemies":"3 Louse","floor":13,"turns":4},{"damage":24,"enemies":"3 Sentries","floor":14,"turns":6},{"damage":15,"enemies":"The Guardian","floor":16,"turns":9},{"damage":0,"enemies":"Chosen","floor":18,"turns":4},{"damage":9,"enemies":"Gremlin Leader","floor":24,"turns":7},{"damage":38,"enemies":"Book of Stabbing","floor":27,"turns":5},{"damage":5,"enemies":"3 Byrds","floor":28,"turns":5},{"damage":10,"enemies":"Centurion and Healer","floor":29,"turns":5},{"damage":22,"enemies":"Cultist and Chosen","floor":30,"turns":6}],"seed_played":"-9012237037362374338","potions_obtained":[{"floor":1,"key":"SneckoOil"},{"floor":10,"key":"LiquidBronze"},{"floor":13,"key":"Weak Potion"},{"floor":14,"key":"Weak Potion"},{"floor":16,"key":"Energy Potion"},{"floor":27,"key":"FocusPotion"}],"is_trial":false,"path_per_floor":["M","$","M","?","M","E","R","E","T","M","M","R","M","E","R","B",null,"M","?","?","$","?","R","E","R","T","E","M","M"],"character_chosen":"DEFECT","items_purchased":["Runic Capacitor","Gash","Conserve Battery","Go for the Eyes","Defragment","Orichalcum"],"campfire_rested":2,"item_purchase_floors":[2,2,2,2,21,21],"current_hp_per_floor":[55,55,55,55,55,27,27,2,2,9,14,33,34,17,36,28,57,59,59,59,59,59,59,57,57,57,33,30,20,0],"gold":356,"neow_bonus":"TWO_FIFTY_GOLD","is_prod":false,"is_daily":false,"chose_seed":false,"campfire_upgraded":3,"win_rate":0,"timestamp":1533996691,"path_taken":["M","$","M","?","M","E","R","E","T","M","M","R","?","E","R","BOSS","M","?","?","$","?","R","E","R","T","E","M","M","M"],"build_version":"2018-08-09","purchased_purges":0,"victory":false,"max_hp_per_floor":[64,64,64,64,64,64,64,64,64,64,66,66,66,66,66,66,66,68,68,68,68,68,68,68,68,68,68,70,70,70],"card_choices":[{"not_picked":["Scrape","Redo"],"picked":"Tempest","floor":1},{"not_picked":["Hologram","Blizzard"],"picked":"Melter","floor":3},{"not_picked":["Heatsinks","Double Energy"],"picked":"BootSequence","floor":5},{"not_picked":["Reprogram","Turbo"],"picked":"Chaos","floor":6},{"not_picked":["Sweeping Beam","Gash"],"picked":"Self Repair","floor":8},{"not_picked":["Cold Snap","Barrage"],"picked":"Defragment","floor":10},{"not_picked":["Melter","Leap","Go for the Eyes"],"picked":"Singing Bowl","floor":11},{"not_picked":["Rebound","Heatsinks"],"picked":"Barrage","floor":13},{"not_picked":["Rebound","Leap"],"picked":"Ball Lightning","floor":14},{"not_picked":["Electrodynamics","All For One"],"picked":"Echo Form","floor":16},{"not_picked":["Stack","Streamline","Coolheaded"],"picked":"Singing Bowl","floor":18},{"not_picked":["White Noise","Lockon+1"],"picked":"Defragment+1","floor":24},{"not_picked":["Doom and Gloom+1","Lockon"],"picked":"Leap+1","floor":27},{"not_picked":["Skim","Biased Cognition+1","Darkness"],"picked":"Singing Bowl","floor":28},{"not_picked":["Gash","Rebound"],"picked":"Compile Driver","floor":29}],"player_experience":948910,"relics_obtained":[{"floor":6,"key":"Mummified Hand"},{"floor":8,"key":"Singing Bowl"},{"floor":9,"key":"Kunai"},{"floor":14,"key":"Turnip"},{"floor":24,"key":"Frozen Egg 2"},{"floor":26,"key":"Symbiotic Virus"},{"floor":27,"key":"Regal Pillow"}],"event_choices":[{"event_name":"FaceTrader","player_choice":"Trade","floor":4,"damage_taken":0},{"event_name":"Back to Basics","player_choice":"Simplicity","floor":19,"damage_taken":0},{"event_name":"Vampires","player_choice":"Ignored","floor":20,"damage_taken":0},{"event_name":"Ghosts","player_choice":"Ignored","floor":22,"damage_taken":0}],"is_beta":false,"boss_relics":[{"not_picked":["Astrolabe","Fusion Hammer"],"picked":"Cursed Key"}],"items_purged_floors":[],"is_endless":false,"potions_floor_spawned":[1,10,13,14,16,27,29],"killed_by":"Cultist and Chosen","ascension_level":15}