{"gold_per_floor":[211,191,116,130,140,140,175,175,175,175,185,202,202,123,123,200,200,218,231,244,258,258,269,129,129,129,44,44,77,127,141,141,218,218,238,238,258,258,558,558,589,589,589,589,101,112,112,123,123,123],"floor_reached":51,"playtime":2677,"items_purged":["Strike_B","Defend_B","Defend_B"],"score":1256,"play_id":"69d32b05-0297-40bc-b72b-26e7bf54b95c","local_time":"20180925120803","is_ascension_mode":true,"campfire_choices":[{"data":"Zap","floor":6,"key":"SMITH"},{"data":"Cold Snap","floor":8,"key":"SMITH"},{"data":"Dualcast","floor":10,"key":"SMITH"},{"data":"Capacitor","floor":15,"key":"SMITH"},{"data":"Defragment","floor":25,"key":"SMITH"},{"floor":28,"key":"REST"},{"data":"Barrage","floor":32,"key":"SMITH"},{"floor":40,"key":"REST"},{"floor":42,"key":"REST"},{"floor":44,"key":"REST"},{"floor":49,"key":"REST"}],"neow_cost":"NONE","seed_source_timestamp":926446662475897,"circlet_count":0,"master_deck":["Defend_B","Zap+1","Dualcast+1","AscendersBane","Rip and Tear","Cold Snap+1","Self Repair","BootSequence","Cold Snap+1","Capacitor+1","Electrodynamics","Conserve Battery+1","Scrape+1","Glacier+1","Barrage+1","Coolheaded","Coolheaded","Sweeping Beam+1","Cold Snap+1","Defragment+1","Coolheaded","Ball Lightning","Creative AI","Defragment+1","Madness","Madness","Capacitor","Dark Shackles"],"relics":["Cracked Core","Unceasing Top","FossilizedHelix","Astrolabe","Pen Nib","Emotion Chip","Pantograph","Fusion Hammer","Ornamental Fan","Blue Candle","Vajra"],"potions_floor_usage":[16,33,50,50],"damage_taken":[{"damage":4,"enemies":"Jaw Worm","floor":1,"turns":4},{"damage":1,"enemies":"Cultist","floor":4,"turns":3},{"damage":1,"enemies":"Small Slimes","floor":5,"turns":3},{"damage":28,"enemies":"Gremlin Nob","floor":7,"turns":4},{"damage":0,"enemies":"Looter","floor":11,"turns":2},{"damage":0,"enemies":"Red Slaver","floor":12,"turns":3},{"damage":13,"enemies":"Slime Boss","floor":16,"turns":14},{"damage":0,"enemies":"Chosen","floor":18,"turns":4},{"damage":9,"enemies":"Shell Parasite","floor":19,"turns":6},{"damage":0,"enemies":"3 Cultists","floor":20,"turns":4},{"damage":8,"enemies":"Snake Plant","floor":21,"turns":6},{"damage":16,"enemies":"Colosseum Slavers","floor":22,"turns":6},{"damage":21,"enemies":"Centurion and Healer","floor":23,"turns":5},{"damage":0,"enemies":"Gremlin Leader","floor":29,"turns":5},{"damage":0,"enemies":"Cultist and Chosen","floor":31,"turns":6},{"damage":42,"enemies":"Collector","floor":33,"turns":8},{"damage":12,"enemies":"3 Darklings","floor":35,"turns":4},{"damage":0,"enemies":"3 Shapes","floor":37,"turns":6},{"damage":32,"enemies":"2 Orb Walkers","floor":41,"turns":5},{"damage":23,"enemies":"Sphere and 2 Shapes","floor":46,"turns":4},{"damage":0,"enemies":"Spire Growth","floor":48,"turns":5},{"damage":64,"enemies":"Awakened One","floor":50,"turns":14}],"seed_played":"-7636633872832430192","potions_obtained":[{"floor":1,"key":"PowerPotion"},{"floor":2,"key":"EssenceOfSteel"},{"floor":19,"key":"Dexterity Potion"},{"floor":33,"key":"Energy Potion"},{"floor":41,"key":"SteroidPotion"}],"is_trial":false,"path_per_floor":["M","?","$","M","M","R","E","R","T","R","M","M","?","$","R","B",null,"M","M","M","M","?","M","$","R","T","?","R","E","?","M","R","B",null,"M","?","M","?","?","R","E","R","T","R","$","M","?","M","R","B"],"character_chosen":"DEFECT","items_purchased":["Capacitor","Defragment","Capacitor","Vajra","Dark Shackles"],"campfire_rested":5,"item_purchase_floors":[14,24,45,45,45],"current_hp_per_floor":[60,60,60,59,58,58,30,30,30,30,30,37,37,37,37,31,61,68,66,71,70,61,47,47,47,47,47,68,71,64,71,71,36,62,57,44,51,51,51,71,46,67,67,71,71,55,55,62,71,7],"gold":123,"neow_bonus":"HUNDRED_GOLD","is_prod":false,"is_daily":false,"chose_seed":false,"campfire_upgraded":6,"win_rate":0,"timestamp":1537891683,"path_taken":["M","?","$","M","M","R","E","R","T","R","M","M","?","$","R","BOSS","M","M","M","M","?","M","$","R","T","?","R","E","?","M","R","BOSS","M","?","M","?","?","R","E","R","T","R","$","?","?","M","R","BOSS"],"build_version":"2018-09-20","purchased_purges":3,"victory":true,"max_hp_per_floor":[71,71,71,71,71,71,71,71,71,71,71,71,71,71,71,71,71,71,71,71,71,71,71,71,71,71,71,71,71,71,71,71,71,71,71,71,71,71,71,71,71,71,71,71,71,71,71,71,71,71],"card_choices":[{"not_picked":["Auto Shields","Turbo"],"picked":"Rip and Tear","floor":1},{"not_picked":["Redo","Beam Cell"],"picked":"Cold Snap","floor":4},{"not_picked":["Steam","Hologram","Turbo"],"picked":"SKIP","floor":5},{"not_picked":["Aggregate","Reinforced Body"],"picked":"Self Repair","floor":7},{"not_picked":["Redo","Leap"],"picked":"BootSequence","floor":11},{"not_picked":["Beam Cell","Heatsinks"],"picked":"Cold Snap","floor":12},{"not_picked":["Multi-Cast","All For One"],"picked":"Electrodynamics","floor":16},{"not_picked":["Auto Shields","Sweeping Beam"],"picked":"Barrage","floor":18},{"not_picked":["Sweeping Beam","Tempest"],"picked":"Coolheaded","floor":19},{"not_picked":["Melter","Turbo"],"picked":"Coolheaded","floor":20},{"not_picked":["Gash","Lockon+1"],"picked":"Sweeping Beam+1","floor":21},{"not_picked":["Skim","Heatsinks"],"picked":"Cold Snap+1","floor":23},{"not_picked":["Sweeping Beam","Go for the Eyes"],"picked":"Coolheaded","floor":29},{"not_picked":["Hyperbeam","Auto Shields+1"],"picked":"Ball Lightning","floor":31},{"not_picked":["Rainbow","Reboot"],"picked":"Creative AI","floor":33},{"not_picked":["Beam Cell+1","Barrage+1"],"picked":"Defragment+1","floor":35},{"not_picked":["Undo","FTL","Steam Power"],"picked":"SKIP","floor":37},{"not_picked":["Coolheaded","Sunder","Stack"],"picked":"SKIP","floor":41},{"not_picked":["Fusion","Aggregate","Ball Lightning"],"picked":"SKIP","floor":46},{"not_picked":["Barrage","Beam Cell","Machine Learning"],"picked":"SKIP","floor":48}],"player_experience":259479,"relics_obtained":[{"floor":7,"key":"Unceasing Top"},{"floor":9,"key":"FossilizedHelix"},{"floor":26,"key":"Pen Nib"},{"floor":29,"key":"Pantograph"},{"floor":41,"key":"Ornamental Fan"},{"floor":43,"key":"Blue Candle"}],"event_choices":[{"event_name":"The Woman in Blue","player_choice":"Bought 1 Potion","floor":2,"damage_taken":0},{"event_name":"Upgrade Shrine","player_choice":"Upgraded","floor":13,"damage_taken":0},{"event_name":"Colosseum","player_choice":"Fight","floor":22,"damage_taken":0},{"event_name":"Colosseum","player_choice":"Fled From Nobs","floor":22,"damage_taken":0},{"event_name":"Addict","player_choice":"Obtained Relic","floor":27,"damage_taken":0},{"event_name":"FaceTrader","player_choice":"Touch","floor":30,"damage_taken":0},{"event_name":"Winding Halls","player_choice":"Embrace Madness","floor":36,"damage_taken":0},{"event_name":"Mysterious Sphere","player_choice":"Ignore","floor":38,"damage_taken":0},{"event_name":"Wheel of Change","player_choice":"Gold","floor":39,"damage_taken":0},{"event_name":"Purifier","player_choice":"One Purge","floor":47,"damage_taken":0}],"is_beta":false,"boss_relics":[{"not_picked":["Coffee Dripper","Empty Cage"],"picked":"Astrolabe"},{"not_picked":["Snecko Eye","Calling Bell"],"picked":"Fusion Hammer"}],"items_purged_floors":[3,24,45],"is_endless":false,"potions_floor_spawned":[1,4,7,12,19,20,22,33,41,46],"ascension_level":16}