{"gold_per_floor":[111,59,71,71,20,46,65,83,83,103,120,120,137,6,6,81,81,96,41,55,69,69,89,89,89,116,134,134],"floor_reached":28,"playtime":1214,"items_purged":["Strike_B"],"score":521,"play_id":"51253e76-6318-495b-a8cd-d8a310810ceb","local_time":"20190127172222","is_ascension_mode":true,"campfire_choices":[{"data":"Genetic Algorithm","floor":12,"key":"SMITH"},{"data":"Capacitor","floor":15,"key":"SMITH"},{"floor":24,"key":"REST"}],"neow_cost":"NONE","seed_source_timestamp":1471854167415900,"circlet_count":0,"master_deck":["AscendersBane","Strike_B","Strike_B","Strike_B","Defend_B","Defend_B","Defend_B","Defend_B","Zap","Dualcast","Conserve Battery","Gash","Go for the Eyes","Ball Lightning","Reboot","Genetic Algorithm+1","FTL","Capacitor+1","Ball Lightning","Cold Snap","Electrodynamics","Hologram","Redo","White Noise+1","Coolheaded"],"relics":["Cracked Core","NeowsBlessing","CultistMask","Cables","Symbiotic Virus","Philosopher\u0027s Stone","Anchor"],"potions_floor_usage":[10,16,16,28],"damage_taken":[{"damage":0,"enemies":"Small Slimes","floor":1,"turns":1},{"damage":0,"enemies":"Cultist","floor":3,"turns":1},{"damage":0,"enemies":"Lagavulin","floor":6,"turns":1},{"damage":7,"enemies":"Jaw Worm","floor":7,"turns":2},{"damage":4,"enemies":"Red Slaver","floor":8,"turns":3},{"damage":14,"enemies":"Gremlin Gang","floor":10,"turns":4},{"damage":15,"enemies":"3 Louse","floor":11,"turns":3},{"damage":8,"enemies":"Looter","floor":13,"turns":3},{"damage":1,"enemies":"The Guardian","floor":16,"turns":8},{"damage":14,"enemies":"Shell Parasite","floor":18,"turns":4},{"damage":18,"enemies":"Spheric Guardian","floor":20,"turns":4},{"damage":11,"enemies":"Centurion and Healer","floor":21,"turns":4},{"damage":0,"enemies":"Snake Plant","floor":23,"turns":4},{"damage":23,"enemies":"Chosen and Byrds","floor":27,"turns":5},{"damage":3,"enemies":"Centurion and Healer","floor":28,"turns":2}],"seed_played":"4652913975330448282","potions_obtained":[{"floor":3,"key":"PowerPotion"},{"floor":10,"key":"FocusPotion"},{"floor":11,"key":"LiquidBronze"},{"floor":16,"key":"SteroidPotion"},{"floor":18,"key":"Dexterity Potion"}],"is_trial":false,"path_per_floor":["M","$","M","?","$","E","M","M","T","M","M","R","M","$","R","B",null,"M","$","M","M","?","M","R","?","T","M","M"],"character_chosen":"DEFECT","items_purchased":["Gash","Ball Lightning","Cold Snap","Redo"],"campfire_rested":1,"item_purchase_floors":[2,5,14,19],"current_hp_per_floor":[64,64,64,64,64,64,57,53,53,39,24,24,16,16,16,15,57,43,43,25,14,5,5,26,26,26,3,0],"gold":134,"neow_bonus":"THREE_ENEMY_KILL","is_prod":false,"is_daily":false,"chose_seed":false,"campfire_upgraded":2,"win_rate":0,"timestamp":1548638542,"path_taken":["M","$","M","?","?","E","M","M","T","M","?","R","M","?","R","BOSS","M","$","M","?","?","M","R","?","T","M","?"],"build_version":"2019-01-23","purchased_purges":1,"victory":false,"max_hp_per_floor":[71,71,71,71,71,71,71,71,71,71,71,71,71,71,71,71,71,71,71,71,71,71,71,71,71,71,71,71],"card_choices":[{"not_picked":["Redo","Turbo"],"picked":"Conserve Battery","floor":1},{"not_picked":["Conserve Battery","Hello World"],"picked":"Go for the Eyes","floor":3},{"not_picked":["Redo","Undo"],"picked":"Reboot","floor":6},{"not_picked":["Rebound","Redo","Beam Cell"],"picked":"SKIP","floor":7},{"not_picked":["Rebound","Redo","Beam Cell"],"picked":"SKIP","floor":7},{"not_picked":["Chaos","Auto Shields"],"picked":"Genetic Algorithm","floor":8},{"not_picked":["Darkness","Conserve Battery"],"picked":"FTL","floor":10},{"not_picked":["Leap","Stack"],"picked":"Capacitor","floor":11},{"not_picked":["Stack","Barrage"],"picked":"Ball Lightning","floor":13},{"not_picked":["Fission","Meteor Strike"],"picked":"Electrodynamics","floor":16},{"not_picked":["Streamline","Go for the Eyes"],"picked":"Hologram","floor":18},{"not_picked":["Leap","Redo"],"picked":"White Noise","floor":20},{"not_picked":["Cold Snap","Rebound+1"],"picked":"Coolheaded","floor":21},{"not_picked":["Steam Power","Auto Shields","Heatsinks"],"picked":"SKIP","floor":23},{"not_picked":["Beam Cell","Steam Power","Melter"],"picked":"SKIP","floor":27}],"player_experience":596113,"relics_obtained":[{"floor":6,"key":"Cables"},{"floor":9,"key":"Symbiotic Virus"},{"floor":26,"key":"Anchor"}],"event_choices":[{"damage_healed":0,"gold_gain":0,"player_choice":"Trade","damage_taken":0,"relics_obtained":["CultistMask"],"max_hp_gain":0,"max_hp_loss":0,"event_name":"FaceTrader","floor":4,"gold_loss":0},{"damage_healed":0,"gold_gain":0,"player_choice":"Stopped","damage_taken":9,"max_hp_gain":0,"max_hp_loss":0,"event_name":"Cursed Tome","floor":22,"gold_loss":0},{"damage_healed":0,"gold_gain":0,"player_choice":"Upgraded","damage_taken":0,"max_hp_gain":0,"max_hp_loss":0,"event_name":"Upgrade Shrine","floor":25,"gold_loss":0,"cards_upgraded":["White Noise"]}],"is_beta":false,"boss_relics":[{"not_picked":["Runic Dome","Pandora\u0027s Box"],"picked":"Philosopher\u0027s Stone"}],"items_purged_floors":[14],"is_endless":false,"potions_floor_spawned":[3,10,11,16,18],"killed_by":"Centurion and Healer","ascension_level":18}