{"gold_per_floor":[109,126,138,150,150,150,150,150,195,195,209,19,19,39,39,139,139,157,157,167,167,177,177,207,217,243,59,59],"floor_reached":28,"playtime":933,"items_purged":["Strike_R"],"score":230,"play_id":"2cf9f355-b972-4d5e-9764-09801f6eaf88","local_time":"20190307015308","is_ascension_mode":false,"campfire_choices":[{"data":"Hemokinesis","floor":6,"key":"SMITH"},{"data":"Wild Strike","floor":8,"key":"SMITH"},{"data":"Perfected Strike","floor":10,"key":"SMITH"},{"data":"Bludgeon","floor":15,"key":"SMITH"},{"data":"Evolve","floor":23,"key":"SMITH"}],"neow_cost":"NONE","seed_source_timestamp":2476234811985800,"circlet_count":0,"master_deck":["Strike_R","Strike_R","Strike_R","Defend_R","Defend_R","Defend_R","Defend_R","Bash+1","Wild Strike+1","Clothesline+1","Hemokinesis+1","Perfected Strike+1","Clothesline","Bludgeon+1","Armaments+1","Bludgeon","Flame Barrier","Battle Trance","Evolve+1","Dark Embrace","Warcry+1","Flame Barrier","Rupture"],"relics":["Snecko Eye"],"potions_floor_usage":[24,24,25],"damage_taken":[{"damage":1,"enemies":"Cultist","floor":1,"turns":4},{"damage":1,"enemies":"Small Slimes","floor":2,"turns":4},{"damage":0,"enemies":"Jaw Worm","floor":3,"turns":1},{"damage":8,"enemies":"Large Slime","floor":4,"turns":5},{"damage":0,"enemies":"2 Fungi Beasts","floor":11,"turns":2},{"damage":6,"enemies":"Gremlin Gang","floor":14,"turns":4},{"damage":13,"enemies":"The Guardian","floor":16,"turns":5},{"damage":2,"enemies":"Chosen","floor":18,"turns":3},{"damage":5,"enemies":"Spheric Guardian","floor":20,"turns":3},{"damage":5,"enemies":"Centurion and Healer","floor":22,"turns":2},{"damage":19,"enemies":"Gremlin Leader","floor":24,"turns":4},{"damage":36,"enemies":"Cultist and Chosen","floor":25,"turns":8},{"damage":7,"enemies":"Snake Plant","floor":28,"turns":2}],"seed_played":"148768595897871914","potions_obtained":[{"floor":2,"key":"AttackPotion"},{"floor":4,"key":"Regen Potion"},{"floor":18,"key":"Energy Potion"},{"floor":24,"key":"Strength Potion"}],"is_trial":false,"path_per_floor":["M","M","M","M","?","R","?","R","T","R","M","$","?","M","R","B",null,"M","?","M","?","M","R","E","M","T","$","M"],"character_chosen":"IRONCLAD","items_purchased":["Bludgeon","Armaments","Flame Barrier","Rupture"],"campfire_rested":0,"item_purchase_floors":[12,12,27,27],"current_hp_per_floor":[79,78,78,70,54,54,59,59,59,59,59,59,59,53,53,40,85,83,67,62,62,57,57,38,7,7,7,0],"gold":59,"neow_bonus":"BOSS_RELIC","is_prod":false,"is_daily":false,"chose_seed":false,"campfire_upgraded":5,"win_rate":0,"timestamp":1551952388,"path_taken":["M","M","M","M","?","R","?","R","T","R","M","?","?","M","R","BOSS","M","?","M","?","M","R","E","M","T","$","M"],"build_version":"2019-01-23","purchased_purges":1,"victory":false,"max_hp_per_floor":[80,80,80,80,80,80,85,85,85,85,85,85,85,85,85,85,85,85,90,90,90,90,90,90,90,90,90,90],"card_choices":[{"not_picked":["Warcry","Pommel Strike"],"picked":"Wild Strike","floor":1},{"not_picked":["Power Through","Iron Wave"],"picked":"Clothesline","floor":2},{"not_picked":["Flex","Sentinel"],"picked":"Hemokinesis","floor":3},{"not_picked":["Blood for Blood","Clash"],"picked":"Perfected Strike","floor":4},{"not_picked":["Bloodletting","Clash"],"picked":"Clothesline","floor":11},{"not_picked":["Iron Wave","Feel No Pain","Twin Strike"],"picked":"SKIP","floor":14},{"not_picked":["Fiend Fire","Barricade"],"picked":"Bludgeon","floor":16},{"not_picked":["Burning Pact","Bloodletting"],"picked":"Flame Barrier","floor":18},{"not_picked":["Perfected Strike","Iron Wave"],"picked":"Battle Trance","floor":20},{"not_picked":["Havoc","Fire Breathing"],"picked":"Evolve","floor":22},{"not_picked":["Warcry","Havoc"],"picked":"Dark Embrace","floor":24},{"not_picked":["Fire Breathing+1","True Grit"],"picked":"Warcry+1","floor":25}],"player_experience":808217,"relics_obtained":[],"event_choices":[{"damage_healed":0,"gold_gain":0,"player_choice":"Entered Light","damage_taken":16,"max_hp_gain":0,"max_hp_loss":0,"event_name":"Shining Light","floor":5,"gold_loss":0,"cards_upgraded":["Clothesline","Bash"]},{"damage_healed":0,"gold_gain":0,"player_choice":"Donut","damage_taken":0,"max_hp_gain":5,"max_hp_loss":0,"event_name":"Big Fish","floor":7,"gold_loss":0},{"damage_healed":0,"gold_gain":0,"player_choice":"Grow","damage_taken":0,"max_hp_gain":0,"max_hp_loss":0,"event_name":"Living Wall","floor":13,"gold_loss":0,"cards_upgraded":["Armaments"]},{"damage_healed":0,"gold_gain":0,"player_choice":"Shed Blood","damage_taken":21,"max_hp_gain":5,"max_hp_loss":0,"event_name":"Forgotten Altar","floor":19,"gold_loss":0},{"cards_removed":["Strike_R"],"damage_healed":0,"gold_gain":0,"player_choice":"Offered Basic","damage_taken":0,"max_hp_gain":0,"max_hp_loss":0,"event_name":"Bonfire Elementals","floor":21,"gold_loss":0}],"is_beta":false,"boss_relics":[{"not_picked":["Ectoplasm","Pandora\u0027s Box","Lizard Tail"]}],"items_purged_floors":[27],"is_endless":false,"potions_floor_spawned":[2,4,18,24],"killed_by":"Snake Plant","ascension_level":0}