{"gold_per_floor":[116,116,41,56,67,93,107,142,142,142],"floor_reached":10,"playtime":518,"items_purged":["Regret"],"score":156,"play_id":"44f9aea9-bef5-4962-b33e-0e6165a9fdd1","local_time":"20190304195040","is_ascension_mode":true,"campfire_choices":[],"neow_cost":"TEN_PERCENT_HP_LOSS","seed_source_timestamp":63102828137597,"circlet_count":0,"master_deck":["AscendersBane","Strike_B","Strike_B","Defend_B","Defend_B","Defend_B","Defend_B","Zap","Dualcast","Auto Shields","Consume","Cold Snap","Echo Form","Defragment","Streamline"],"special_seed":0,"relics":["Cracked Core","Unceasing Top","Ornamental Fan","Peace Pipe","StoneCalendar"],"potions_floor_usage":[10],"damage_taken":[{"damage":0.0,"enemies":"Jaw Worm","floor":1.0,"turns":5.0},{"damage":0.0,"enemies":"2 Louse","floor":4.0,"turns":3.0},{"damage":0.0,"enemies":"Cultist","floor":5.0,"turns":4.0},{"damage":32.0,"enemies":"3 Sentries","floor":6.0,"turns":14.0},{"damage":6.0,"enemies":"Large Slime","floor":7.0,"turns":9.0},{"damage":22.0,"enemies":"Lagavulin","floor":8.0,"turns":9.0},{"damage":0,"enemies":"3 Sentries","floor":10,"turns":2}],"seed_played":"4052317447066294994","potions_obtained":[{"floor":1.0,"key":"FearPotion"},{"floor":4.0,"key":"Strength Potion"},{"floor":8.0,"key":"Block Potion"}],"is_trial":false,"path_per_floor":["M","?","$","M","M","E","M","E","T","E"],"character_chosen":"DEFECT","items_purchased":[],"campfire_rested":0,"item_purchase_floors":[],"current_hp_per_floor":[64,64,64,64,64,32,26,4,4,4],"gold":142,"neow_bonus":"REMOVE_TWO","is_prod":false,"is_daily":false,"chose_seed":false,"campfire_upgraded":0,"win_rate":0,"timestamp":1551747040,"path_taken":["M","?","$","M","M","E","M","E","T","E"],"build_version":"2019-01-23","purchased_purges":1,"victory":false,"max_hp_per_floor":[64,64,64,64,64,64,64,64,64,64],"card_choices":[{"not_picked":["Stack","Coolheaded"],"picked":"Auto Shields","floor":1.0},{"not_picked":["Go for the Eyes","Tempest"],"picked":"Consume","floor":4.0},{"not_picked":["Coolheaded","Stack"],"picked":"Cold Snap","floor":5.0},{"not_picked":["Sweeping Beam","Hologram"],"picked":"Echo Form","floor":6.0},{"not_picked":["Beam Cell","Stack"],"picked":"Defragment","floor":7.0},{"not_picked":["Stack","Scrape"],"picked":"Streamline","floor":8.0}],"player_experience":679788,"relics_obtained":[{"floor":6.0,"key":"Ornamental Fan"},{"floor":8.0,"key":"Peace Pipe"},{"floor":9.0,"key":"StoneCalendar"}],"event_choices":[{"damage_healed":0.0,"max_hp_gain":0.0,"max_hp_loss":0.0,"gold_gain":0.0,"event_name":"Big Fish","player_choice":"Box","floor":2.0,"gold_loss":0.0,"damage_taken":0.0,"relics_obtained":["Unceasing Top"],"cards_obtained":["Regret"]}],"is_beta":false,"boss_relics":[],"items_purged_floors":[3],"is_endless":false,"potions_floor_spawned":[1,4,8],"killed_by":"3 Sentries","ascension_level":20}