{"path_per_floor":["M","?","?","M","M","R","?","T","T","$","M","$","R","M","R","B",null,"M","$","?","?","M","R"],"character_chosen":"THE_SILENT","items_purchased":["Bottled Lightning","Happy Flower","Bandage Up"],"gold_per_floor":[99,99,99,118,136,136,386,386,386,135,147,0,0,12,12,116,116,132,31,31,31,42,42,42],"floor_reached":24,"campfire_rested":1,"playtime":1666,"current_hp_per_floor":[70,63,63,63,63,63,63,63,63,63,62,62,62,50,70,40,70,70,70,35,31,30,30,0],"items_purged":[],"gold":42,"score":210,"play_id":"f718c70b-094e-4d68-8ddd-a08c9d7ee814","local_time":"20180404180727","is_prod":false,"is_daily":false,"is_ascension_mode":false,"campfire_upgraded":3,"timestamp":1522829247,"path_taken":["M","?","?","M","?","R","?","?","T","?","?","$","R","M","R","BOSS","M","$","?","?","M","R","E"],"build_version":"2018-03-29v2","purchased_purges":0,"victory":false,"master_deck":["Defend_G","Defend_G","Defend_G","Defend_G","Defend_G","Strike_G","Strike_G","Strike_G","Strike_G","Strike_G","Neutralize","Poisoned Stab+1","Backflip","Dagger Spray+1","Finisher+1","Regret","Escape Plan","Slice","Storm of Steel+1","Catalyst+1","Bandage Up","Ghostly","Ghostly","Ghostly","Ghostly","Ghostly","Dagger Spray+1"],"max_hp_per_floor":[70,70,70,70,70,70,70,70,70,70,70,70,70,70,70,70,70,70,70,35,40,40,40,40],"relics":["Ring of the Snake","Unceasing Top","Bronze Scales","Bottled Lightning","Happy Flower","Sozu"],"card_choices":[{"not_picked":["Dagger Throw","Acrobatics"],"picked":"Poisoned Stab","floor":0},{"not_picked":["Flying Knee","Dagger Throw"],"picked":"Backflip","floor":1},{"not_picked":["Corpse Explosion","Poisoned Stab"],"picked":"Dagger Spray","floor":4},{"not_picked":["Prepared","Quick Slash"],"picked":"Finisher","floor":5},{"not_picked":["Underhanded Strike","Dodge and Roll"],"picked":"Escape Plan","floor":11},{"not_picked":["Dodge and Roll","Wraith Form"],"picked":"Slice","floor":14},{"not_picked":["Envenom","A Thousand Cuts"],"picked":"Storm of Steel","floor":16},{"not_picked":["Cloak And Dagger","Blur"],"picked":"Catalyst","floor":18},{"not_picked":["Dodge and Roll","Bane"],"picked":"Dagger Spray","floor":22}],"player_experience":74318,"potions_floor_usage":[22,24],"damage_taken":[{"damage":0,"enemies":"2 Louse","floor":1,"turns":3},{"damage":0,"enemies":"Jaw Worm","floor":4,"turns":3},{"damage":0,"enemies":"Cultist","floor":5,"turns":3},{"damage":1,"enemies":"3 Louse","floor":11,"turns":2},{"damage":12,"enemies":"Exordium Thugs","floor":14,"turns":3},{"damage":30,"enemies":"Slime Boss","floor":16,"turns":7},{"damage":0,"enemies":"3 Byrds","floor":18,"turns":3},{"damage":5,"enemies":"Spheric Guardian","floor":22,"turns":5},{"damage":44,"enemies":"Gremlin Leader","floor":24,"turns":6}],"event_choices":[{"event_name":"Golden Wing","player_choice":"Card Removal","floor":2,"damage_taken":0},{"event_name":"Upgrade Shrine","player_choice":"Upgraded","floor":3,"damage_taken":0},{"event_name":"Golden Shrine","player_choice":"Desecrate","floor":7,"damage_taken":0},{"event_name":"Ghosts","player_choice":"Became a Ghost","floor":20,"damage_taken":0},{"event_name":"Forgotten Altar","player_choice":"Shed Blood","floor":21,"damage_taken":0}],"boss_relics":[{"not_picked":["Black Star","Tiny House"],"picked":"Sozu"}],"potions_floor_spawned":[5,11,14,18,22],"seed_played":"19000975423919025","killed_by":"Gremlin Leader","ascension_level":0,"is_trial":false}