{"gold_per_floor":[219,219,219,294,307,334,334,364,364,364,27,54,54,73,73,147,147,157,190,200,250,268,268,285,318,342,342],"floor_reached":27,"playtime":1357,"items_purged":[],"score":436,"play_id":"a6a6d8aa-7ffe-4f1b-b8fd-02aa68b6b3d5","local_time":"20180807230949","is_ascension_mode":true,"campfire_choices":[{"data":"Chaos","floor":7,"key":"SMITH"},{"floor":10,"key":"REST"},{"floor":13,"key":"REST"},{"data":"Hologram","floor":15,"key":"SMITH"},{"floor":23,"key":"REST"}],"neow_cost":"NONE","seed_source_timestamp":2349651195671406,"circlet_count":0,"master_deck":["Strike_B","Strike_B","Strike_B","Strike_B","Defend_B","Defend_B","Defend_B","Defend_B","Zap+1","Dualcast","AscendersBane","Compile Driver","Ball Lightning","Chaos+1","Leap","Self Repair+1","Hologram+1","Defragment+1","Machine Learning+1","Sunder","Genetic Algorithm","Capacitor+1","Go for the Eyes+1","Ball Lightning","Loop+1"],"relics":["Cracked Core","Bottled Lightning","Question Card","Peace Pipe","Frozen Egg 2","Potion Belt","Velvet Choker","Red Mask","Gremlin Horn","Dream Catcher"],"potions_floor_usage":[6,25,25],"damage_taken":[{"damage":1,"enemies":"Cultist","floor":1,"turns":3},{"damage":1,"enemies":"2 Louse","floor":5,"turns":2},{"damage":5,"enemies":"Lagavulin","floor":6,"turns":4},{"damage":28,"enemies":"Gremlin Nob","floor":8,"turns":4},{"damage":22,"enemies":"3 Sentries","floor":12,"turns":6},{"damage":12,"enemies":"Small Slimes","floor":14,"turns":3},{"damage":28,"enemies":"Slime Boss","floor":16,"turns":9},{"damage":0,"enemies":"Spheric Guardian","floor":18,"turns":3},{"damage":41,"floor":19,"turns":4},{"damage":12,"enemies":"2 Thieves","floor":20,"turns":4},{"damage":16,"enemies":"Slaver and Parasite","floor":22,"turns":7},{"damage":12,"enemies":"Snecko","floor":24,"turns":5},{"damage":15,"enemies":"Gremlin Leader","floor":25,"turns":7},{"damage":52,"enemies":"Slavers","floor":27,"turns":4}],"seed_played":"-3976890030356870711","potions_obtained":[{"floor":5,"key":"AttackPotion"},{"floor":16,"key":"SpeedPotion"},{"floor":20,"key":"Dexterity Potion"},{"floor":24,"key":"Regen Potion"},{"floor":25,"key":"Energy Potion"}],"is_trial":false,"path_per_floor":["M","?","?","?","M","E","R","E","T","R","$","E","R","M","R","B",null,"M","?","M","?","M","R","M","E","T"],"character_chosen":"DEFECT","items_purchased":["Frozen Egg 2","Self Repair+1"],"campfire_rested":3,"item_purchase_floors":[11,11],"current_hp_per_floor":[63,63,63,52,51,46,46,18,18,39,39,27,48,46,46,28,60,70,29,27,27,21,42,40,50,50,0],"gold":342,"neow_bonus":"HUNDRED_GOLD","is_prod":false,"is_daily":false,"chose_seed":false,"campfire_upgraded":2,"win_rate":0,"timestamp":1533676189,"path_taken":["M","?","?","?","M","E","R","E","T","R","$","E","R","M","R","BOSS","M","?","?","?","M","R","M","E","T","E"],"build_version":"2018-08-02","purchased_purges":0,"victory":false,"max_hp_per_floor":[71,71,71,71,71,71,71,71,71,71,71,71,71,71,71,71,71,71,71,71,71,71,71,71,71,71,71],"card_choices":[{"not_picked":["Gash","Hello World"],"picked":"Compile Driver","floor":1},{"not_picked":["Stack","Cold Snap"],"picked":"Ball Lightning","floor":5},{"not_picked":["Sweeping Beam","Barrage"],"picked":"Chaos","floor":6},{"not_picked":["Sunder","Gash"],"picked":"Leap","floor":8},{"not_picked":["Melter","Steam Power","Amplify"],"picked":"Hologram","floor":12},{"not_picked":["Gash","Beam Cell","Reprogram"],"picked":"Defragment+1","floor":14},{"not_picked":["Seek","Meteor Strike","All For One"],"picked":"Machine Learning+1","floor":16},{"not_picked":["Coolheaded","Heatsinks+1","Lockon+1"],"picked":"Sunder","floor":18},{"not_picked":["Coolheaded+1","Auto Shields+1","Compile Driver+1"],"picked":"Genetic Algorithm","floor":19},{"not_picked":["Sweeping Beam+1","Stack","Beam Cell"],"picked":"Capacitor+1","floor":20},{"not_picked":["Turbo","Static Discharge+1","Gash"],"picked":"Go for the Eyes+1","floor":22},{"not_picked":["Stack","Gash","Undo"],"picked":"Ball Lightning","floor":24},{"not_picked":["Go for the Eyes","Double Energy","Gash"],"picked":"Loop+1","floor":25}],"player_experience":923180,"relics_obtained":[{"floor":6,"key":"Bottled Lightning"},{"floor":8,"key":"Question Card"},{"floor":9,"key":"Peace Pipe"},{"floor":12,"key":"Potion Belt"},{"floor":19,"key":"Red Mask"},{"floor":25,"key":"Gremlin Horn"},{"floor":26,"key":"Dream Catcher"}],"event_choices":[{"event_name":"Living Wall","player_choice":"Grow","floor":2,"damage_taken":0},{"event_name":"Golden Idol","player_choice":"Ignored","floor":3,"damage_taken":0},{"event_name":"World of Goop","player_choice":"Gather Gold","floor":4,"damage_taken":0},{"event_name":"Masked Bandits","player_choice":"Fought over 157 gold","floor":19,"damage_taken":0},{"event_name":"Nest","player_choice":"Stole From Cult","floor":21,"damage_taken":0}],"is_beta":false,"boss_relics":[{"not_picked":["FrozenCore","White Beast Statue"],"picked":"Velvet Choker"}],"items_purged_floors":[],"is_endless":false,"potions_floor_spawned":[5,16,20,24,25],"killed_by":"Slavers","ascension_level":15}