{"gold_per_floor":[112,112,176,188,256,256,329,399,425,445,472,358,388,458,458,458],"floor_reached":16,"playtime":414,"items_purged":["Strike_B"],"score":208,"play_id":"427891e0-3d02-4b3d-9d7d-a1942d99de47","local_time":"20190123160910","is_ascension_mode":true,"campfire_choices":[{"data":"Zap","floor":6,"key":"SMITH"},{"floor":15,"key":"RECALL"}],"neow_cost":"NONE","seed_source_timestamp":1255935757844214,"circlet_count":0,"master_deck":["AscendersBane","Strike_B","Strike_B","Strike_B","Defend_B+1","Defend_B","Defend_B+1","Defend_B","Zap+1","Dualcast","Cold Snap","Skim","Gash","Scrape","Hologram","Seek","Steam Power","Go for the Eyes"],"relics":["Cracked Core","NeowsBlessing","SsserpentHead","Oddly Smooth Stone","War Paint","Anchor"],"potions_floor_usage":[],"damage_taken":[{"damage":0,"enemies":"Jaw Worm","floor":1,"turns":1},{"damage":0,"enemies":"Cultist","floor":3,"turns":1},{"damage":0,"enemies":"Small Slimes","floor":4,"turns":1},{"damage":23,"enemies":"Exordium Thugs","floor":5,"turns":6},{"damage":5,"enemies":"Looter","floor":8,"turns":3},{"damage":12,"enemies":"2 Fungi Beasts","floor":10,"turns":3},{"damage":15,"enemies":"Lagavulin","floor":11,"turns":6},{"damage":6,"enemies":"3 Louse","floor":14,"turns":3},{"damage":0,"enemies":"The Guardian","floor":16,"turns":1}],"seed_played":"-5530441144177885038","potions_obtained":[{"floor":1,"key":"Swift Potion"},{"floor":3,"key":"SteroidPotion"},{"floor":4,"key":"FocusPotion"}],"is_trial":false,"path_per_floor":["M","?","M","M","M","R","T","M","T","M","E","$","?","M","R","B"],"character_chosen":"DEFECT","items_purchased":["Steam Power"],"campfire_rested":0,"item_purchase_floors":[12],"current_hp_per_floor":[64,64,64,64,41,41,41,36,36,24,9,9,9,3,3,3],"gold":458,"neow_bonus":"THREE_ENEMY_KILL","is_prod":false,"is_daily":false,"chose_seed":false,"campfire_upgraded":1,"win_rate":0,"timestamp":1548277750,"path_taken":["M","?","?","M","?","R","?","?","T","M","E","$","?","?","R","BOSS"],"build_version":"2019-01-23","purchased_purges":1,"victory":false,"max_hp_per_floor":[71,71,71,71,71,71,71,71,71,71,71,71,71,71,71,71],"card_choices":[{"not_picked":["Sweeping Beam","Reprogram"],"picked":"Cold Snap","floor":1},{"not_picked":["Stack","Chill"],"picked":"Skim","floor":3},{"not_picked":["Leap","Double Energy"],"picked":"Gash","floor":4},{"not_picked":["Sweeping Beam","Beam Cell"],"picked":"Scrape","floor":5},{"not_picked":["Blizzard","Leap","Redo"],"picked":"SKIP","floor":8},{"not_picked":["Barrage","Cold Snap"],"picked":"Hologram","floor":10},{"not_picked":["Rebound","Recycle"],"picked":"Seek","floor":11},{"not_picked":["Stack","Ball Lightning"],"picked":"Go for the Eyes","floor":14}],"player_experience":498724,"relics_obtained":[{"floor":7,"key":"Oddly Smooth Stone"},{"floor":9,"key":"War Paint"},{"floor":11,"key":"Anchor"}],"event_choices":[{"damage_healed":0,"gold_gain":0,"player_choice":"Trade","damage_taken":0,"relics_obtained":["SsserpentHead"],"max_hp_gain":0,"max_hp_loss":0,"event_name":"FaceTrader","floor":2,"gold_loss":0},{"damage_healed":0,"gold_gain":0,"player_choice":"Bought 1 Potion","damage_taken":0,"max_hp_gain":0,"max_hp_loss":0,"event_name":"The Woman in Blue","floor":13,"gold_loss":0}],"is_beta":true,"boss_relics":[],"items_purged_floors":[12],"is_endless":false,"potions_floor_spawned":[1,3,4,10],"killed_by":"The Guardian","ascension_level":20}