{"gold_per_floor":[115,290,306,316,92,92,127,127,208,208,233,233,246,276,276,276],"floor_reached":16,"playtime":632,"items_purged":["Doubt"],"score":177,"play_id":"f8b040a9-7362-4f2e-875e-bb52265bddd6","local_time":"20190303160949","is_ascension_mode":true,"campfire_choices":[{"floor":8,"key":"REST"},{"floor":12,"key":"REST"},{"floor":15,"key":"REST"}],"neow_cost":"NONE","seed_source_timestamp":225962977432888,"circlet_count":0,"master_deck":["AscendersBane","Strike_R+1","Strike_R","Strike_R","Strike_R","Defend_R","Defend_R","Defend_R","Defend_R+1","Bash","Dropkick","Thunderclap","Iron Wave","Clothesline","Armaments","Rage","Seeing Red"],"special_seed":0,"relics":["Burning Blood","Potion Belt","Centennial Puzzle","Letter Opener","Thread and Needle","Champion Belt"],"potions_floor_usage":[11,16,16],"damage_taken":[{"damage":16.0,"enemies":"Jaw Worm","floor":1.0,"turns":5.0},{"damage":5,"enemies":"2 Louse","floor":3,"turns":3},{"damage":14,"enemies":"Small Slimes","floor":4,"turns":4},{"damage":32,"enemies":"Gremlin Nob","floor":7,"turns":4},{"damage":23,"enemies":"Lagavulin","floor":11,"turns":8},{"damage":1,"enemies":"2 Fungi Beasts","floor":13,"turns":3},{"damage":16,"enemies":"Gremlin Nob","floor":14,"turns":4},{"damage":83,"enemies":"Slime Boss","floor":16,"turns":13}],"seed_played":"551021883192308642","potions_obtained":[{"floor":3,"key":"Swift Potion"},{"floor":7,"key":"Explosive Potion"},{"floor":14,"key":"FearPotion"}],"is_trial":false,"path_per_floor":["M","?","M","M","$","?","E","R","T","?","E","R","M","E","R","B"],"character_chosen":"IRONCLAD","items_purchased":["Potion Belt"],"campfire_rested":3,"item_purchase_floors":[5],"current_hp_per_floor":[70,70,71,63,63,56,30,56,56,38,21,47,52,42,68,0],"gold":276,"neow_bonus":"TEN_PERCENT_HP_BONUS","is_prod":false,"is_daily":false,"chose_seed":false,"campfire_upgraded":0,"win_rate":0,"timestamp":1551647389,"path_taken":["M","?","M","M","$","?","E","R","T","?","E","R","M","E","R","BOSS"],"build_version":"2019-01-23","purchased_purges":1,"victory":false,"max_hp_per_floor":[88,88,88,88,88,88,88,88,88,88,88,88,88,88,88,88],"card_choices":[{"not_picked":["Sword Boomerang","Wild Strike"],"picked":"Dropkick","floor":1.0},{"not_picked":["Iron Wave","Sword Boomerang"],"picked":"Thunderclap","floor":3},{"not_picked":["Body Slam","Hemokinesis"],"picked":"Iron Wave","floor":4},{"not_picked":["Armaments","Hemokinesis"],"picked":"Clothesline","floor":7},{"not_picked":["Brutality","Headbutt"],"picked":"Armaments","floor":11},{"not_picked":["Sword Boomerang","Entrench"],"picked":"Rage","floor":13},{"not_picked":["Dual Wield","Reckless Charge"],"picked":"Seeing Red","floor":14}],"player_experience":268213,"relics_obtained":[{"floor":7,"key":"Centennial Puzzle"},{"floor":9,"key":"Letter Opener"},{"floor":11,"key":"Thread and Needle"},{"floor":14,"key":"Champion Belt"}],"event_choices":[{"damage_healed":0,"gold_gain":175,"player_choice":"AGREE","damage_taken":0,"max_hp_gain":0,"max_hp_loss":0,"event_name":"Liars Game","floor":2,"gold_loss":0,"cards_obtained":["Doubt"]},{"cards_removed":["Strike_R"],"damage_healed":0,"gold_gain":0,"player_choice":"Card Removal","damage_taken":7,"max_hp_gain":0,"max_hp_loss":0,"event_name":"Golden Wing","floor":6,"gold_loss":0},{"damage_healed":0,"gold_gain":0,"player_choice":"Entered Light","damage_taken":18,"max_hp_gain":0,"max_hp_loss":0,"event_name":"Shining Light","floor":10,"gold_loss":0,"cards_upgraded":["Strike_R","Defend_R"]}],"is_beta":false,"boss_relics":[],"items_purged_floors":[5],"is_endless":false,"potions_floor_spawned":[3,7,14],"killed_by":"Slime Boss","ascension_level":10}