{"gold_per_floor":[119,119,119,119,133,4,19,52,102,102,117,117,197,213,213,309,309,322,322,198,218,243,243,287,154,154,154,174,174,174,192,192,281,281,296,296,296,138,263,303,303,12,12,12,12,12,12,37,37,37],"floor_reached":51,"playtime":4213,"items_purged":["Strike_B","Strike_B","Strike_B","Strike_B","Defend_B"],"score":1168,"play_id":"e07d24dd-2a79-446d-af04-c005822e4149","local_time":"20190116175952","is_ascension_mode":true,"campfire_choices":[{"floor":10,"key":"REST"},{"floor":12,"key":"REST"},{"data":"Defragment","floor":15,"key":"SMITH"},{"floor":23,"key":"REST"},{"floor":27,"key":"REST"},{"floor":30,"key":"REST"},{"floor":32,"key":"REST"},{"floor":41,"key":"REST"},{"floor":45,"key":"REST"},{"data":"Chill","floor":46,"key":"SMITH"},{"data":"Buffer","floor":49,"key":"SMITH"}],"neow_cost":"NONE","seed_source_timestamp":96995673891975,"circlet_count":0,"master_deck":["AscendersBane","Defend_B","Defend_B","Zap+1","Dualcast","Coolheaded","Ball Lightning","Cold Snap","Cold Snap","Glacier","Hologram","Leap","Defragment+1","Creative AI","Turbo","Tempest","Defragment","Genetic Algorithm+1","White Noise","Conserve Battery","Hello World","Turbo","Steam Power","Necronomicurse","Chill+1","Meteor Strike","Defragment","Madness","Madness","Sunder","Defragment","Buffer+1","Heatsinks","Mind Blast","Turbo"],"relics":["Cracked Core","Golden Idol","Smiling Mask","Bag of Marbles","Oddly Smooth Stone","Black Star","Emotion Chip","Letter Opener","Prayer Wheel","Necronomicon","Snecko Eye","WingedGreaves","Bronze Scales","Torii","Runic Capacitor","Bottled Lightning","Thread and Needle"],"potions_floor_usage":[13,13,16,22,24,50,50],"damage_taken":[{"damage":0,"enemies":"Jaw Worm","floor":1,"turns":3},{"damage":0,"enemies":"Small Slimes","floor":5,"turns":3},{"damage":0,"enemies":"Cultist","floor":7,"turns":3},{"damage":28,"enemies":"Lagavulin","floor":8,"turns":6},{"damage":9,"enemies":"Looter","floor":11,"turns":2},{"damage":10,"enemies":"3 Sentries","floor":13,"turns":9},{"damage":4,"enemies":"2 Fungi Beasts","floor":14,"turns":2},{"damage":6,"enemies":"The Guardian","floor":16,"turns":10},{"damage":0,"enemies":"Chosen","floor":18,"turns":6},{"damage":17,"enemies":"3 Byrds","floor":21,"turns":3},{"damage":15,"enemies":"Centurion and Healer","floor":22,"turns":9},{"damage":22,"enemies":"Slavers","floor":24,"turns":5},{"damage":18,"enemies":"3 Cultists","floor":28,"turns":8},{"damage":5,"enemies":"Sentry and Sphere","floor":31,"turns":5},{"damage":37,"enemies":"Automaton","floor":33,"turns":11},{"damage":7,"enemies":"3 Shapes","floor":35,"turns":3},{"damage":0,"enemies":"Mind Bloom Boss Battle","floor":39,"turns":5},{"damage":18,"enemies":"Reptomancer","floor":40,"turns":7},{"damage":1,"enemies":"3 Darklings","floor":48,"turns":3},{"damage":1,"enemies":"Donu and Deca","floor":50,"turns":10}],"seed_played":"3730549856473399131","potions_obtained":[{"floor":5,"key":"Ancient Potion"},{"floor":8,"key":"Dexterity Potion"},{"floor":13,"key":"Poison Potion"},{"floor":14,"key":"AttackPotion"},{"floor":18,"key":"LiquidBronze"},{"floor":33,"key":"SteroidPotion"},{"floor":40,"key":"Block Potion"},{"floor":48,"key":"FocusPotion"}],"is_trial":false,"path_per_floor":["M","?","?","$","M","$","M","E","T","R","M","R","?","M","R","B",null,"M","?","$","M","M","R","E","$","T","R","M","?","R","M","R","B",null,"M","?","?","$","?","E","R","$","T","T","R","R","?","M","R","B",null],"character_chosen":"DEFECT","items_purchased":["Cold Snap","Defragment","Conserve Battery","Hello World","Sunder","Defragment","Runic Capacitor","Heatsinks"],"campfire_rested":8,"item_purchase_floors":[6,20,25,25,38,38,42,42],"current_hp_per_floor":[64,64,64,64,64,64,64,36,36,57,48,69,59,55,55,49,66,66,66,66,49,34,55,33,33,33,54,36,15,36,31,52,15,57,50,37,37,37,37,19,40,40,40,40,61,61,61,60,60,59],"gold":37,"neow_bonus":"UPGRADE_CARD","is_prod":false,"is_daily":false,"chose_seed":false,"campfire_upgraded":3,"win_rate":0,"timestamp":1547657992,"path_taken":["M","?","?","$","M","$","M","E","T","R","M","R","?","M","R","BOSS","M","?","$","M","M","R","E","$","T","R","?","?","R","M","R","BOSS","M","?","?","$","?","E","R","$","T","?","R","R","?","M","R","BOSS"],"build_version":"2019-01-14v2","purchased_purges":5,"victory":true,"max_hp_per_floor":[71,71,71,71,71,71,71,71,71,71,71,71,71,71,71,71,71,71,71,71,71,71,71,71,71,71,71,71,71,71,71,71,71,71,71,71,71,71,71,71,71,71,71,71,71,71,71,71,71,71],"card_choices":[{"not_picked":["Leap","Sweeping Beam"],"picked":"Coolheaded","floor":1},{"not_picked":["Leap","Force Field"],"picked":"Ball Lightning","floor":5},{"not_picked":["Gash","Double Energy"],"picked":"Cold Snap","floor":7},{"not_picked":["Blizzard","Turbo"],"picked":"Glacier","floor":8},{"not_picked":["Turbo","Reprogram"],"picked":"Hologram","floor":11},{"not_picked":["Barrage","Reprogram"],"picked":"Leap","floor":13},{"not_picked":["Turbo","Stack"],"picked":"Defragment","floor":14},{"not_picked":["All For One","Buffer"],"picked":"Creative AI","floor":16},{"not_picked":["Auto Shields","Rip and Tear"],"picked":"Turbo","floor":18},{"not_picked":["Hologram","Ball Lightning"],"picked":"Genetic Algorithm+1","floor":21},{"not_picked":["Beam Cell","Lockon"],"picked":"White Noise","floor":22},{"not_picked":["Sunder","Gash","Consume+1"],"picked":"SKIP","floor":24},{"not_picked":["Chaos+1","Auto Shields"],"picked":"Turbo","floor":28},{"not_picked":["Gash","Double Energy"],"picked":"Steam Power","floor":28},{"not_picked":["Ball Lightning","Cold Snap"],"picked":"Chill","floor":31},{"not_picked":["Chaos","Genetic Algorithm","Compile Driver"],"picked":"SKIP","floor":31},{"not_picked":["Amplify","Multi-Cast"],"picked":"Meteor Strike","floor":33},{"not_picked":["Turbo+1","Stack+1"],"picked":"Defragment","floor":35},{"not_picked":["Stack","Cold Snap+1","Hello World"],"picked":"SKIP","floor":35},{"not_picked":["Beam Cell","Stack"],"picked":"Buffer","floor":40},{"not_picked":["PanicButton","Deep Breath"],"picked":"Mind Blast","floor":47},{"not_picked":["Go for the Eyes","Redo+1"],"picked":"Turbo","floor":48},{"not_picked":["Sweeping Beam","Chill","Redo"],"picked":"SKIP","floor":48}],"player_experience":782029,"relics_obtained":[{"floor":8,"key":"Smiling Mask"},{"floor":9,"key":"Bag of Marbles"},{"floor":13,"key":"Oddly Smooth Stone"},{"floor":24,"key":"Emotion Chip"},{"floor":24,"key":"Letter Opener"},{"floor":26,"key":"Prayer Wheel"},{"floor":29,"key":"Necronomicon"},{"floor":39,"key":"WingedGreaves"},{"floor":40,"key":"Bronze Scales"},{"floor":40,"key":"Torii"},{"floor":43,"key":"Bottled Lightning"},{"floor":44,"key":"Thread and Needle"}],"event_choices":[{"damage_healed":0,"gold_gain":0,"player_choice":"Take Wound","damage_taken":0,"relics_obtained":["Golden Idol"],"max_hp_gain":0,"max_hp_loss":0,"event_name":"Golden Idol","floor":2,"gold_loss":0,"cards_obtained":["Injury"]},{"cards_removed":["Injury"],"damage_healed":0,"gold_gain":0,"player_choice":"Forget","damage_taken":0,"max_hp_gain":0,"max_hp_loss":0,"event_name":"Living Wall","floor":3,"gold_loss":0},{"damage_healed":0,"gold_gain":0,"player_choice":"Searched \u00271\u0027 times","damage_taken":0,"max_hp_gain":0,"max_hp_loss":0,"event_name":"Dead Adventurer","floor":13,"gold_loss":0},{"damage_healed":0,"gold_gain":0,"cards_transformed":["Defend_B"],"player_choice":"Transformed","damage_taken":0,"max_hp_gain":0,"max_hp_loss":0,"event_name":"Transmorgrifier","floor":19,"gold_loss":0,"cards_obtained":["Tempest"]},{"damage_healed":0,"gold_gain":0,"player_choice":"Obtained Book","damage_taken":21,"max_hp_gain":0,"max_hp_loss":0,"event_name":"Cursed Tome","floor":29,"gold_loss":0},{"damage_healed":0,"gold_gain":0,"player_choice":"Embrace Madness","damage_taken":13,"max_hp_gain":0,"max_hp_loss":0,"event_name":"Winding Halls","floor":36,"gold_loss":0,"cards_obtained":["Madness","Madness"]},{"damage_healed":0,"gold_gain":0,"player_choice":"Ignored","damage_taken":0,"max_hp_gain":0,"max_hp_loss":0,"event_name":"Tomb of Lord Red Mask","floor":37,"gold_loss":0},{"damage_healed":0,"gold_gain":0,"player_choice":"Fight","damage_taken":0,"max_hp_gain":0,"max_hp_loss":0,"event_name":"MindBloom","floor":39,"gold_loss":0},{"damage_healed":0,"gold_gain":0,"player_choice":"Memory 1","damage_taken":0,"max_hp_gain":0,"max_hp_loss":0,"event_name":"SensoryStone","floor":47,"gold_loss":0}],"is_beta":true,"boss_relics":[{"not_picked":["Lizard Tail","Velvet Choker"],"picked":"Black Star"},{"not_picked":["Inserter","White Beast Statue"],"picked":"Snecko Eye"}],"items_purged_floors":[6,20,25,38,42],"is_endless":false,"potions_floor_spawned":[5,8,11,13,14,18,33,40,48],"ascension_level":15}