{"gold_per_floor":[117,192,47,12,31,31,42,42,42,57,77,95,95,106,106,206,206,224,324,337,186,198,198,229,239,265,265,292,4,4,17,17,17],"floor_reached":33,"playtime":1903,"items_purged":["Defend_B","Strike_B","Strike_B"],"score":259,"play_id":"1888514b-8926-4284-a7c9-ee6708dd7e3f","local_time":"20181207190120","is_ascension_mode":false,"campfire_choices":[{"data":"Self Repair","floor":6,"key":"SMITH"},{"data":"Leap","floor":8,"key":"SMITH"},{"data":"Ball Lightning","floor":15,"key":"SMITH"},{"data":"Streamline","floor":23,"key":"SMITH"},{"data":"Leap","floor":27,"key":"SMITH"},{"floor":32,"key":"REST"}],"neow_cost":"NONE","seed_source_timestamp":677784058920784,"circlet_count":0,"master_deck":["Strike_B","Defend_B","Defend_B","Defend_B","Zap","Dualcast","Leap+1","Self Repair+1","Ball Lightning","Leap+1","Ball Lightning+1","Electrodynamics","Capacitor","Ball Lightning","Leap+1","Streamline+1","Streamline","Conserve Battery+1","Apotheosis"],"relics":["Cracked Core","Bronze Scales","Orrery","Letter Opener","Bag of Preparation","Red Mask"],"potions_floor_usage":[16,16,24,24,28,33,33],"damage_taken":[{"damage":5,"enemies":"Small Slimes","floor":1,"turns":3},{"damage":1,"enemies":"2 Louse","floor":5,"turns":4},{"damage":0,"enemies":"Cultist","floor":7,"turns":3},{"damage":0,"enemies":"Large Slime","floor":10,"turns":4},{"damage":12,"enemies":"3 Louse","floor":11,"turns":3},{"damage":2,"enemies":"Lots of Slimes","floor":12,"turns":4},{"damage":0,"enemies":"2 Fungi Beasts","floor":14,"turns":3},{"damage":47,"enemies":"The Guardian","floor":16,"turns":12},{"damage":10,"enemies":"Spheric Guardian","floor":18,"turns":3},{"damage":5,"enemies":"Shell Parasite","floor":20,"turns":5},{"damage":20,"enemies":"Snake Plant","floor":22,"turns":4},{"damage":37,"enemies":"Gremlin Leader","floor":24,"turns":5},{"damage":14,"enemies":"Snecko","floor":25,"turns":5},{"damage":16,"enemies":"Masked Bandits","floor":28,"turns":4},{"damage":22,"enemies":"Centurion and Healer","floor":31,"turns":4},{"damage":34,"enemies":"Champ","floor":33,"turns":5}],"seed_played":"-6916613174399449002","potions_obtained":[{"floor":5,"key":"Swift Potion"},{"floor":7,"key":"Strength Potion"},{"floor":11,"key":"GamblersBrew"},{"floor":18,"key":"PowerPotion"},{"floor":20,"key":"Poison Potion"},{"floor":28,"key":"Swift Potion"},{"floor":31,"key":"SkillPotion"}],"is_trial":false,"path_per_floor":["M","?","$","?","M","R","M","R","T","M","M","M","?","M","R","B",null,"M","?","M","$","M","R","E","M","T","R","?","$","?","M","R","B"],"character_chosen":"DEFECT","items_purchased":["Self Repair","Streamline","Apotheosis"],"campfire_rested":1,"item_purchase_floors":[3,21,29],"current_hp_per_floor":[70,59,59,75,75,75,75,75,75,75,73,75,75,75,75,38,75,75,75,75,75,65,65,38,34,34,34,28,28,28,6,28,0],"gold":17,"neow_bonus":"REMOVE_CARD","is_prod":false,"is_daily":false,"chose_seed":false,"campfire_upgraded":5,"win_rate":0.0,"timestamp":1544227280,"path_taken":["M","?","$","?","M","R","M","R","T","M","M","M","?","M","R","BOSS","M","?","M","$","?","R","E","M","T","R","?","$","?","M","R","BOSS"],"build_version":"2018-12-06","purchased_purges":3,"victory":false,"max_hp_per_floor":[75,75,75,75,75,75,75,75,75,75,75,75,75,75,75,75,75,75,75,75,75,75,75,75,75,75,75,75,75,75,75,75,75],"card_choices":[{"not_picked":["Sweeping Beam","Hologram"],"picked":"Leap","floor":1},{"not_picked":["Lockon","Compile Driver"],"picked":"Ball Lightning","floor":5},{"not_picked":["Chaos","Scrape","Stack"],"picked":"SKIP","floor":7},{"not_picked":["Stack","Steam Power"],"picked":"Leap","floor":10},{"not_picked":["White Noise","Reprogram","Consume"],"picked":"SKIP","floor":11},{"not_picked":["FTL","Stack"],"picked":"Ball Lightning","floor":12},{"not_picked":["Gash","Thunder Strike","Auto Shields"],"picked":"SKIP","floor":14},{"not_picked":["Fission","Seek"],"picked":"Electrodynamics","floor":16},{"not_picked":["Beam Cell","Compile Driver"],"picked":"Capacitor","floor":17},{"not_picked":["Barrage","Steam"],"picked":"Ball Lightning","floor":17},{"not_picked":["Steam","Gash"],"picked":"Leap","floor":17},{"not_picked":["Stack+1","Tempest","Gash+1"],"picked":"SKIP","floor":18},{"not_picked":["Thunder Strike","Redo","Go for the Eyes"],"picked":"SKIP","floor":20},{"not_picked":["Skim","Reprogram","Compile Driver"],"picked":"SKIP","floor":22},{"not_picked":["Redo","Glacier"],"picked":"Streamline","floor":24},{"not_picked":["FTL","Doom and Gloom"],"picked":"Conserve Battery+1","floor":25},{"not_picked":["Barrage","Creative AI","Redo+1"],"picked":"SKIP","floor":31}],"player_experience":195864,"relics_obtained":[{"floor":9,"key":"Bronze Scales"},{"floor":24,"key":"Letter Opener"},{"floor":26,"key":"Bag of Preparation"},{"floor":28,"key":"Red Mask"}],"event_choices":[{"damage_healed":0,"gold_gain":75,"player_choice":"Gather Gold","damage_taken":11,"max_hp_gain":0,"max_hp_loss":0,"event_name":"World of Goop","floor":2,"gold_loss":0},{"damage_healed":18,"gold_gain":0,"player_choice":"Healed","damage_taken":0,"max_hp_gain":0,"max_hp_loss":0,"event_name":"The Cleric","floor":4,"gold_loss":35},{"damage_healed":0,"gold_gain":0,"player_choice":"Grow","damage_taken":0,"max_hp_gain":0,"max_hp_loss":0,"event_name":"Living Wall","floor":13,"gold_loss":0,"cards_upgraded":["Leap"]},{"damage_healed":0,"gold_gain":100,"player_choice":"Pray","damage_taken":0,"max_hp_gain":0,"max_hp_loss":0,"event_name":"Golden Shrine","floor":19,"gold_loss":0},{"damage_healed":0,"gold_gain":0,"player_choice":"Fought Bandits","damage_taken":0,"max_hp_gain":0,"max_hp_loss":0,"event_name":"Masked Bandits","floor":28,"gold_loss":0},{"damage_healed":0,"gold_gain":0,"player_choice":"Ignored","damage_taken":0,"max_hp_gain":0,"max_hp_loss":0,"event_name":"Cursed Tome","floor":30,"gold_loss":0}],"is_beta":false,"boss_relics":[{"not_picked":["Coffee Dripper","FrozenCore"],"picked":"Orrery"}],"items_purged_floors":[3,21,29],"is_endless":false,"potions_floor_spawned":[5,7,11,14,18,20,28,31],"killed_by":"Champ","ascension_level":0}