{"gold_per_floor":[114,128,145,156,156,184,184,214,214,234,259,278,293,304,304,400,400,419,359],"floor_reached":19,"playtime":2482,"items_purged":[],"score":203,"play_id":"283e723b-1aa5-4fbb-abf8-8b508e855015","local_time":"20190123175332","is_ascension_mode":true,"campfire_choices":[{"data":"Hello World","floor":7.0,"key":"SMITH"},{"floor":15.0,"key":"REST"}],"neow_cost":"NONE","seed_source_timestamp":0,"circlet_count":0,"master_deck":["Strike_B","Strike_B","Strike_B","Strike_B","Defend_B","Defend_B","Defend_B","Defend_B","Dualcast","Biased Cognition","White Noise","Coolheaded","Hello World+1","Rebound","Conserve Battery","Self Repair","Amplify","Capacitor","Creative AI","Chaos","Go for the Eyes","Gash","Multi-Cast","Barrage"],"special_seed":0,"relics":["Cracked Core","Blue Candle","Centennial Puzzle","Question Card","Sundial","Black Star"],"potions_floor_usage":[],"damage_taken":[{"damage":0.0,"enemies":"Cultist","floor":1.0,"turns":2.0},{"damage":0.0,"enemies":"Small Slimes","floor":2.0,"turns":3.0},{"damage":1.0,"enemies":"Jaw Worm","floor":3.0,"turns":3.0},{"damage":9.0,"enemies":"Large Slime","floor":4.0,"turns":7.0},{"damage":9.0,"enemies":"Gremlin Nob","floor":6.0,"turns":4.0},{"damage":1.0,"enemies":"Lagavulin","floor":8.0,"turns":6.0},{"damage":9.0,"enemies":"Exordium Wildlife","floor":10.0,"turns":2.0},{"damage":48.0,"enemies":"Gremlin Nob","floor":11.0,"turns":6.0},{"damage":10.0,"enemies":"3 Louse","floor":12.0,"turns":4.0},{"damage":1.0,"enemies":"2 Fungi Beasts","floor":13.0,"turns":3.0},{"damage":3.0,"enemies":"Blue Slaver","floor":14.0,"turns":5.0},{"damage":25.0,"enemies":"Hexaghost","floor":16.0,"turns":9.0},{"damage":19,"enemies":"Spheric Guardian","floor":18,"turns":8},{"damage":15,"enemies":"2 Thieves","floor":19,"turns":4}],"seed_played":"-4127741186682883583","potions_obtained":[{"floor":1.0,"key":"SkillPotion"},{"floor":6.0,"key":"EssenceOfSteel"},{"floor":11.0,"key":"FocusPotion"},{"floor":13.0,"key":"Energy Potion"},{"floor":14.0,"key":"Energy Potion"}],"is_trial":false,"path_per_floor":["M","M","M","M","?","E","R","E","T","M","E","M","M","M","R","B",null,"M","M"],"character_chosen":"DEFECT","items_purchased":[],"campfire_rested":1,"item_purchase_floors":[],"current_hp_per_floor":[75,75,74,65,65,56,56,62,62,60,19,16,22,26,48,30,75,63,48],"gold":359,"neow_bonus":"ONE_RANDOM_RARE_CARD","is_prod":false,"is_daily":false,"chose_seed":false,"campfire_upgraded":1,"win_rate":0,"timestamp":1548284012,"path_taken":["M","?","M","M","?","E","R","E","T","?","E","M","M","M","R","BOSS","M","M"],"build_version":"2019-01-23","purchased_purges":0,"victory":false,"max_hp_per_floor":[75,75,75,75,75,75,75,75,75,75,75,75,75,75,75,75,75,75,75],"card_choices":[{"not_picked":["Streamline","Leap"],"picked":"White Noise","floor":1.0},{"not_picked":["Streamline","Hologram"],"picked":"Coolheaded","floor":2.0},{"not_picked":["Chill","Storm"],"picked":"Hello World","floor":3.0},{"not_picked":["Streamline","Blizzard"],"picked":"Rebound","floor":4.0},{"not_picked":["Streamline","Sweeping Beam"],"picked":"Self Repair","floor":6.0},{"not_picked":["Cold Snap","Sunder"],"picked":"Amplify","floor":8.0},{"not_picked":["Coolheaded","Cold Snap","Darkness"],"picked":"Capacitor","floor":10.0},{"not_picked":["Hologram","Hello World","Coolheaded"],"picked":"Creative AI","floor":11.0},{"not_picked":["Barrage","Leap","Stack"],"picked":"Chaos","floor":12.0},{"not_picked":["Stack","Creative AI","Turbo"],"picked":"Go for the Eyes","floor":13.0},{"not_picked":["Conserve Battery","Tempest","Hologram"],"picked":"Gash","floor":14.0},{"not_picked":["Amplify","Hyperbeam","Machine Learning"],"picked":"Multi-Cast","floor":16.0},{"not_picked":["Turbo","Conserve Battery","Hologram"],"picked":"Barrage","floor":18}],"player_experience":60525,"relics_obtained":[{"floor":6.0,"key":"Blue Candle"},{"floor":8.0,"key":"Centennial Puzzle"},{"floor":9.0,"key":"Question Card"},{"floor":11.0,"key":"Sundial"}],"event_choices":[{"damage_healed":0.0,"max_hp_gain":0.0,"max_hp_loss":0.0,"gold_gain":0.0,"cards_transformed":["Zap"],"event_name":"Transmorgrifier","player_choice":"Transformed","floor":5.0,"gold_loss":0.0,"damage_taken":0.0,"cards_obtained":["Conserve Battery"]}],"is_beta":false,"boss_relics":[{"not_picked":["Ectoplasm","Runic Dome"],"picked":"Black Star"}],"items_purged_floors":[],"is_endless":false,"potions_floor_spawned":[1,6,11,13,14],"killed_by":"2 Thieves","ascension_level":1}