{"gold_per_floor":[114,114,132,9,25,60,60,77,104,104,104,115,129,58,58,153,153,169,183,183,183],"floor_reached":21,"playtime":879,"items_purged":["Strike_G"],"score":199,"play_id":"41fc4127-1eda-498c-85f5-82b284f53367","local_time":"20190217225047","is_ascension_mode":true,"campfire_choices":[{"floor":7,"key":"REST"},{"data":"Dagger Spray","floor":10,"key":"SMITH"},{"data":"Caltrops","floor":15,"key":"SMITH"}],"neow_cost":"NONE","seed_source_timestamp":5476609611766463,"circlet_count":0,"master_deck":["Defend_G","Defend_G","Defend_G","Defend_G","Defend_G","Strike_G","Strike_G","Strike_G","Survivor","Neutralize","PiercingWail","Quick Slash","Sucker Punch","Poisoned Stab","Caltrops+1","Dagger Spray+1","Caltrops","Night Terror","Noxious Fumes"],"relics":["Ring of the Snake","Bag of Marbles","Art of War","Velvet Choker"],"potions_floor_usage":[18,18,19,21],"damage_taken":[{"damage":5,"enemies":"Jaw Worm","floor":1,"turns":4},{"damage":1,"enemies":"Cultist","floor":3,"turns":4},{"damage":0,"enemies":"2 Louse","floor":5,"turns":4},{"damage":22,"enemies":"3 Sentries","floor":6,"turns":10},{"damage":1,"enemies":"2 Fungi Beasts","floor":8,"turns":4},{"damage":6,"enemies":"Exordium Wildlife","floor":12,"turns":5},{"damage":4,"enemies":"Large Slime","floor":13,"turns":5},{"damage":21,"enemies":"The Guardian","floor":16,"turns":13},{"damage":34,"enemies":"2 Thieves","floor":18,"turns":3},{"damage":5,"enemies":"Chosen","floor":19,"turns":4},{"damage":34,"enemies":"Snake Plant","floor":21,"turns":3}],"seed_played":"1287878877473722880","potions_obtained":[{"floor":3,"key":"EssenceOfSteel"},{"floor":6,"key":"AttackPotion"},{"floor":8,"key":"Swift Potion"},{"floor":18,"key":"Fire Potion"}],"is_trial":false,"path_per_floor":["M","?","M","$","M","E","R","M","T","R","?","M","M","$","R","B",null,"M","M","?","M"],"character_chosen":"THE_SILENT","items_purchased":["Sucker Punch","Caltrops"],"campfire_rested":1,"item_purchase_floors":[4,14],"current_hp_per_floor":[65,65,64,64,64,42,63,62,62,62,62,56,52,52,52,31,70,36,31,31,0],"gold":183,"neow_bonus":"THREE_CARDS","is_prod":false,"is_daily":false,"chose_seed":false,"campfire_upgraded":2,"win_rate":0,"timestamp":1550461847,"path_taken":["M","?","M","$","M","E","R","?","T","R","?","?","M","?","R","BOSS","M","M","?","M"],"build_version":"2019-01-23","purchased_purges":1,"victory":false,"max_hp_per_floor":[70,70,70,70,70,70,70,70,70,70,70,70,70,70,70,70,70,70,70,70,70],"card_choices":[{"not_picked":["Flying Knee","Backflip"],"picked":"PiercingWail","floor":0},{"not_picked":["Flying Knee","Reflex"],"picked":"Cloak And Dagger","floor":1},{"not_picked":["PiercingWail","Underhanded Strike"],"picked":"Quick Slash","floor":3},{"not_picked":["Tactician","Masterful Stab"],"picked":"Poisoned Stab","floor":5},{"not_picked":["Wraith Form v2","Eviscerate"],"picked":"Caltrops","floor":6},{"not_picked":["Dagger Throw","PiercingWail"],"picked":"Dagger Spray","floor":8},{"not_picked":["Masterful Stab","Setup","Outmaneuver"],"picked":"SKIP","floor":12},{"not_picked":["Sucker Punch","Heel Hook","Underhanded Strike"],"picked":"SKIP","floor":13},{"not_picked":["Venomology","Burst"],"picked":"Night Terror","floor":16},{"not_picked":["Dagger Throw","Predator+1"],"picked":"Noxious Fumes","floor":18},{"not_picked":["Blade Dance","Riddle With Holes","Underhanded Strike+1"],"picked":"SKIP","floor":19}],"player_experience":90123,"relics_obtained":[{"floor":6,"key":"Art of War"}],"event_choices":[{"cards_removed":["Cloak And Dagger"],"damage_healed":0,"gold_gain":0,"player_choice":"Gave Card","damage_taken":0,"relics_obtained":["Bag of Marbles"],"max_hp_gain":0,"max_hp_loss":0,"event_name":"WeMeetAgain","floor":2,"gold_loss":0},{"cards_removed":["Strike_G"],"damage_healed":0,"gold_gain":0,"player_choice":"Offered Basic","damage_taken":0,"max_hp_gain":0,"max_hp_loss":0,"event_name":"Bonfire Elementals","floor":11,"gold_loss":0},{"damage_healed":0,"gold_gain":0,"player_choice":"Ignored","damage_taken":0,"max_hp_gain":0,"max_hp_loss":0,"event_name":"Cursed Tome","floor":20,"gold_loss":0}],"is_beta":false,"boss_relics":[{"not_picked":["Fusion Hammer","Busted Crown"],"picked":"Velvet Choker"}],"items_purged_floors":[4],"is_endless":false,"potions_floor_spawned":[3,6,8,12,18],"killed_by":"Snake Plant","ascension_level":2}