{"gold_per_floor":[117,131,63,77,77,111,131,141,196,207,240,240,265,277,277,374,374,393,406,406,406,425,425,425,459,485,485,500,513,524,553,553,650,650,662,662,261,361,361,361,395,395,395,194,194,213,227,177,177,177],"floor_reached":50,"playtime":1698,"items_purged":["Defend_R","Defend_R"],"score":798,"play_id":"360cf914-7201-4f91-8200-546b4e612509","local_time":"20190303164715","is_ascension_mode":true,"campfire_choices":[{"floor":12,"key":"REST"},{"data":"Perfected Strike","floor":15,"key":"SMITH"},{"data":"Armaments","floor":24,"key":"SMITH"},{"floor":27,"key":"REST"},{"floor":32,"key":"REST"},{"floor":40,"key":"REST"},{"floor":45,"key":"REST"},{"data":"Perfected Strike","floor":49,"key":"SMITH"}],"neow_cost":"NONE","seed_source_timestamp":227155642111604,"circlet_count":0,"master_deck":["AscendersBane","Strike_R","Strike_R","Strike_R","Strike_R","Strike_R","Defend_R","Defend_R","Bash","Perfected Strike+1","Perfected Strike+1","Uppercut","Reaper","Armaments+1","Spot Weakness","Shrug It Off","Metallicize","Immolate","Inflame","Pommel Strike","Demon Form","Pommel Strike","Thunderclap","Twin Strike","Intimidate+1","Immolate","Burning Pact+1","Shrug It Off+1","Madness","Madness","Perfected Strike+1","Pommel Strike"],"relics":["Burning Blood","NeowsBlessing","Happy Flower","Centennial Puzzle","Mercury Hourglass","Ancient Tea Set","Velvet Choker","Pantograph","Omamori","Smiling Mask","Sozu","Bottled Flame","Blood Vial","Shovel","Gremlin Horn","Question Card","Anchor"],"potions_floor_usage":[30,33,33,33],"damage_taken":[{"damage":0,"enemies":"Cultist","floor":1,"turns":1},{"damage":0,"enemies":"Small Slimes","floor":2,"turns":1},{"damage":0,"enemies":"Jaw Worm","floor":4,"turns":1},{"damage":22,"enemies":"Gremlin Nob","floor":6,"turns":4},{"damage":3,"enemies":"Looter","floor":7,"turns":2},{"damage":27,"enemies":"Large Slime","floor":8,"turns":6},{"damage":4,"enemies":"Blue Slaver","floor":10,"turns":4},{"damage":24,"enemies":"3 Sentries","floor":11,"turns":8},{"damage":17,"enemies":"Lagavulin","floor":13,"turns":4},{"damage":7,"enemies":"Looter","floor":14,"turns":4},{"damage":30,"enemies":"Slime Boss","floor":16,"turns":5},{"damage":8,"enemies":"3 Byrds","floor":18,"turns":4},{"damage":7,"enemies":"Chosen","floor":19,"turns":2},{"damage":3,"enemies":"Sentry and Sphere","floor":22,"turns":3},{"damage":18,"enemies":"Gremlin Leader","floor":25,"turns":3},{"damage":16,"enemies":"Snake Plant","floor":28,"turns":3},{"damage":0,"enemies":"Snecko","floor":29,"turns":2},{"damage":2,"enemies":"Shelled Parasite and Fungi","floor":30,"turns":3},{"damage":27,"enemies":"Slavers","floor":31,"turns":4},{"damage":91,"enemies":"Collector","floor":33,"turns":8},{"damage":8,"enemies":"Orb Walker","floor":35,"turns":2},{"damage":42,"enemies":"Mind Bloom Boss Battle","floor":38,"turns":5},{"damage":49,"enemies":"Reptomancer","floor":41,"turns":6},{"damage":0,"enemies":"3 Shapes","floor":46,"turns":2},{"damage":26,"enemies":"Spire Growth","floor":47,"turns":3},{"damage":106,"enemies":"Time Eater","floor":50,"turns":6}],"seed_played":"-7374522877294743164","potions_obtained":[{"floor":6,"key":"Poison Potion"},{"floor":7,"key":"SmokeBomb"},{"floor":8,"key":"SteroidPotion"},{"floor":11,"key":"Block Potion"},{"floor":31,"key":"SteroidPotion"}],"is_trial":false,"path_per_floor":["M","M","$","M","?","E","M","M","T","M","E","R","E","M","R","B",null,"M","M","?","?","M","?","R","E","T","R","M","M","M","E","R","B",null,"M","?","$","?","?","R","E","?","T","$","R","M","M","$","R","B"],"character_chosen":"IRONCLAD","items_purchased":["Uppercut","Bottled Flame","Blood Vial","Anchor"],"campfire_rested":5,"item_purchase_floors":[3,37,37,44],"current_hp_per_floor":[78,80,80,80,85,69,72,57,57,59,48,73,62,65,65,41,74,81,80,80,80,83,67,67,55,55,82,72,78,82,69,90,26,74,78,78,78,66,55,82,48,48,48,48,75,83,65,65,65,0],"gold":177,"neow_bonus":"THREE_ENEMY_KILL","is_prod":false,"is_daily":false,"chose_seed":false,"campfire_upgraded":3,"win_rate":0,"timestamp":1551649635,"path_taken":["M","?","$","M","?","E","M","M","T","M","E","R","E","M","R","BOSS","M","M","?","?","M","?","R","E","T","R","M","M","M","E","R","BOSS","M","?","$","?","?","R","E","?","T","$","R","M","M","?","R","BOSS"],"build_version":"2019-01-23","purchased_purges":2,"victory":false,"max_hp_per_floor":[80,80,80,80,85,85,85,85,85,85,85,85,85,85,85,85,85,85,85,85,85,85,90,90,90,90,90,90,90,90,90,90,90,90,90,90,90,90,90,90,90,90,90,90,90,90,90,90,90,90],"card_choices":[{"not_picked":["True Grit","Shrug It Off"],"picked":"Perfected Strike","floor":1},{"not_picked":["Armaments","Havoc"],"picked":"Perfected Strike","floor":2},{"not_picked":["Spot Weakness","Pummel"],"picked":"Reaper","floor":4},{"not_picked":["Fire Breathing","Clash"],"picked":"Armaments","floor":6},{"not_picked":["Body Slam","Wild Strike"],"picked":"Spot Weakness","floor":7},{"not_picked":["Fire Breathing","Sword Boomerang"],"picked":"Shrug It Off","floor":8},{"not_picked":["Body Slam","Dual Wield"],"picked":"Metallicize","floor":10},{"not_picked":["Evolve","Sword Boomerang"],"picked":"Immolate","floor":11},{"not_picked":["True Grit","Wild Strike"],"picked":"Inflame","floor":13},{"not_picked":["Entrench","Anger"],"picked":"Pommel Strike","floor":14},{"not_picked":["Bludgeon","Dark Embrace"],"picked":"Demon Form","floor":16},{"not_picked":["Clothesline","Warcry+1"],"picked":"Pommel Strike","floor":18},{"not_picked":["Armaments","Headbutt"],"picked":"Thunderclap","floor":19},{"not_picked":["Cleave","Burning Pact","Feel No Pain+1"],"picked":"SKIP","floor":22},{"not_picked":["Fire Breathing+1","Rampage"],"picked":"Twin Strike","floor":25},{"not_picked":["Clothesline","Headbutt","Thunderclap+1"],"picked":"SKIP","floor":28},{"not_picked":["Carnage","Body Slam"],"picked":"Intimidate+1","floor":29},{"not_picked":["Clash","Fire Breathing","Headbutt"],"picked":"SKIP","floor":30},{"not_picked":["Fire Breathing+1","Clothesline"],"picked":"Immolate","floor":31},{"not_picked":["Cleave","Shrug It Off"],"picked":"Burning Pact+1","floor":35},{"not_picked":["Seeing Red","Headbutt+1"],"picked":"Shrug It Off+1","floor":38},{"not_picked":["Bludgeon","Whirlwind+1"],"picked":"Perfected Strike+1","floor":41},{"not_picked":["Dropkick","Hemokinesis","Second Wind+1"],"picked":"Pommel Strike","floor":46},{"not_picked":["Iron Wave+1","Dropkick+1","Fire Breathing+1","Battle Trance+1"],"picked":"SKIP","floor":47}],"player_experience":269370,"relics_obtained":[{"floor":6,"key":"Happy Flower"},{"floor":9,"key":"Centennial Puzzle"},{"floor":11,"key":"Mercury Hourglass"},{"floor":13,"key":"Ancient Tea Set"},{"floor":25,"key":"Pantograph"},{"floor":26,"key":"Omamori"},{"floor":31,"key":"Smiling Mask"},{"floor":38,"key":"Shovel"},{"floor":41,"key":"Gremlin Horn"},{"floor":43,"key":"Question Card"}],"event_choices":[{"damage_healed":0,"gold_gain":0,"player_choice":"Donut","damage_taken":0,"max_hp_gain":5,"max_hp_loss":0,"event_name":"Big Fish","floor":5,"gold_loss":0},{"damage_healed":0,"gold_gain":0,"player_choice":"Ignored","damage_taken":0,"max_hp_gain":0,"max_hp_loss":0,"event_name":"Vampires","floor":20,"gold_loss":0},{"damage_healed":0,"gold_gain":0,"player_choice":"Ignored","damage_taken":0,"max_hp_gain":0,"max_hp_loss":0,"event_name":"Ghosts","floor":21,"gold_loss":0},{"damage_healed":0,"gold_gain":0,"player_choice":"Shed Blood","damage_taken":21,"max_hp_gain":5,"max_hp_loss":0,"event_name":"Forgotten Altar","floor":23,"gold_loss":0},{"damage_healed":0,"gold_gain":0,"player_choice":"Ignored","damage_taken":0,"max_hp_gain":0,"max_hp_loss":0,"event_name":"Tomb of Lord Red Mask","floor":36,"gold_loss":0},{"damage_healed":0,"gold_gain":0,"player_choice":"Fight","damage_taken":0,"max_hp_gain":0,"max_hp_loss":0,"event_name":"MindBloom","floor":38,"gold_loss":0},{"damage_healed":0,"gold_gain":0,"player_choice":"Embrace Madness","damage_taken":11,"max_hp_gain":0,"max_hp_loss":0,"event_name":"Winding Halls","floor":39,"gold_loss":0,"cards_obtained":["Madness","Madness"]},{"damage_healed":0,"gold_gain":0,"player_choice":"Memory 1","damage_taken":0,"max_hp_gain":0,"max_hp_loss":0,"event_name":"SensoryStone","floor":42,"gold_loss":0}],"is_beta":false,"boss_relics":[{"not_picked":["Pandora\u0027s Box","Snecko Eye"],"picked":"Velvet Choker"},{"not_picked":["Lizard Tail","Busted Crown"],"picked":"Sozu"}],"items_purged_floors":[44,48],"is_endless":false,"potions_floor_spawned":[6,7,8,11,14,16,19,25,28,31,38,46,47],"killed_by":"Time Eater","ascension_level":10}