{"gold_per_floor":[17,31,31,31,31,31,57,71,71,90,90,105,115,115,115,115],"floor_reached":16,"playtime":835,"items_purged":[],"score":179,"play_id":"833cb438-4ff1-4532-bd14-204f99dc87c5","local_time":"20190114213323","is_ascension_mode":true,"campfire_choices":[{"data":"Zap","floor":6,"key":"SMITH"},{"data":"Recycle","floor":15,"key":"SMITH"}],"neow_cost":"NO_GOLD","seed_source_timestamp":364093396355400,"circlet_count":0,"master_deck":["AscendersBane","Strike_B","Strike_B","Defend_B","Defend_B","Defend_B","Defend_B+1","Zap+1","Dualcast","Consume+1","BootSequence","Fusion","Gash","Recycle+1","Rip and Tear","Conserve Battery"],"relics":["Cracked Core","Torii","Mango","Unceasing Top","Lantern"],"potions_floor_usage":[7,16,16],"damage_taken":[{"damage":0,"enemies":"Small Slimes","floor":1,"turns":4},{"damage":1,"enemies":"2 Louse","floor":2,"turns":3},{"damage":37,"enemies":"3 Sentries","floor":7,"turns":10},{"damage":1,"enemies":"Cultist","floor":8,"turns":4},{"damage":0,"enemies":"2 Fungi Beasts","floor":10,"turns":3},{"damage":10,"enemies":"Lots of Slimes","floor":12,"turns":5},{"damage":0,"enemies":"Blue Slaver","floor":13,"turns":3},{"damage":7,"enemies":"Slime Boss","floor":16,"turns":5}],"seed_played":"3806336668186420228","potions_obtained":[{"floor":1,"key":"PowerPotion"},{"floor":2,"key":"LiquidBronze"},{"floor":10,"key":"FocusPotion"},{"floor":12,"key":"Energy Potion"}],"is_trial":false,"path_per_floor":["M","M","?","?","?","R","E","M","T","M","?","M","M","?","R","B"],"character_chosen":"DEFECT","items_purchased":[],"campfire_rested":0,"item_purchase_floors":[],"current_hp_per_floor":[64,63,42,42,42,42,19,18,18,18,18,8,8,1,1,0],"gold":115,"neow_bonus":"ONE_RARE_RELIC","is_prod":false,"is_daily":false,"chose_seed":false,"campfire_upgraded":2,"win_rate":0,"timestamp":1547530403,"path_taken":["M","M","?","?","?","R","E","?","T","M","?","?","M","?","R","BOSS"],"build_version":"2019-01-10","purchased_purges":0,"victory":false,"max_hp_per_floor":[71,71,71,71,71,71,85,85,85,85,85,85,85,85,85,85],"card_choices":[{"not_picked":["Hologram","Compile Driver"],"picked":"Consume","floor":1},{"not_picked":["Go for the Eyes","Reinforced Body"],"picked":"BootSequence","floor":2},{"not_picked":["Stack","Thunder Strike"],"picked":"Fusion","floor":7},{"not_picked":["Beam Cell","Turbo"],"picked":"Gash","floor":8},{"not_picked":["Go for the Eyes","Melter"],"picked":"Recycle","floor":10},{"not_picked":["Darkness","Barrage"],"picked":"Rip and Tear","floor":12},{"not_picked":["Cold Snap","Streamline"],"picked":"Conserve Battery","floor":13}],"player_experience":474197,"relics_obtained":[{"floor":7,"key":"Mango"},{"floor":9,"key":"Unceasing Top"}],"event_choices":[{"damage_healed":0,"gold_gain":0,"player_choice":"Entered Light","damage_taken":21,"max_hp_gain":0,"max_hp_loss":0,"event_name":"Shining Light","floor":3,"gold_loss":0,"cards_upgraded":["Defend_B","Consume"]},{"damage_healed":0,"gold_gain":0,"player_choice":"Leave","damage_taken":0,"max_hp_gain":0,"max_hp_loss":0,"event_name":"The Cleric","floor":4,"gold_loss":0},{"cards_removed":["Strike_B"],"damage_healed":0,"gold_gain":0,"player_choice":"Offered Basic","damage_taken":0,"max_hp_gain":0,"max_hp_loss":0,"event_name":"Bonfire Elementals","floor":5,"gold_loss":0},{"damage_healed":0,"gold_gain":0,"player_choice":"Gave Potion","damage_taken":0,"relics_obtained":["Lantern"],"max_hp_gain":0,"max_hp_loss":0,"event_name":"WeMeetAgain","floor":11,"gold_loss":0},{"cards_removed":["Strike_B"],"damage_healed":0,"gold_gain":0,"player_choice":"Card Removal","damage_taken":7,"max_hp_gain":0,"max_hp_loss":0,"event_name":"Golden Wing","floor":14,"gold_loss":0}],"is_beta":false,"boss_relics":[],"items_purged_floors":[],"is_endless":false,"potions_floor_spawned":[1,2,10,12,13],"killed_by":"Slime Boss","ascension_level":15}