{"gold_per_floor":[109,129,204,12,32,32,57,57,57,92,151,151,0,12,12,115,115,129,36,52,66,79,107,124,134,134,18,18,49,1,1,1,1],"floor_reached":33,"playtime":3213,"items_purged":[],"score":345,"play_id":"15a1c1c1-a326-496c-8eef-cc0da04d18b2","local_time":"20190305114653","is_ascension_mode":false,"campfire_choices":[{"floor":6,"key":"REST"},{"floor":8,"key":"REST"},{"floor":15,"key":"REST"},{"floor":28,"key":"REST"},{"floor":32,"key":"REST"}],"neow_cost":"NONE","seed_source_timestamp":66923061252914,"circlet_count":0,"master_deck":["Strike_B+1","Strike_B","Strike_B","Strike_B","Defend_B","Defend_B","Defend_B","Defend_B","Zap","Dualcast","Cold Snap+1","Hello World","Redo","Loop","Melter","Ball Lightning","Amplify","Zap","Chaos","Rainbow","Barrage","Ball Lightning","Darkness","Rebound","Streamline+1","Redo","Heatsinks","Aggregate","Stack","Storm","Reinforced Body","White Noise"],"relics":["Cracked Core","Anchor","Toolbox","Whetstone","Shuriken","Vajra","Letter Opener","PreservedInsect","Busted Crown","Girya","Bottled Tornado","Blood Vial"],"potions_floor_usage":[11,23,25,25,29,29,33,33],"damage_taken":[{"damage":2,"enemies":"Small Slimes","floor":1,"turns":3},{"damage":0,"enemies":"2 Louse","floor":2,"turns":2},{"damage":0,"enemies":"Cultist","floor":5,"turns":2},{"damage":18,"enemies":"3 Sentries","floor":7,"turns":8},{"damage":9,"enemies":"Gremlin Nob","floor":10,"turns":4},{"damage":11,"enemies":"3 Sentries","floor":11,"turns":4},{"damage":0,"enemies":"Exordium Thugs","floor":14,"turns":3},{"damage":0,"enemies":"Slime Boss","floor":16,"turns":6},{"damage":11,"enemies":"3 Byrds","floor":18,"turns":4},{"damage":0,"enemies":"Chosen","floor":20,"turns":3},{"damage":10,"enemies":"Snecko","floor":21,"turns":5},{"damage":0,"enemies":"Sentry and Sphere","floor":22,"turns":2},{"damage":13,"enemies":"Book of Stabbing","floor":23,"turns":5},{"damage":20,"enemies":"Centurion and Healer","floor":24,"turns":6},{"damage":17,"enemies":"Snecko","floor":25,"turns":5},{"damage":16,"enemies":"Slavers","floor":29,"turns":5},{"damage":64,"enemies":"Collector","floor":33,"turns":6}],"seed_played":"1784928729115949482","potions_obtained":[{"floor":1,"key":"FearPotion"},{"floor":7,"key":"Explosive Potion"},{"floor":11,"key":"SpeedPotion"},{"floor":14,"key":"Strength Potion"},{"floor":22,"key":"Energy Potion"},{"floor":23,"key":"Dexterity Potion"},{"floor":24,"key":"Block Potion"},{"floor":25,"key":"Swift Potion"},{"floor":29,"key":"Energy Potion"}],"is_trial":false,"path_per_floor":["?","?","?","$","$","?"],"character_chosen":"DEFECT","items_purchased":["Toolbox","PreservedInsect","Ball Lightning","Darkness","Storm","Reinforced Body","Fire Potion"],"campfire_rested":5,"item_purchase_floors":[4,13,19,19,27,27,30],"current_hp_per_floor":[73,73,62,62,62,75,57,75,75,66,55,55,55,55,75,75,75,64,64,64,54,54,41,21,4,4,4,26,10,10,35,57,0],"gold":1,"neow_bonus":"RANDOM_COMMON_RELIC","is_prod":false,"is_daily":false,"chose_seed":false,"campfire_upgraded":0,"win_rate":0.0,"timestamp":1551782813,"path_taken":["M","M","?","$","M","R","E","R","T","E","?","?","$","M","R","BOSS","M","?","M","M","M","E","M","M","T","$","R","E","?","?","R","BOSS"],"build_version":"2019-01-23","purchased_purges":0,"victory":false,"max_hp_per_floor":[75,75,75,75,75,75,75,75,75,75,75,75,75,75,75,75,75,75,75,75,75,75,75,75,75,75,75,75,75,75,75,75,75],"card_choices":[{"not_picked":["Consume","Rip and Tear"],"picked":"Cold Snap","floor":1},{"not_picked":["Static Discharge","Hologram"],"picked":"Hello World","floor":2},{"not_picked":["Consume","Undo"],"picked":"Redo","floor":5},{"not_picked":["Go for the Eyes","Fission"],"picked":"Loop","floor":7},{"not_picked":["Turbo","Steam Power"],"picked":"Melter","floor":10},{"not_picked":["Steam","Gash"],"picked":"Ball Lightning","floor":11},{"not_picked":["Double Energy","Doom and Gloom"],"picked":"Chaos","floor":14},{"not_picked":["Thunder Strike","Multi-Cast"],"picked":"Rainbow","floor":16},{"not_picked":[],"picked":"Barrage","floor":18},{"not_picked":[],"picked":"Rebound","floor":20},{"not_picked":[],"picked":"Streamline+1","floor":21},{"not_picked":[],"picked":"Redo","floor":22},{"not_picked":[],"picked":"Heatsinks","floor":23},{"not_picked":[],"picked":"Aggregate","floor":24},{"not_picked":[],"picked":"Stack","floor":25},{"not_picked":[],"picked":"White Noise","floor":29}],"player_experience":19173,"relics_obtained":[{"floor":7,"key":"Whetstone"},{"floor":9,"key":"Shuriken"},{"floor":10,"key":"Vajra"},{"floor":11,"key":"Letter Opener"},{"floor":23,"key":"Girya"},{"floor":26,"key":"Bottled Tornado"},{"floor":29,"key":"Blood Vial"}],"event_choices":[{"damage_healed":0,"gold_gain":75,"player_choice":"Gather Gold","damage_taken":11,"max_hp_gain":0,"max_hp_loss":0,"event_name":"World of Goop","floor":3,"gold_loss":0},{"damage_healed":0,"gold_gain":0,"player_choice":"Searched \u00271\u0027 times","damage_taken":0,"max_hp_gain":0,"max_hp_loss":0,"event_name":"Dead Adventurer","floor":11,"gold_loss":0},{"damage_healed":0,"gold_gain":0,"player_choice":"2 cards matched","damage_taken":0,"max_hp_gain":0,"max_hp_loss":0,"event_name":"Match and Keep!","floor":12,"gold_loss":0,"cards_obtained":["Amplify","Zap"]},{"damage_healed":25,"gold_gain":0,"player_choice":"Heal","damage_taken":0,"max_hp_gain":0,"max_hp_loss":0,"event_name":"The Library","floor":31,"gold_loss":0}],"is_beta":false,"boss_relics":[{"not_picked":["Velvet Choker","Astrolabe"],"picked":"Busted Crown"}],"items_purged_floors":[],"is_endless":false,"potions_floor_spawned":[1,7,11,14,22,23,24,25,29],"killed_by":"Collector","ascension_level":0}