{"gold_per_floor":[111,27,37,37,52,66,87,87],"floor_reached":8,"playtime":421,"items_purged":[],"score":96,"play_id":"af080f32-6025-489f-b5e4-eb2e74729e3d","local_time":"20190303035029","is_ascension_mode":true,"campfire_choices":[],"neow_cost":"CURSE","seed_source_timestamp":156780187791896,"circlet_count":0,"master_deck":["AscendersBane","Strike_B","Strike_B","Strike_B","Strike_B","Defend_B","Defend_B","Defend_B","Defend_B","Zap+1","Dualcast","Injury","Core Surge","Genetic Algorithm","Auto Shields","Barrage","Doom and Gloom","Undo","Chill"],"special_seed":0,"relics":["Cracked Core","Odd Mushroom"],"potions_floor_usage":[],"damage_taken":[{"damage":13.0,"enemies":"2 Louse","floor":1.0,"turns":2.0},{"damage":0.0,"enemies":"Cultist","floor":3.0,"turns":4.0},{"damage":5.0,"enemies":"Small Slimes","floor":5.0,"turns":3.0},{"damage":7.0,"enemies":"Looter","floor":6.0,"turns":4.0},{"damage":32.0,"enemies":"The Mushroom Lair","floor":7.0,"turns":4.0},{"damage":27,"enemies":"Gremlin Nob","floor":8,"turns":4}],"seed_played":"-2868421814449919894","potions_obtained":[{"floor":5.0,"key":"LiquidBronze"},{"floor":6.0,"key":"Regen Potion"}],"is_trial":false,"path_per_floor":["M","$","M","?","M","M","?","E"],"character_chosen":"DEFECT","items_purchased":["Auto Shields"],"campfire_rested":0,"item_purchase_floors":[2],"current_hp_per_floor":[51,51,51,51,46,39,19,0],"gold":87,"neow_bonus":"THREE_RARE_CARDS","is_prod":false,"is_daily":false,"chose_seed":false,"campfire_upgraded":0,"win_rate":0,"timestamp":1551603029,"path_taken":["M","$","M","?","M","?","?","E"],"build_version":"2019-01-23","purchased_purges":0,"victory":false,"max_hp_per_floor":[71,71,71,71,71,71,71,71],"card_choices":[{"not_picked":["Rainbow","Amplify"],"picked":"Core Surge","floor":0.0},{"not_picked":["Stack","Conserve Battery"],"picked":"Genetic Algorithm","floor":1.0},{"not_picked":["Force Field","Stack"],"picked":"Barrage","floor":3.0},{"not_picked":["Stack","Sweeping Beam"],"picked":"Doom and Gloom","floor":5.0},{"not_picked":["Double Energy","Reprogram"],"picked":"Undo","floor":6.0},{"not_picked":["Static Discharge","Gash"],"picked":"Chill","floor":7.0}],"player_experience":652870,"relics_obtained":[{"floor":7.0,"key":"Odd Mushroom"}],"event_choices":[{"damage_healed":0.0,"max_hp_gain":0.0,"max_hp_loss":0.0,"gold_gain":0.0,"event_name":"Accursed Blacksmith","player_choice":"Forge","floor":4.0,"gold_loss":0.0,"damage_taken":0.0,"cards_upgraded":["Zap"]},{"damage_healed":0.0,"max_hp_gain":0.0,"max_hp_loss":0.0,"gold_gain":0.0,"event_name":"Mushrooms","player_choice":"Fought Mushrooms","floor":7.0,"gold_loss":0.0,"damage_taken":0.0}],"is_beta":false,"boss_relics":[],"items_purged_floors":[],"is_endless":false,"potions_floor_spawned":[5,6],"killed_by":"Gremlin Nob","ascension_level":20}