{"gold_per_floor":[359,372,18,36,36,36,63,63,142,175,194,194,211,231,231,303,303,322,339,339,407,407],"floor_reached":22,"playtime":2119,"items_purged":[],"score":492,"play_id":"5e7e1da7-bbde-4bd8-8442-abbacaa787b1","local_time":"20190305142330","is_ascension_mode":true,"campfire_choices":[{"data":"Zap","floor":6.0,"key":"SMITH"},{"data":"Coolheaded","floor":8.0,"key":"SMITH"},{"floor":15.0,"key":"REST"}],"neow_cost":"CURSE","seed_source_timestamp":0,"circlet_count":0,"master_deck":["AscendersBane","Strike_B","Strike_B","Strike_B","Strike_B","Defend_B","Defend_B","Defend_B","Defend_B","Zap+1","Dualcast","Beam Cell","Flash of Steel","Go for the Eyes","Static Discharge","Coolheaded+1","Rainbow+1","Hologram+1","White Noise+1","Defragment","Multi-Cast+1","Conserve Battery+1","Steam+1","Coolheaded+1"],"special_seed":0,"relics":["Cracked Core","PreservedInsect","Orichalcum","Toxic Egg 2","Ice Cream","Sozu","Bottled Tornado"],"potions_floor_usage":[],"damage_taken":[{"damage":2.0,"enemies":"2 Louse","floor":1.0,"turns":3.0},{"damage":2.0,"enemies":"Jaw Worm","floor":2.0,"turns":4.0},{"damage":1.0,"enemies":"Cultist","floor":4.0,"turns":3.0},{"damage":4.0,"enemies":"Gremlin Nob","floor":7.0,"turns":3.0},{"damage":10.0,"enemies":"3 Sentries","floor":10.0,"turns":4.0},{"damage":20.0,"enemies":"Large Slime","floor":11.0,"turns":4.0},{"damage":4.0,"enemies":"Exordium Wildlife","floor":13.0,"turns":3.0},{"damage":17.0,"enemies":"Gremlin Gang","floor":14.0,"turns":4.0},{"damage":0.0,"enemies":"Hexaghost","floor":16.0,"turns":8.0},{"damage":17.0,"enemies":"Shell Parasite","floor":18.0,"turns":4.0},{"damage":20.0,"enemies":"2 Thieves","floor":19.0,"turns":4.0},{"damage":38,"enemies":"Cultist and Chosen","floor":22,"turns":3}],"seed_played":"7622355314768799119","potions_obtained":[{"floor":1.0,"key":"FocusPotion"},{"floor":10.0,"key":"PowerPotion"},{"floor":13.0,"key":"FocusPotion"}],"is_trial":false,"path_per_floor":["M","M","$","M","?","R","E","R","T","E","M","?","M","M","R","B",null,"M","M","?","T","M"],"character_chosen":"DEFECT","items_purchased":["PreservedInsect","Flash of Steel","Go for the Eyes","Static Discharge"],"campfire_rested":1,"item_purchase_floors":[3,3,3,3],"current_hp_per_floor":[62,60,60,59,59,59,55,55,55,45,25,25,21,4,25,25,60,43,23,23,23,0],"gold":407,"neow_bonus":"TWO_FIFTY_GOLD","is_prod":false,"is_daily":false,"chose_seed":false,"campfire_upgraded":2,"win_rate":0,"timestamp":1551792210,"path_taken":["M","M","$","M","?","R","E","R","T","E","M","?","M","M","R","BOSS","M","?","?","?","M"],"build_version":"2019-02-06","purchased_purges":0,"victory":false,"max_hp_per_floor":[71,71,71,71,71,71,71,71,71,71,71,71,71,71,71,71,71,71,71,71,71,71],"card_choices":[{"not_picked":["Turbo","Static Discharge"],"picked":"Beam Cell","floor":1.0},{"not_picked":["Redo","Auto Shields","Reprogram"],"picked":"SKIP","floor":2.0},{"not_picked":["Hologram","Heatsinks"],"picked":"Coolheaded","floor":4.0},{"not_picked":["Turbo","Storm","Steam"],"picked":"SKIP","floor":7.0},{"not_picked":["Fusion+1","Hologram+1"],"picked":"Rainbow+1","floor":10.0},{"not_picked":["Aggregate+1","Fusion+1"],"picked":"Hologram+1","floor":11.0},{"not_picked":["Ball Lightning","Melter"],"picked":"White Noise+1","floor":13.0},{"not_picked":["Sweeping Beam","Reprogram+1"],"picked":"Defragment","floor":14.0},{"not_picked":["Creative AI","Machine Learning"],"picked":"Multi-Cast+1","floor":16.0},{"not_picked":["Steam+1","Blizzard"],"picked":"Conserve Battery+1","floor":18.0},{"not_picked":["Barrage","Cold Snap"],"picked":"Steam+1","floor":19.0}],"player_experience":1315633,"relics_obtained":[{"floor":7.0,"key":"Orichalcum"},{"floor":9.0,"key":"Toxic Egg 2"},{"floor":10.0,"key":"Ice Cream"},{"floor":21,"key":"Bottled Tornado"}],"event_choices":[{"damage_healed":0.0,"max_hp_gain":0.0,"max_hp_loss":0.0,"gold_gain":0.0,"event_name":"Liars Game","player_choice":"Ignored","floor":5.0,"gold_loss":0.0,"damage_taken":0.0},{"cards_removed":["Injury"],"damage_healed":0.0,"max_hp_gain":0.0,"max_hp_loss":0.0,"gold_gain":0.0,"event_name":"Fountain of Cleansing","player_choice":"Removed Curses","floor":12.0,"gold_loss":0.0,"damage_taken":0.0},{"damage_healed":0,"gold_gain":0,"player_choice":"Read","damage_taken":0,"max_hp_gain":0,"max_hp_loss":0,"event_name":"The Library","floor":20,"gold_loss":0,"cards_obtained":["Coolheaded"]}],"is_beta":true,"boss_relics":[{"not_picked":["Tiny House","FrozenCore"],"picked":"Sozu"}],"items_purged_floors":[],"is_endless":false,"potions_floor_spawned":[1,10,13,14],"killed_by":"Cultist and Chosen","ascension_level":20}