{"path_per_floor":["M","?","?","M","?","R","E","R","T","R","?","M","M","E","R","B",null,"M","?","?","M","M","R"],"character_chosen":"THE_SILENT","items_purchased":[],"gold_per_floor":[116,116,116,135,235,235,270,270,339,339,339,359,374,405,405,504,504,521,521,521,538,551,551,551],"floor_reached":24,"campfire_rested":3,"playtime":872,"item_purchase_floors":[],"current_hp_per_floor":[69,55,52,52,52,70,64,64,64,64,57,57,57,58,70,12,72,49,49,49,25,7,22,0],"items_purged":[],"gold":551,"score":229,"play_id":"0b753975-dc5e-45a5-be7a-2775d0591a4d","local_time":"20180607213847","is_prod":false,"is_daily":false,"chose_seed":false,"is_ascension_mode":false,"campfire_upgraded":2,"win_rate":0,"timestamp":1528371527,"campfire_choices":[{"floor":6,"key":"REST"},{"data":"Poisoned Stab","floor":8,"key":"SMITH"},{"data":"Sucker Punch","floor":10,"key":"SMITH"},{"floor":15,"key":"REST"},{"floor":23,"key":"REST"}],"path_taken":["M","?","?","?","?","R","E","R","T","R","?","M","M","E","R","BOSS","M","?","?","M","M","R","E"],"build_version":"2018-06-06","seed_source_timestamp":100711192306819,"purchased_purges":0,"victory":false,"master_deck":["Defend_G","Defend_G+1","Defend_G+1","Defend_G","Survivor","Neutralize","Sucker Punch+1","Poisoned Stab+1","Cloak And Dagger","Dagger Spray","Bane","Storm of Steel","Noxious Fumes","Underhanded Strike","Noxious Fumes","Poisoned Stab","Adrenaline","Bite","Bite","Bite","Bite","Bite","Bouncing Flask","Poisoned Stab"],"max_hp_per_floor":[70,70,70,70,70,70,70,70,70,70,70,70,70,70,70,70,72,72,50,50,50,50,50,50],"relics":["White Beast Statue","Bag of Preparation","Ancient Tea Set","Blue Candle","Singing Bowl","Orrery"],"card_choices":[{"not_picked":["Skewer","Outmaneuver"],"picked":"Sucker Punch","floor":1},{"not_picked":["Bane","Underhanded Strike","Skewer"],"picked":"SKIP","floor":4},{"not_picked":["Sucker Punch","Heel Hook"],"picked":"Poisoned Stab","floor":7},{"not_picked":["Prepared","Backflip"],"picked":"Cloak And Dagger","floor":12},{"not_picked":["Quick Slash","Flechettes"],"picked":"Dagger Spray","floor":13},{"not_picked":["Setup","Grand Finale"],"picked":"Bane","floor":14},{"not_picked":["Unload","Phantasmal Killer"],"picked":"Storm of Steel","floor":16},{"not_picked":["Bouncing Flask","Bane"],"picked":"Noxious Fumes","floor":17},{"not_picked":["Caltrops","Dodge and Roll"],"picked":"Underhanded Strike","floor":17},{"not_picked":["Dodge and Roll","PiercingWail"],"picked":"Noxious Fumes","floor":17},{"not_picked":["Finisher","Dagger Throw","Blur"],"picked":"Singing Bowl","floor":17},{"not_picked":["Flying Knee","Slice"],"picked":"Poisoned Stab","floor":17},{"not_picked":["Blur","Dodge and Roll"],"picked":"Adrenaline","floor":18},{"not_picked":["Prepared","Acrobatics"],"picked":"Bouncing Flask","floor":21},{"not_picked":["Terror","Cloak And Dagger"],"picked":"Poisoned Stab","floor":22}],"player_experience":370721,"potions_floor_usage":[7,7,7,12,13,14,14,14,16,18,22,22,24],"damage_taken":[{"damage":1,"enemies":"2 Louse","floor":1,"turns":2},{"damage":0,"enemies":"Jaw Worm","floor":4,"turns":4},{"damage":6,"enemies":"Gremlin Nob","floor":7,"turns":4},{"damage":0,"enemies":"Small Slimes","floor":12,"turns":1},{"damage":0,"enemies":"3 Louse","floor":13,"turns":2},{"damage":13,"enemies":"Lagavulin","floor":14,"turns":7},{"damage":58,"enemies":"Hexaghost","floor":16,"turns":11},{"damage":23,"enemies":"2 Thieves","floor":18,"turns":5},{"damage":31,"enemies":"Shell Parasite","floor":21,"turns":5},{"damage":38,"enemies":"3 Cultists","floor":22,"turns":5},{"damage":32,"enemies":"Slavers","floor":24,"turns":3}],"relics_obtained":[{"floor":7,"key":"Ancient Tea Set"},{"floor":9,"key":"Blue Candle"},{"floor":14,"key":"Singing Bowl"}],"event_choices":[{"event_name":"Shining Light","player_choice":"Entered Light","floor":2,"damage_taken":0},{"event_name":"Scrap Ooze","player_choice":"success","floor":3,"damage_taken":3},{"event_name":"Golden Shrine","player_choice":"Pray","floor":5,"damage_taken":0},{"event_name":"Golden Wing","player_choice":"Card Removal","floor":11,"damage_taken":0},{"event_name":"Vampires","player_choice":"Became a vampire","floor":19,"damage_taken":0},{"event_name":"Ghosts","player_choice":"Ignored","floor":20,"damage_taken":0}],"boss_relics":[{"not_picked":["Velvet Choker","Sozu"],"picked":"Orrery"}],"items_purged_floors":[],"potions_floor_spawned":[1,4,7,12,13,14,16,18,21,22],"seed_played":"388302172268373593","killed_by":"Slavers","ascension_level":0,"potions_obtained":[{"floor":1,"key":"EntropicBrew"},{"floor":4,"key":"FearPotion"},{"floor":7,"key":"Fire Potion"},{"floor":12,"key":"AttackPotion"},{"floor":13,"key":"SteroidPotion"},{"floor":14,"key":"Explosive Potion"},{"floor":16,"key":"Block Potion"},{"floor":18,"key":"GamblersBrew"},{"floor":21,"key":"Regen Potion"},{"floor":22,"key":"EssenceOfSteel"}],"is_trial":false}