{"gold_per_floor":[115,127,138,216,216,216,235,310,387,399,399,274,239,257,257,257],"floor_reached":16,"playtime":589,"items_purged":["Bash"],"score":92,"play_id":"e7a222c8-30aa-4abb-a487-92fe6ba1ebd1","local_time":"20180912022148","is_ascension_mode":false,"campfire_choices":[{"data":"Sword Boomerang","floor":6,"key":"SMITH"},{"data":"Wild Strike","floor":11,"key":"SMITH"},{"data":"Wild Strike","floor":15,"key":"SMITH"}],"neow_cost":"","seed_source_timestamp":449392329025848,"circlet_count":0,"master_deck":["Strike_R","Strike_R","Strike_R","Strike_R","Strike_R","Defend_R","Defend_R","Defend_R","Defend_R","Sword Boomerang+1","Clash+1","Wild Strike+1","Wild Strike+1"],"relics":["Burning Blood","Dodecahedron"],"potions_floor_usage":[14,16,16],"damage_taken":[{"damage":3,"enemies":"2 Louse","floor":1,"turns":3},{"damage":9,"enemies":"Jaw Worm","floor":2,"turns":4},{"damage":1,"enemies":"Cultist","floor":3,"turns":3},{"damage":13,"enemies":"Lots of Slimes","floor":7,"turns":3},{"damage":25,"enemies":"Large Slime","floor":10,"turns":6},{"damage":14,"enemies":"Exordium Thugs","floor":14,"turns":5},{"damage":49,"enemies":"Hexaghost","floor":16,"turns":12}],"seed_played":"-8153572595412210817","potions_obtained":[{"floor":1,"key":"SkillPotion"},{"floor":7,"key":"Dexterity Potion"},{"floor":14,"key":"Dexterity Potion"}],"is_trial":false,"path_per_floor":["M","M","M","?","?","R","M","?","T","M","R","$","?","M","R"],"character_chosen":"IRONCLAD","items_purchased":["Wild Strike"],"campfire_rested":0,"item_purchase_floors":[12],"current_hp_per_floor":[80,77,80,80,80,80,73,62,62,43,43,43,63,55,55,6],"gold":257,"neow_bonus":"","is_prod":false,"is_daily":false,"chose_seed":false,"campfire_upgraded":3,"win_rate":0,"timestamp":1536733308,"path_taken":["M","M","M","?","?","R","M","?","T","M","R","$","?","M","R","BOSS"],"build_version":"2018-09-06","purchased_purges":1,"victory":false,"max_hp_per_floor":[80,80,80,80,80,80,80,80,80,80,80,80,80,80,80,80],"card_choices":[{"not_picked":["Uppercut","Rampage"],"picked":"Sword Boomerang","floor":1},{"not_picked":["Heavy Blade","Dropkick"],"picked":"Clash","floor":2},{"not_picked":["Iron Wave","Sentinel","Clothesline"],"picked":"SKIP","floor":3},{"not_picked":["Evolve","Shrug It Off","Iron Wave"],"picked":"SKIP","floor":7},{"not_picked":["Dark Embrace","Sever Soul"],"picked":"Wild Strike","floor":10},{"not_picked":["Shockwave","Anger","Armaments"],"picked":"SKIP","floor":14}],"player_experience":116921,"relics_obtained":[{"floor":9,"key":"Dodecahedron"}],"event_choices":[{"event_name":"Golden Wing","player_choice":"Gained Gold","floor":4,"damage_taken":0},{"event_name":"Living Wall","player_choice":"Grow","floor":5,"damage_taken":0},{"event_name":"World of Goop","player_choice":"Gather Gold","floor":8,"damage_taken":0},{"event_name":"The Cleric","player_choice":"Healed","floor":13,"damage_taken":0}],"is_beta":false,"boss_relics":[],"items_purged_floors":[12],"is_endless":false,"potions_floor_spawned":[1,7,14],"killed_by":"Hexaghost","ascension_level":0}