{"gold_per_floor":[109,109,109,109,35,63,77,107,107,120,154,170,50,50,50,124,124,136,136,88,88,88,114,130,165,165,165,175,203,214,248,248,325,325,344,49,63,76,92,92,120,133,159,9,9,19,34,60,60,60],"floor_reached":51,"playtime":3944,"items_purged":["Masterful Stab+1"],"score":1565,"play_id":"18c35e36-5ed0-41a8-805d-cf7b73d58d22","local_time":"20180708223731","is_ascension_mode":true,"campfire_choices":[{"data":"Finisher","floor":15,"key":"SMITH"},{"floor":27,"key":"REST"},{"floor":32,"key":"REST"},{"floor":40,"key":"REST"},{"floor":49,"key":"REST"}],"neow_cost":"NONE","seed_source_timestamp":356325983100739,"circlet_count":0,"master_deck":["Survivor","Neutralize+1","AscendersBane","Sucker Punch+1","Noxious Fumes","Flying Knee","PiercingWail+1","Backflip","Blade Dance","A Thousand Cuts","Dagger Spray","Footwork","Finisher+1","Burst","Cloak And Dagger","Infinite Blades","Acrobatics+1","Writhe","Dodge and Roll","Well Laid Plans+1","Catalyst","Skewer+1","After Image","Corpse Explosion","Bane+1","Flying Knee+1","Masterful Stab+1","Acrobatics","Dagger Throw+1","Underhanded Strike+1","Flying Knee+1","Underhanded Strike+1","Backstab+1","Footwork","PiercingWail","PiercingWail+1","Riddle With Holes+1","Jack Of All Trades","Outmaneuver","Prepared+1","Calculated Gamble"],"relics":["Ring of the Snake","NeowsBlessing","Ninja Scroll","Shuriken","Pantograph","Pear","Fusion Hammer","Dead Branch","Blue Candle","Blood Vial","Molten Egg 2","Bottled Tornado","Snake Skull","Pandora\u0027s Box","Vajra","War Paint","Potion Belt","Anchor","Gambling Chip"],"potions_floor_usage":[8,11,16,18,25,29,31,50,50],"damage_taken":[{"damage":0,"enemies":"2 Louse","floor":1,"turns":1},{"damage":0,"enemies":"Gremlin Nob","floor":6,"turns":1},{"damage":0,"enemies":"Cultist","floor":7,"turns":1},{"damage":7,"enemies":"3 Sentries","floor":8,"turns":7},{"damage":0,"enemies":"Jaw Worm","floor":10,"turns":3},{"damage":12,"enemies":"Lagavulin","floor":11,"turns":7},{"damage":4,"enemies":"Exordium Thugs","floor":12,"turns":4},{"damage":27,"enemies":"Slime Boss","floor":16,"turns":9},{"damage":1,"enemies":"Chosen","floor":18,"turns":4},{"damage":0,"enemies":"Gremlin Leader","floor":23,"turns":5},{"damage":0,"enemies":"3 Byrds","floor":24,"turns":3},{"damage":2,"enemies":"Slavers","floor":25,"turns":5},{"damage":21,"enemies":"Snake Plant","floor":28,"turns":4},{"damage":8,"enemies":"Book of Stabbing","floor":29,"turns":6},{"damage":0,"enemies":"Chosen and Byrds","floor":30,"turns":3},{"damage":13,"enemies":"Slavers","floor":31,"turns":5},{"damage":3,"enemies":"Champ","floor":33,"turns":7},{"damage":0,"enemies":"Orb Walker","floor":35,"turns":2},{"damage":5,"enemies":"3 Shapes","floor":37,"turns":4},{"damage":10,"enemies":"3 Darklings","floor":38,"turns":4},{"damage":3,"enemies":"Sphere and 2 Shapes","floor":39,"turns":8},{"damage":0,"enemies":"2 Orb Walkers","floor":41,"turns":2},{"damage":0,"enemies":"Maw","floor":42,"turns":5},{"damage":0,"enemies":"3 Darklings","floor":46,"turns":3},{"damage":0,"enemies":"Sphere and 2 Shapes","floor":47,"turns":2},{"damage":0,"enemies":"Nemesis","floor":48,"turns":1},{"damage":53,"enemies":"Awakened One","floor":50,"turns":10}],"seed_played":"-6326017459325633065","potions_obtained":[{"floor":6,"key":"Weak Potion"},{"floor":11,"key":"Ancient Potion"},{"floor":12,"key":"Swift Potion"},{"floor":16,"key":"Weak Potion"},{"floor":18,"key":"Energy Potion"},{"floor":23,"key":"PowerPotion"},{"floor":24,"key":"GhostInAJar"},{"floor":28,"key":"SteroidPotion"},{"floor":30,"key":"Fire Potion"},{"floor":35,"key":"GamblersBrew"},{"floor":37,"key":"SpeedPotion"},{"floor":48,"key":"FearPotion"}],"is_trial":false,"path_per_floor":["M","?","?","?","$","E","M","E","T","M","E","M","$","?","R","B",null,"M","?","$","?","?","E","M","E","T","R","M","E","M","E","R","B",null,"M","$","M","M","M","R","E","M","T","$","?","M","M","E","R","B"],"character_chosen":"THE_SILENT","items_purchased":["Flying Knee","Fire Potion","Footwork","Finisher","Acrobatics","Vajra","Footwork","Anchor"],"campfire_rested":4,"item_purchase_floors":[5,5,13,13,20,36,36,44],"current_hp_per_floor":[59,59,59,59,59,59,59,52,52,52,50,46,46,23,23,21,62,61,61,61,61,61,61,61,59,59,76,55,49,51,40,62,73,75,76,76,71,63,62,76,76,76,76,76,76,76,76,76,76,23],"gold":60,"neow_bonus":"THREE_ENEMY_KILL","is_prod":false,"is_daily":false,"chose_seed":false,"campfire_upgraded":1,"win_rate":0,"timestamp":1531082251,"path_taken":["M","?","?","?","?","E","M","E","T","M","E","M","$","?","R","BOSS","M","?","$","?","?","E","M","E","T","R","M","E","M","E","R","BOSS","M","$","M","M","M","R","E","M","T","$","?","M","M","E","R","BOSS"],"build_version":"2018-07-05","purchased_purges":1,"victory":true,"max_hp_per_floor":[66,66,66,66,66,66,66,66,66,66,76,76,76,76,76,76,76,76,76,76,76,76,76,76,76,76,76,76,76,76,76,76,76,76,76,76,76,76,76,76,76,76,76,76,76,76,76,76,76,76],"card_choices":[{"not_picked":["Poisoned Stab","Slice"],"picked":"Sucker Punch","floor":1},{"not_picked":["Deflect","Calculated Gamble"],"picked":"PiercingWail","floor":6},{"not_picked":["Acrobatics","Endless Agony"],"picked":"Backflip","floor":7},{"not_picked":["Malaise","Deadly Poison"],"picked":"Blade Dance","floor":8},{"not_picked":["Heel Hook","Quick Slash"],"picked":"A Thousand Cuts","floor":10},{"not_picked":["Tactician","Unload","Bouncing Flask"],"picked":"SKIP","floor":11},{"not_picked":["Backflip","Bouncing Flask"],"picked":"Dagger Spray","floor":12},{"not_picked":["Grand Finale","Tactician"],"picked":"Burst","floor":16},{"not_picked":["All Out Attack","Deadly Poison"],"picked":"Cloak And Dagger","floor":18},{"not_picked":["PiercingWail","Underhanded Strike"],"picked":"Dodge and Roll","floor":23},{"not_picked":["Poisoned Stab","Sucker Punch","Grand Finale"],"picked":"SKIP","floor":24},{"not_picked":["Dagger Spray","Prepared"],"picked":"Well Laid Plans+1","floor":25},{"not_picked":["Sucker Punch+1","Bane+1","Unload+1"],"picked":"SKIP","floor":28},{"not_picked":["Choke+1","Slice+1"],"picked":"Catalyst","floor":29},{"not_picked":["Underhanded Strike+1","Deflect"],"picked":"Skewer+1","floor":30},{"not_picked":["Noxious Fumes","Setup"],"picked":"After Image","floor":31},{"not_picked":["Night Terror","Wraith Form v2"],"picked":"Corpse Explosion","floor":33},{"not_picked":["Deadly Poison","Sucker Punch+1"],"picked":"Backstab+1","floor":35},{"not_picked":["Finisher+1","Dagger Spray+1"],"picked":"PiercingWail","floor":37},{"not_picked":["Flying Knee+1","Expertise"],"picked":"PiercingWail+1","floor":38},{"not_picked":["Deflect+1","Cloak And Dagger","Sucker Punch+1"],"picked":"SKIP","floor":39},{"not_picked":["All Out Attack+1","Prepared","Quick Slash+1"],"picked":"SKIP","floor":41},{"not_picked":["Slice+1","Dagger Throw+1"],"picked":"Riddle With Holes+1","floor":42},{"not_picked":["Blind","Enlightenment"],"picked":"Jack Of All Trades","floor":45},{"not_picked":["Flying Knee+1","Backflip"],"picked":"Outmaneuver","floor":46},{"not_picked":["Deadly Poison","Poisoned Stab+1"],"picked":"Prepared+1","floor":47},{"not_picked":["Masterful Stab+1","Malaise"],"picked":"Calculated Gamble","floor":48}],"player_experience":790987,"relics_obtained":[{"floor":6,"key":"Ninja Scroll"},{"floor":8,"key":"Shuriken"},{"floor":9,"key":"Pantograph"},{"floor":11,"key":"Pear"},{"floor":23,"key":"Blue Candle"},{"floor":25,"key":"Blood Vial"},{"floor":26,"key":"Molten Egg 2"},{"floor":29,"key":"Bottled Tornado"},{"floor":31,"key":"Snake Skull"},{"floor":41,"key":"War Paint"},{"floor":43,"key":"Potion Belt"},{"floor":48,"key":"Gambling Chip"}],"event_choices":[{"event_name":"Upgrade Shrine","player_choice":"Upgraded","floor":2,"damage_taken":0},{"event_name":"Transmorgrifier","player_choice":"Transform","floor":3,"damage_taken":0},{"event_name":"Accursed Blacksmith","player_choice":"Forge","floor":4,"damage_taken":0},{"event_name":"Shining Light","player_choice":"Entered Light","floor":14,"damage_taken":0},{"event_name":"The Library","player_choice":"Read","floor":19,"damage_taken":0},{"event_name":"The Mausoleum","player_choice":"Yes","floor":21,"damage_taken":0},{"event_name":"Ghosts","player_choice":"Ignored","floor":22,"damage_taken":0},{"event_name":"SensoryStone","player_choice":"Memory 1","floor":45,"damage_taken":0}],"boss_relics":[{"not_picked":["Eternal Feather","Black Star"],"picked":"Fusion Hammer"},{"not_picked":["Coffee Dripper","Tiny House"],"picked":"Pandora\u0027s Box"}],"items_purged_floors":[36],"is_endless":false,"potions_floor_spawned":[6,11,12,16,18,23,24,28,30,35,37,42,48],"ascension_level":15}