{"gold_per_floor":[111,0,19,19,36,36,63,63,63,77,95,123,134,86,86,189,189,200,214,42,42,42,61,61,77,77,77,77],"floor_reached":28,"playtime":1879,"items_purged":["Ball Lightning"],"score":230,"play_id":"3bbc3348-39ae-41a1-affc-3174d74a65cb","local_time":"20190305213937","is_ascension_mode":false,"campfire_choices":[{"data":"Streamline","floor":6,"key":"SMITH"},{"data":"Hyperbeam","floor":8,"key":"SMITH"},{"floor":15,"key":"REST"},{"floor":24,"key":"REST"},{"floor":27,"key":"REST"}],"neow_cost":"NONE","seed_source_timestamp":103822130707362,"circlet_count":0,"master_deck":["Strike_B","Strike_B","Strike_B","Strike_B","Defend_B","Defend_B","Defend_B","Defend_B","Zap+1","Dualcast","Sweeping Beam","Self Repair","Fusion+1","Conserve Battery","Streamline+1","Hyperbeam+1","Leap","Streamline","Loop","Biased Cognition","Hologram+1","Ball Lightning+1","Leap","Redo","White Noise","Shame","Recycle+1","Melter"],"relics":["Cracked Core","Meat on the Bone","Potion Belt","Question Card","Inserter","Centennial Puzzle","Girya"],"potions_floor_usage":[12],"damage_taken":[{"damage":6,"enemies":"Jaw Worm","floor":1,"turns":3},{"damage":8,"enemies":"2 Louse","floor":3,"turns":3},{"damage":12,"enemies":"Small Slimes","floor":5,"turns":4},{"damage":32,"enemies":"Gremlin Nob","floor":7,"turns":5},{"damage":14,"enemies":"Exordium Wildlife","floor":10,"turns":2},{"damage":5,"enemies":"Large Slime","floor":11,"turns":4},{"damage":15,"enemies":"3 Sentries","floor":12,"turns":3},{"damage":14,"enemies":"Blue Slaver","floor":13,"turns":3},{"damage":70,"enemies":"Hexaghost","floor":16,"turns":10},{"damage":16,"enemies":"2 Thieves","floor":18,"turns":3},{"damage":20,"enemies":"3 Byrds","floor":19,"turns":4},{"damage":20,"enemies":"3 Cultists","floor":23,"turns":4},{"damage":18,"enemies":"Centurion and Healer","floor":25,"turns":5},{"damage":76,"enemies":"Book of Stabbing","floor":28,"turns":6}],"seed_played":"1865405450574477865","potions_obtained":[{"floor":3,"key":"Swift Potion"},{"floor":7,"key":"Ancient Potion"},{"floor":11,"key":"Regen Potion"},{"floor":16,"key":"PowerPotion"},{"floor":23,"key":"FocusPotion"}],"is_trial":false,"path_per_floor":["?","?","?","?"],"character_chosen":"DEFECT","items_purchased":["Self Repair","Fusion","Leap","Redo"],"campfire_rested":3,"item_purchase_floors":[2,2,20,20],"current_hp_per_floor":[69,69,68,68,63,63,38,38,38,43,45,46,51,51,73,15,75,59,39,39,39,39,38,60,49,49,71,0],"gold":77,"neow_bonus":"UPGRADE_CARD","is_prod":false,"is_daily":false,"chose_seed":false,"campfire_upgraded":2,"win_rate":0.0,"timestamp":1551818377,"path_taken":["M","$","M","?","M","R","E","R","T","M","M","E","M","?","R","BOSS","M","M","$","?","?","M","R","M","T","R","E"],"build_version":"2019-01-23","purchased_purges":1,"victory":false,"max_hp_per_floor":[75,75,75,75,75,75,75,75,75,75,75,75,75,75,75,75,75,75,75,75,75,75,75,75,75,75,75,75],"card_choices":[{"not_picked":["Coolheaded","Double Energy"],"picked":"Sweeping Beam","floor":1},{"not_picked":["Aggregate","Redo"],"picked":"Conserve Battery","floor":3},{"not_picked":["Heatsinks","Stack"],"picked":"Streamline","floor":5},{"not_picked":["Chaos","Leap"],"picked":"Hyperbeam","floor":7},{"not_picked":["Hologram","Rebound"],"picked":"Leap","floor":10},{"not_picked":["Redo","Thunder Strike"],"picked":"Streamline","floor":11},{"not_picked":["Chill","Streamline"],"picked":"Loop","floor":12},{"not_picked":["Recycle","Steam","Static Discharge"],"picked":"Ball Lightning","floor":13},{"not_picked":["Core Surge","Meteor Strike","Multi-Cast"],"picked":"Biased Cognition","floor":16},{"not_picked":["Scrape+1","Compile Driver+1","Sweeping Beam"],"picked":"Hologram+1","floor":18},{"not_picked":["Beam Cell","Blizzard","Double Energy"],"picked":"Ball Lightning+1","floor":19},{"not_picked":["Cold Snap","Hello World+1","Chill"],"picked":"Recycle+1","floor":23},{"not_picked":["Core Surge","Hello World+1","Rebound+1"],"picked":"Melter","floor":25}],"player_experience":42583,"relics_obtained":[{"floor":7,"key":"Meat on the Bone"},{"floor":9,"key":"Potion Belt"},{"floor":12,"key":"Question Card"},{"floor":26,"key":"Girya"}],"event_choices":[{"damage_healed":0,"gold_gain":0,"player_choice":"Grow","damage_taken":0,"max_hp_gain":0,"max_hp_loss":0,"event_name":"Living Wall","floor":4,"gold_loss":0,"cards_upgraded":["Fusion"]},{"damage_healed":0,"gold_gain":0,"player_choice":"Left Gold","damage_taken":0,"max_hp_gain":0,"max_hp_loss":0,"event_name":"World of Goop","floor":14,"gold_loss":48},{"damage_healed":0,"gold_gain":0,"player_choice":"Read","damage_taken":0,"max_hp_gain":0,"max_hp_loss":0,"event_name":"The Library","floor":21,"gold_loss":0,"cards_obtained":["White Noise"]},{"damage_healed":0,"gold_gain":0,"player_choice":"Stole Relic","damage_taken":0,"relics_obtained":["Centennial Puzzle"],"max_hp_gain":0,"max_hp_loss":0,"event_name":"Addict","floor":22,"gold_loss":0,"cards_obtained":["Shame"]}],"is_beta":false,"boss_relics":[{"not_picked":["Black Star","Tiny House"],"picked":"Inserter"}],"items_purged_floors":[20],"is_endless":false,"potions_floor_spawned":[3,7,11,16,23],"killed_by":"Book of Stabbing","ascension_level":0}