{"path_per_floor":["M","M","?","M","M","E","R","M","T","E","M","E","?","M","R","B",null,"M","M","$","M","?","E","R","E","T","M","E","$","E","M","R","B",null,"M","M","M","?","?","B"],"character_chosen":"IRONCLAD","items_purchased":["Ornamental Fan","Shuriken"],"gold_per_floor":[119,135,135,154,166,199,199,213,260,295,312,342,342,361,361,464,464,484,495,179,193,193,226,226,255,279,297,330,90,118,130,130,225,225,242,260,277,277,277,277],"floor_reached":41,"campfire_rested":1,"playtime":3342,"current_hp_per_floor":[78,75,68,73,64,52,52,51,51,45,38,10,10,9,33,8,62,50,29,29,19,19,22,22,39,46,46,44,44,24,29,29,10,48,53,57,61,51,51,10],"items_purged":["Strike_R"],"gold":277,"score":1013,"play_id":"30f4f97d-076c-4d35-9760-7243b21ef42b","local_time":"20180418202729","is_prod":false,"is_daily":false,"chose_seed":false,"is_ascension_mode":true,"campfire_upgraded":3,"timestamp":1524076049,"path_taken":["M","M","?","M","M","E","R","M","T","E","?","E","?","M","R","BOSS","M","M","$","M","?","E","R","E","T","M","E","$","E","M","R","BOSS","M","M","M","?","?","BOSS"],"build_version":"2018-04-12","seed_source_timestamp":91964892140835,"purchased_purges":1,"victory":true,"master_deck":["Strike_R","Strike_R","Strike_R","Defend_R","Defend_R","Defend_R","Defend_R","Bash","Headbutt","Rampage+1","Cleave","Twin Strike","Iron Wave","Pommel Strike","Intimidate","Offering","Shrug It Off","Demon Form+1","Anger","Flame Barrier","True Grit+1","Ghostly","Ghostly","Ghostly","Ghostly","Ghostly","Warcry+1","Twin Strike","Burning Pact","Metallicize+1","Reaper","Havoc+1","Second Wind+1","Feel No Pain","Enlightenment","Dramatic Entrance","Purity"],"max_hp_per_floor":[80,80,80,80,80,80,80,80,80,80,80,80,80,80,80,80,80,80,80,80,80,40,40,40,54,61,61,61,61,61,61,61,61,61,61,61,61,61,61,61],"relics":["Burning Blood","Prayer Wheel","Dead Branch","Art of War","Ancient Tea Set","Kunai","Velvet Choker","Ornamental Fan","Orichalcum","Mango","Strawberry","Juzu Bracelet","Shuriken","Question Card","Mark of Pain"],"card_choices":[{"not_picked":["Armaments","Clash"],"picked":"Headbutt","floor":1},{"not_picked":["Body Slam","Perfected Strike"],"picked":"Rampage","floor":2},{"not_picked":["Warcry","Armaments"],"picked":"Cleave","floor":4},{"not_picked":["Flex","Berserk"],"picked":"Twin Strike","floor":5},{"not_picked":["Rage","Power Through"],"picked":"Iron Wave","floor":6},{"not_picked":["Thunderclap","Twin Strike"],"picked":"Pommel Strike","floor":9},{"not_picked":["Iron Wave","Flex"],"picked":"Intimidate","floor":10},{"not_picked":["Hemokinesis","Warcry"],"picked":"Offering","floor":11},{"not_picked":["Evolve","Flame Barrier"],"picked":"Shrug It Off","floor":14},{"not_picked":["Juggernaut","Berserk"],"picked":"Demon Form","floor":16},{"not_picked":["Sword Boomerang","Flame Barrier"],"picked":"Anger","floor":18},{"not_picked":["Armaments","Anger"],"picked":"Flame Barrier","floor":19},{"not_picked":["Heavy Blade","Headbutt"],"picked":"True Grit","floor":21},{"not_picked":["Hemokinesis","Juggernaut"],"picked":"Warcry","floor":25},{"not_picked":["Headbutt","Flex"],"picked":"Twin Strike","floor":26},{"not_picked":["Pommel Strike","Flex"],"picked":"Burning Pact","floor":27},{"not_picked":["Reckless Charge","Iron Wave"],"picked":"Metallicize","floor":28},{"not_picked":["Feed","Fiend Fire","Limit Break"],"picked":"Reaper","floor":33},{"not_picked":["Clothesline","Rage","Fire Breathing"],"picked":"Havoc","floor":35},{"not_picked":["Clothesline","Iron Wave","Perfected Strike"],"picked":"Second Wind","floor":36},{"not_picked":["Seeing Red","Havoc","Shockwave"],"picked":"Feel No Pain","floor":37},{"not_picked":["Finesse","Madness","Master of Strategy"],"picked":"Enlightenment","floor":38},{"not_picked":["Flash of Steel","Transmutation","Blind"],"picked":"Dramatic Entrance","floor":38},{"not_picked":["Good Instincts","Sadistic Nature","Master of Strategy"],"picked":"Purity","floor":38}],"player_experience":348341,"potions_floor_usage":[6,10,16,25,28,40,40],"damage_taken":[{"damage":0,"enemies":"2 Louse","floor":1,"turns":4},{"damage":9,"enemies":"Jaw Worm","floor":2,"turns":4},{"damage":1,"enemies":"Cultist","floor":4,"turns":3},{"damage":15,"enemies":"Lots of Slimes","floor":5,"turns":2},{"damage":18,"enemies":"Lagavulin","floor":6,"turns":6},{"damage":7,"enemies":"3 Louse","floor":8,"turns":3},{"damage":12,"enemies":"3 Sentries","floor":10,"turns":5},{"damage":13,"enemies":"Exordium Wildlife","floor":11,"turns":3},{"damage":34,"enemies":"Lagavulin","floor":12,"turns":5},{"damage":7,"enemies":"Blue Slaver","floor":14,"turns":4},{"damage":31,"enemies":"The Guardian","floor":16,"turns":9},{"damage":18,"enemies":"Spheric Guardian","floor":18,"turns":4},{"damage":27,"enemies":"Shell Parasite","floor":19,"turns":6},{"damage":16,"enemies":"Sentry and Sphere","floor":21,"turns":6},{"damage":3,"enemies":"Slavers","floor":23,"turns":9},{"damage":3,"enemies":"Gremlin Leader","floor":25,"turns":7},{"damage":6,"enemies":"Snecko","floor":27,"turns":5},{"damage":17,"enemies":"Slavers","floor":28,"turns":6},{"damage":26,"enemies":"Gremlin Leader","floor":30,"turns":8},{"damage":1,"enemies":"Centurion and Healer","floor":31,"turns":8},{"damage":25,"enemies":"Champ","floor":33,"turns":8},{"damage":1,"enemies":"3 Darklings","floor":35,"turns":5},{"damage":2,"enemies":"3 Shapes","floor":36,"turns":4},{"damage":1,"enemies":"Sphere and 2 Shapes","floor":37,"turns":6},{"damage":47,"enemies":"Donu and Deca","floor":40,"turns":9}],"event_choices":[{"event_name":"Golden Wing","player_choice":"Card Removal","floor":3,"damage_taken":0},{"event_name":"Golden Idol","player_choice":"Ignored","floor":13,"damage_taken":0},{"event_name":"Ghosts","player_choice":"Became a Ghost","floor":22,"damage_taken":0},{"event_name":"SensoryStone","player_choice":"Memory 3","floor":38,"damage_taken":0},{"event_name":"SecretPortal","player_choice":"Took Portal.","floor":39,"damage_taken":0}],"boss_relics":[{"not_picked":["Orrery","Lizard Tail"],"picked":"Velvet Choker"},{"not_picked":["Eternal Feather","Astrolabe"],"picked":"Mark of Pain"}],"potions_floor_spawned":[2,4,6,8,12,14,18,27,30,31,33,36,37],"seed_played":"-8400521817923579906","ascension_level":8,"is_trial":false}