{"path_per_floor":["M","M","$","M","M","E","R","M","T","M","R","?","R","M","R","B",null,"M","M","M","?","$"],"character_chosen":"IRONCLAD","items_purchased":["Apotheosis","Finesse"],"gold_per_floor":[111,130,130,144,159,184,184,199,223,236,236,201,201,212,212,309,309,324,336,356,281,2],"floor_reached":23,"campfire_rested":0,"playtime":1293,"current_hp_per_floor":[80,80,80,76,60,52,52,54,54,60,60,80,80,71,71,33,80,49,46,36,36,36],"items_purged":[],"gold":2,"play_id":"9dc714ec-1ec3-4f5f-86d9-abde47821f5b","is_prod":false,"is_daily":false,"campfire_rituals":0,"campfire_upgraded":4,"is_hardmode":false,"path_taken":["M","M","$","M","M","E","R","M","T","M","R","?","R","M","R","BOSS","M","M","M","?","$","E"],"build_version":"2017-12-21-PROD1","purchased_purges":0,"victory":false,"master_deck":["Strike_R","Strike_R","Strike_R","Strike_R","Strike_R","Defend_R","Defend_R","Defend_R","Inflame","Heavy Blade","Cleave","Shockwave","Whirlwind","Dual Wield","Spot Weakness","Whirlwind","Uppercut","Double Tap","Perfected Strike","Blood for Blood","Metallicize","Anger","Double Tap","Rampage","Pommel Strike","Heavy Blade","Apotheosis","Finesse"],"max_hp_per_floor":[80,80,80,80,80,80,80,80,80,80,80,80,80,80,80,80,80,80,80,80,80,80],"relics":["Burning Blood","Bag of Preparation","Whetstone","Orrery"],"campfire_meditates":0,"card_choices":[{"not_picked":["Power Through","Combust"],"picked":"Heavy Blade"},{"not_picked":["Sword Boomerang","Pommel Strike"],"picked":"Cleave"},{"not_picked":["Seeing Red","Iron Wave"],"picked":"Shockwave"},{"not_picked":["Corruption","Twin Strike"],"picked":"Whirlwind"},{"not_picked":["Infernal Blade","Shrug It Off"],"picked":"Dual Wield"},{"not_picked":["Twin Strike","Clash"],"picked":"Spot Weakness"},{"not_picked":["Clothesline","Headbutt"],"picked":"Whirlwind"},{"not_picked":["Dropkick","Second Wind"],"picked":"Uppercut"},{"not_picked":["Juggernaut","Bludgeon"],"picked":"Double Tap"},{"not_picked":["Uppercut","True Grit"],"picked":"Perfected Strike"},{"not_picked":["Rupture","Iron Wave"],"picked":"Blood for Blood"},{"not_picked":["Cleave","Iron Wave"],"picked":"Metallicize"},{"not_picked":["Rage","Combust"],"picked":"Anger"},{"not_picked":["Anger","Shrug It Off"],"picked":"Double Tap"},{"not_picked":["Clash","Blood for Blood"],"picked":"Rampage"},{"not_picked":["Clash","Twin Strike"],"picked":"Pommel Strike"},{"not_picked":["Sever Soul","Disarm"],"picked":"Heavy Blade"}],"player_experience":18606,"potions_floor_usage":[],"damage_taken":[{"damage":5,"enemies":"Looter","floor":1,"turns":4},{"damage":1,"enemies":"Cultist","floor":2,"turns":3},{"damage":10,"enemies":"Jaw Worm","floor":4,"turns":4},{"damage":22,"enemies":"Exordium Wildlife","floor":5,"turns":4},{"damage":14,"enemies":"Gremlin Nob","floor":6,"turns":4},{"damage":4,"enemies":"Large Slime","floor":8,"turns":5},{"damage":0,"enemies":"Gremlin Gang","floor":10,"turns":1},{"damage":15,"enemies":"Exordium Wildlife","floor":14,"turns":3},{"damage":44,"enemies":"Hexaghost","floor":16,"turns":7},{"damage":37,"enemies":"Chosen","floor":18,"turns":5},{"damage":9,"enemies":"3 Byrds","floor":19,"turns":3},{"damage":16,"enemies":"Snecko","floor":20,"turns":4},{"damage":39,"enemies":"Slavers","floor":23,"turns":2}],"event_choices":[{"event_name":"The Cleric","player_choice":"Healed","floor":12,"damage_taken":0},{"event_name":"Beggar","player_choice":"Gave Gold","floor":21,"damage_taken":0}],"boss_relics":[{"not_picked":["Cursed Key","Snecko Eye"],"picked":"Orrery"}],"potions_floor_spawned":[1,5,8,10,14,19,20],"seed_played":"-4016797859048950262","killed_by":"Slavers","is_trial":false}