{"gold_per_floor":[369,519,519,533,4,35,45,45,45,55,55,75,75,0,0,0],"floor_reached":16,"playtime":577,"items_purged":["Doubt"],"score":244,"play_id":"1c7bba99-20a6-4d6a-a810-4b24b6d90b6e","local_time":"20190206165612","is_ascension_mode":true,"campfire_choices":[{"data":"Defragment","floor":8,"key":"SMITH"},{"data":"Genetic Algorithm","floor":13,"key":"SMITH"},{"data":"Zap","floor":15,"key":"SMITH"}],"neow_cost":"TEN_PERCENT_HP_LOSS","seed_source_timestamp":25147122795500,"circlet_count":0,"master_deck":["AscendersBane","Strike_B","Strike_B","Strike_B","Defend_B","Defend_B","Defend_B","Defend_B","Zap+1","Dualcast","Sweeping Beam","Defragment+1","Genetic Algorithm+1","Ball Lightning","Chill+1","Steam+1","Loop","Electrodynamics+1","Stack"],"relics":["Cracked Core","Lantern","Membership Card","Bag of Preparation","Smiling Mask","Frozen Egg 2"],"potions_floor_usage":[6,10,16,16],"damage_taken":[{"damage":7,"enemies":"2 Louse","floor":1,"turns":3},{"damage":3,"enemies":"Small Slimes","floor":4,"turns":3},{"damage":0,"enemies":"3 Sentries","floor":6,"turns":8},{"damage":0,"enemies":"Jaw Worm","floor":7,"turns":3},{"damage":0,"enemies":"Looter","floor":10,"turns":2},{"damage":0,"enemies":"Gremlin Gang","floor":12,"turns":3},{"damage":31,"enemies":"Hexaghost","floor":16,"turns":7}],"seed_played":"-4509995611496711498","potions_obtained":[{"floor":7,"key":"Poison Potion"},{"floor":12,"key":"Explosive Potion"}],"is_trial":false,"path_per_floor":["M","?","?","M","$","E","M","R","T","M","?","M","R","?","R","B"],"character_chosen":"DEFECT","items_purchased":["Membership Card","Defragment","Bag of Preparation","Genetic Algorithm","Ball Lightning","Chill","Block Potion","Fire Potion"],"campfire_rested":0,"item_purchase_floors":[5,5,5,5,5,5,5,5],"current_hp_per_floor":[57,57,46,43,43,43,43,43,43,43,24,24,24,24,24,0],"gold":0,"neow_bonus":"TWO_FIFTY_GOLD","is_prod":false,"is_daily":false,"chose_seed":false,"campfire_upgraded":3,"win_rate":0,"timestamp":1549500972,"path_taken":["M","?","?","M","$","E","M","R","T","M","?","M","R","?","R","BOSS"],"build_version":"2019-01-23","purchased_purges":1,"victory":false,"max_hp_per_floor":[64,64,64,64,64,64,64,64,64,64,64,64,64,64,64,64],"card_choices":[{"not_picked":["Rebound","Rip and Tear"],"picked":"Sweeping Beam","floor":1},{"not_picked":["Chaos","Rebound","Compile Driver"],"picked":"SKIP","floor":4},{"not_picked":["Doom and Gloom","Rip and Tear"],"picked":"Steam","floor":6},{"not_picked":["Chill","Sweeping Beam"],"picked":"Loop","floor":7},{"not_picked":["Blizzard","Beam Cell"],"picked":"Electrodynamics+1","floor":10},{"not_picked":["Rebound","Darkness"],"picked":"Stack","floor":12}],"player_experience":641061,"relics_obtained":[{"floor":6,"key":"Smiling Mask"},{"floor":9,"key":"Frozen Egg 2"}],"event_choices":[{"damage_healed":0,"gold_gain":150,"player_choice":"AGREE","damage_taken":0,"max_hp_gain":0,"max_hp_loss":0,"event_name":"Liars Game","floor":2,"gold_loss":0,"cards_obtained":["Doubt"]},{"damage_healed":0,"gold_gain":0,"player_choice":"Success","damage_taken":11,"relics_obtained":["Lantern"],"max_hp_gain":0,"max_hp_loss":0,"event_name":"Scrap Ooze","floor":3,"gold_loss":0},{"damage_healed":0,"gold_gain":0,"player_choice":"Entered Light","damage_taken":19,"max_hp_gain":0,"max_hp_loss":0,"event_name":"Shining Light","floor":11,"gold_loss":0,"cards_upgraded":["Chill","Steam"]},{"cards_removed":["Strike_B"],"damage_healed":0,"gold_gain":0,"player_choice":"Card Removal","damage_taken":0,"max_hp_gain":0,"max_hp_loss":0,"event_name":"The Cleric","floor":14,"gold_loss":75}],"is_beta":false,"boss_relics":[],"items_purged_floors":[5],"is_endless":false,"potions_floor_spawned":[7,12],"killed_by":"Hexaghost","ascension_level":19}