{"gold_per_floor":[116,116,133,133,152,185,185,216,216,216,231,243,243],"floor_reached":13,"playtime":459,"items_purged":[],"score":190,"play_id":"47947fc2-79e1-49f8-8280-a0cd10b6cf0e","local_time":"20190210032036","is_ascension_mode":true,"campfire_choices":[{"data":"Sunder","floor":7,"key":"SMITH"},{"data":"Streamline","floor":10,"key":"SMITH"}],"neow_cost":"NONE","seed_source_timestamp":321934523637700,"circlet_count":0,"master_deck":["AscendersBane","Strike_B","Strike_B","Strike_B","Strike_B","Defend_B+1","Defend_B","Defend_B","Defend_B","Zap+1","Dualcast","Sunder+1","Static Discharge","White Noise","Streamline+1","Conserve Battery","Consume","Reinforced Body","Genetic Algorithm"],"relics":["Runic Pyramid","Happy Flower","Matryoshka","Art of War","Anchor"],"potions_floor_usage":[8,8,11,12],"damage_taken":[{"damage":2,"enemies":"2 Louse","floor":1,"turns":4},{"damage":7,"enemies":"Cultist","floor":3,"turns":5},{"damage":1,"enemies":"Small Slimes","floor":5,"turns":4},{"damage":12,"enemies":"Lagavulin","floor":6,"turns":6},{"damage":7,"enemies":"Gremlin Nob","floor":8,"turns":3},{"damage":0,"enemies":"Looter","floor":11,"turns":2},{"damage":3,"enemies":"Exordium Thugs","floor":12,"turns":4},{"damage":11,"enemies":"Gremlin Gang","floor":13,"turns":2}],"seed_played":"-6026929245883568024","potions_obtained":[{"floor":1,"key":"SteroidPotion"},{"floor":5,"key":"Poison Potion"},{"floor":8,"key":"SkillPotion"},{"floor":11,"key":"Fire Potion"}],"is_trial":false,"path_per_floor":["M","?","M","?","M","E","R","E","T","R","M","M","M"],"character_chosen":"DEFECT","items_purchased":[],"campfire_rested":0,"item_purchase_floors":[],"current_hp_per_floor":[62,62,55,34,33,21,21,14,14,14,14,11,0],"gold":243,"neow_bonus":"BOSS_RELIC","is_prod":false,"is_daily":false,"chose_seed":false,"campfire_upgraded":2,"win_rate":0,"timestamp":1549797636,"path_taken":["M","?","?","?","M","E","R","E","T","R","M","M","M"],"build_version":"2019-01-23","purchased_purges":0,"victory":false,"max_hp_per_floor":[71,71,71,71,71,71,71,71,71,71,71,71,71],"card_choices":[{"not_picked":["Sweeping Beam","Compile Driver"],"picked":"Sunder","floor":1},{"not_picked":["Streamline","Barrage"],"picked":"White Noise","floor":3},{"not_picked":["Hologram","Rip and Tear"],"picked":"Streamline","floor":5},{"not_picked":["Hologram","All For One"],"picked":"Conserve Battery","floor":6},{"not_picked":["Cold Snap","Auto Shields"],"picked":"Consume","floor":8},{"not_picked":["Stack","BootSequence"],"picked":"Reinforced Body","floor":11},{"not_picked":["Consume","Cold Snap"],"picked":"Genetic Algorithm","floor":12}],"player_experience":675016,"relics_obtained":[{"floor":6,"key":"Happy Flower"},{"floor":8,"key":"Matryoshka"},{"floor":9,"key":"Art of War"},{"floor":9,"key":"Anchor"}],"event_choices":[{"damage_healed":0,"gold_gain":0,"player_choice":"1 cards matched","damage_taken":0,"max_hp_gain":0,"max_hp_loss":0,"event_name":"Match and Keep!","floor":2,"gold_loss":0,"cards_obtained":["Static Discharge"]},{"damage_healed":0,"gold_gain":0,"player_choice":"Entered Light","damage_taken":21,"max_hp_gain":0,"max_hp_loss":0,"event_name":"Shining Light","floor":4,"gold_loss":0,"cards_upgraded":["Zap","Defend_B"]}],"is_beta":false,"boss_relics":[],"items_purged_floors":[],"is_endless":false,"potions_floor_spawned":[1,5,8,11],"killed_by":"Gremlin Gang","ascension_level":20}