{"gold_per_floor":[117,117,292,292,305,345,345,383,383,383,403,403,403,421,421,421],"floor_reached":16,"playtime":481,"items_purged":[],"score":133,"play_id":"b3c1ea23-d88b-4404-8da8-9576cec8dfa6","local_time":"20190102043031","is_ascension_mode":false,"campfire_choices":[{"data":"Battle Trance","floor":10.0,"key":"SMITH"},{"data":"Armaments","floor":13.0,"key":"SMITH"},{"data":"Corruption","floor":15.0,"key":"SMITH"}],"neow_cost":"NONE","seed_source_timestamp":667542102125199,"circlet_count":0,"master_deck":["Strike_R","Strike_R","Strike_R","Strike_R","Strike_R","Defend_R","Defend_R","Defend_R","Defend_R","Bash","Armaments+1","Entrench","Whirlwind+1","Battle Trance+1","Corruption+1"],"special_seed":0,"relics":["Burning Blood","NeowsBlessing","Golden Idol","Vajra","Letter Opener","Singing Bowl"],"potions_floor_usage":[],"damage_taken":[{"damage":0.0,"enemies":"Jaw Worm","floor":1.0,"turns":1.0},{"damage":0.0,"enemies":"2 Louse","floor":5.0,"turns":1.0},{"damage":0.0,"enemies":"Lagavulin","floor":6.0,"turns":1.0},{"damage":25.0,"enemies":"3 Sentries","floor":8.0,"turns":7.0},{"damage":5.0,"enemies":"Small Slimes","floor":11.0,"turns":2.0},{"damage":0.0,"enemies":"2 Fungi Beasts","floor":14.0,"turns":2.0},{"damage":62,"enemies":"Hexaghost","floor":16,"turns":10}],"seed_played":"472464489537656512","potions_obtained":[{"floor":6.0,"key":"Fire Potion"},{"floor":8.0,"key":"Explosive Potion"},{"floor":14.0,"key":"GamblersBrew"}],"is_trial":false,"path_per_floor":["M","?","?","?","M","E","?","E","T","R","M","?","R","M","R","B"],"character_chosen":"IRONCLAD","items_purchased":[],"campfire_rested":0,"item_purchase_floors":[],"current_hp_per_floor":[80,60,60,53,59,65,70,51,51,51,54,54,54,60,60,0],"gold":421,"neow_bonus":"THREE_ENEMY_KILL","is_prod":false,"is_daily":false,"chose_seed":false,"campfire_upgraded":3,"win_rate":0,"timestamp":1546421431,"path_taken":["M","?","?","?","M","E","?","E","T","R","?","?","R","?","R","BOSS"],"build_version":"2018-12-20","purchased_purges":0,"victory":false,"max_hp_per_floor":[80,80,80,80,80,80,85,85,85,85,87,87,87,87,87,87],"card_choices":[{"not_picked":["Fire Breathing","Clash"],"picked":"Armaments","floor":1.0},{"not_picked":["Reckless Charge","Wild Strike"],"picked":"Entrench","floor":5.0},{"not_picked":["Perfected Strike","Pommel Strike"],"picked":"Whirlwind","floor":6.0},{"not_picked":["Shrug It Off","Perfected Strike"],"picked":"Battle Trance","floor":8.0},{"not_picked":["Havoc","Bloodletting","Dual Wield"],"picked":"Singing Bowl","floor":11.0},{"not_picked":["Hemokinesis","Demon Form"],"picked":"Corruption","floor":14.0}],"player_experience":399869,"relics_obtained":[{"floor":6.0,"key":"Vajra"},{"floor":8.0,"key":"Letter Opener"},{"floor":9.0,"key":"Singing Bowl"}],"event_choices":[{"damage_healed":0.0,"max_hp_gain":0.0,"max_hp_loss":0.0,"gold_gain":0.0,"event_name":"Golden Idol","player_choice":"Take Damage","floor":2.0,"gold_loss":0.0,"damage_taken":20.0,"relics_obtained":["Golden Idol"]},{"damage_healed":0.0,"max_hp_gain":0.0,"max_hp_loss":0.0,"gold_gain":175.0,"event_name":"Liars Game","player_choice":"AGREE","floor":3.0,"gold_loss":0.0,"damage_taken":0.0,"cards_obtained":["Doubt"]},{"cards_removed":["Doubt"],"damage_healed":0.0,"max_hp_gain":0.0,"max_hp_loss":0.0,"gold_gain":0.0,"event_name":"Golden Wing","player_choice":"Card Removal","floor":4.0,"gold_loss":0.0,"damage_taken":7.0},{"damage_healed":0.0,"max_hp_gain":5.0,"max_hp_loss":0.0,"gold_gain":0.0,"event_name":"Big Fish","player_choice":"Donut","floor":7.0,"gold_loss":0.0,"damage_taken":0.0},{"damage_healed":0.0,"max_hp_gain":0.0,"max_hp_loss":0.0,"gold_gain":0.0,"event_name":"Upgrade Shrine","player_choice":"Upgraded","floor":12.0,"gold_loss":0.0,"damage_taken":0.0,"cards_upgraded":["Whirlwind"]}],"is_beta":false,"boss_relics":[],"items_purged_floors":[],"is_endless":false,"potions_floor_spawned":[6,8,14],"killed_by":"Hexaghost","ascension_level":0}