{"gold_per_floor":[115,115,40,5,180,180,208,208,257,6,21,32,60,60,60,164,164,177,177,195,70,87,120,120,120,120,153,153,153,153,3,3,99,99,112,112,45,45,55,55,84,102,157,167,167,84,84,84,84,84,84,84,4,36,36],"floor_reached":55,"playtime":3034,"items_purged":["Regret","Doubt","Pain","Strike_B"],"score":941,"play_id":"509aaea5-105d-41df-9b5e-2f88ca319d02","local_time":"20181113165100","is_ascension_mode":true,"campfire_choices":[{"data":"Zap","floor":6,"key":"SMITH"},{"floor":8,"key":"REST"},{"floor":15,"key":"REST"},{"data":"Chill","floor":24,"key":"SMITH"},{"floor":28,"key":"REST"},{"floor":30,"key":"REST"},{"floor":32,"key":"RECALL"},{"floor":40,"key":"REST"},{"floor":45,"key":"DIG"},{"floor":47,"key":"DIG"},{"data":"1","floor":49,"key":"LIFT"},{"data":"2","floor":52,"key":"LIFT"}],"neow_cost":"NONE","seed_source_timestamp":2878390075007274,"circlet_count":0,"master_deck":["Strike_B","Strike_B","Defend_B","Defend_B","Defend_B","Zap+1","Dualcast","Ball Lightning","Cold Snap","Defragment","Glacier","Ball Lightning","Melter","Core Surge","Cold Snap","Capacitor","Rainbow","Electrodynamics","Doom and Gloom","Coolheaded","Storm+1","Self Repair","Chill+1","Skim+1","Tempest","Defragment","Fission","Leap+1","Self Repair","Trip","Magnetism","Mind Blast","Self Repair+1","Glacier+1","Tempest+1","Beam Cell+1","Melter+1","Recycle+1","Defragment","Defragment"],"relics":["Cracked Core","Bronze Scales","Prayer Wheel","Juzu Bracelet","Odd Mushroom","WarpedTongs","Velvet Choker","Enchiridion","Mango","Red Mask","Fusion Hammer","Shovel","Tiny Chest","Darkstone Periapt","Girya","Bird Faced Urn","Kunai"],"potions_floor_usage":[13,16,44,50,54,55],"damage_taken":[{"damage":2,"enemies":"Jaw Worm","floor":1,"turns":3},{"damage":47,"enemies":"Lagavulin","floor":7,"turns":6},{"damage":0,"enemies":"2 Louse","floor":11,"turns":1},{"damage":0,"enemies":"Cultist","floor":12,"turns":2},{"damage":9,"enemies":"The Mushroom Lair","floor":13,"turns":3},{"damage":15,"enemies":"Slime Boss","floor":16,"turns":9},{"damage":3,"enemies":"3 Byrds","floor":18,"turns":3},{"damage":5,"enemies":"Spheric Guardian","floor":20,"turns":3},{"damage":15,"enemies":"Centurion and Healer","floor":22,"turns":4},{"damage":8,"enemies":"Slavers","floor":23,"turns":4},{"damage":35,"enemies":"Masked Bandits","floor":27,"turns":4},{"damage":60,"enemies":"Automaton","floor":33,"turns":7},{"damage":0,"enemies":"3 Darklings","floor":35,"turns":1},{"damage":8,"enemies":"3 Shapes","floor":39,"turns":3},{"damage":60,"enemies":"Reptomancer","floor":41,"turns":5},{"damage":10,"enemies":"Sphere and 2 Shapes","floor":42,"turns":4},{"damage":0,"enemies":"Transient","floor":44,"turns":5},{"damage":40,"enemies":"Time Eater","floor":50,"turns":9},{"damage":45,"enemies":"Shield and Spear","floor":54,"turns":5},{"damage":79,"enemies":"The Heart","floor":55,"turns":5}],"seed_played":"-5723197122761734784","potions_obtained":[{"floor":11,"key":"Fire Potion"},{"floor":13,"key":"FearPotion"},{"floor":16,"key":"Poison Potion"},{"floor":20,"key":"FearPotion"},{"floor":33,"key":"SkillPotion"},{"floor":39,"key":"EssenceOfSteel"}],"is_trial":false,"path_per_floor":["M","?","$","?","?","R","E","R","T","$","M","M","?","?","R","B",null,"M","?","M","$","M","E","R","?","T","?","R","?","R","$","R","B",null,"M","?","$","?","M","R","E","M","T","M","R","$","R","T","R","B",null,"R","$","E","B"],"character_chosen":"DEFECT","items_purchased":["Glacier","Ball Lightning","Melter","Self Repair","Defragment","PowerPotion","Defragment"],"campfire_rested":5,"item_purchase_floors":[10,10,10,37,46,46,53],"current_hp_per_floor":[66,66,66,75,75,75,28,50,50,50,50,50,41,41,63,48,68,65,49,44,44,39,52,52,52,52,24,50,50,76,76,76,23,73,80,80,80,70,69,89,46,53,53,70,70,70,70,70,70,77,86,86,86,65,0],"gold":36,"neow_bonus":"TRANSFORM_CARD","is_prod":false,"is_daily":false,"chose_seed":false,"campfire_upgraded":2,"win_rate":0,"timestamp":1542124260,"path_taken":["M","?","$","?","?","R","E","R","T","$","M","M","?","?","R","BOSS","M","?","M","$","M","E","R","?","T","?","R","?","R","?","R","BOSS","M","?","$","?","M","R","E","M","T","M","R","$","R","?","R","BOSS","R","$","E","BOSS"],"build_version":"2018-11-12","purchased_purges":4,"victory":false,"max_hp_per_floor":[75,75,75,75,75,75,75,75,75,75,75,75,75,75,75,75,75,75,75,75,75,75,89,89,89,89,89,89,89,89,89,89,89,89,89,89,89,89,89,89,89,89,89,89,89,89,89,89,89,89,89,89,89,89,89],"card_choices":[{"not_picked":["Gash","Rebound"],"picked":"Cold Snap","floor":1},{"not_picked":["Ball Lightning","Compile Driver"],"picked":"Defragment","floor":7},{"not_picked":["Stack","Ball Lightning"],"picked":"Core Surge","floor":11},{"not_picked":["Gash","Redo"],"picked":"Cold Snap","floor":11},{"not_picked":["Hologram","Gash"],"picked":"Capacitor","floor":12},{"not_picked":["Chaos","Rip and Tear","Compile Driver"],"picked":"SKIP","floor":12},{"not_picked":["Steam","Ball Lightning"],"picked":"Rainbow","floor":13},{"not_picked":["Machine Learning","Fission"],"picked":"Electrodynamics","floor":16},{"not_picked":["Leap","Ball Lightning+1"],"picked":"Doom and Gloom","floor":18},{"not_picked":["Static Discharge","Ball Lightning"],"picked":"Coolheaded","floor":18},{"not_picked":["Turbo","Doom and Gloom+1"],"picked":"Storm+1","floor":20},{"not_picked":["White Noise+1","Steam"],"picked":"Self Repair","floor":20},{"not_picked":["Chaos","Streamline"],"picked":"Chill","floor":22},{"not_picked":["Turbo","Gash"],"picked":"Skim+1","floor":22},{"not_picked":["Hologram","Biased Cognition"],"picked":"Tempest","floor":23},{"not_picked":["Machine Learning","Seek"],"picked":"Fission","floor":33},{"not_picked":["Beam Cell","Darkness"],"picked":"Leap+1","floor":35},{"not_picked":["Chaos","Steam Power","Hologram"],"picked":"SKIP","floor":35},{"not_picked":["Enlightenment","Jack Of All Trades"],"picked":"Trip","floor":38},{"not_picked":["Madness","Jack Of All Trades"],"picked":"Magnetism","floor":38},{"not_picked":["Good Instincts","Sadistic Nature"],"picked":"Mind Blast","floor":38},{"not_picked":["Gash","Conserve Battery"],"picked":"Self Repair+1","floor":39},{"not_picked":["Fusion","Stack+1"],"picked":"Glacier+1","floor":39},{"not_picked":["Blizzard","Seek"],"picked":"Tempest+1","floor":41},{"not_picked":["Consume","Streamline"],"picked":"Beam Cell+1","floor":42},{"not_picked":["Consume+1","Fusion","Tempest"],"picked":"SKIP","floor":42},{"not_picked":["Rebound","Aggregate+1"],"picked":"Melter+1","floor":44},{"not_picked":["BootSequence+1","Redo+1"],"picked":"Recycle+1","floor":44},{"not_picked":["Compile Driver+1","Conserve Battery","Hologram"],"picked":"SKIP","floor":54}],"player_experience":360352,"relics_obtained":[{"floor":7,"key":"Prayer Wheel"},{"floor":9,"key":"Juzu Bracelet"},{"floor":13,"key":"Odd Mushroom"},{"floor":19,"key":"Enchiridion"},{"floor":23,"key":"Mango"},{"floor":27,"key":"Red Mask"},{"floor":41,"key":"Shovel"},{"floor":43,"key":"Tiny Chest"},{"floor":45,"key":"Darkstone Periapt"},{"floor":47,"key":"Girya"},{"floor":48,"key":"Bird Faced Urn"},{"floor":54,"key":"Kunai"}],"event_choices":[{"damage_healed":0,"gold_gain":0,"player_choice":"Box","damage_taken":0,"relics_obtained":["Bronze Scales"],"max_hp_gain":0,"max_hp_loss":0,"event_name":"Big Fish","floor":2,"gold_loss":0,"cards_obtained":["Regret"]},{"damage_healed":18,"gold_gain":0,"player_choice":"Healed","damage_taken":0,"max_hp_gain":0,"max_hp_loss":0,"event_name":"The Cleric","floor":4,"gold_loss":35},{"damage_healed":0,"gold_gain":175,"player_choice":"AGREE","damage_taken":0,"max_hp_gain":0,"max_hp_loss":0,"event_name":"Liars Game","floor":5,"gold_loss":0,"cards_obtained":["Doubt"]},{"damage_healed":0,"gold_gain":0,"player_choice":"Fought Mushrooms","damage_taken":0,"max_hp_gain":0,"max_hp_loss":0,"event_name":"Mushrooms","floor":13,"gold_loss":0},{"damage_healed":0,"gold_gain":0,"player_choice":"Rummage","damage_taken":0,"relics_obtained":["WarpedTongs"],"max_hp_gain":0,"max_hp_loss":0,"event_name":"Accursed Blacksmith","floor":14,"gold_loss":0,"cards_obtained":["Pain"]},{"damage_healed":0,"gold_gain":0,"player_choice":"Obtained Book","damage_taken":16,"max_hp_gain":0,"max_hp_loss":0,"event_name":"Cursed Tome","floor":19,"gold_loss":0},{"damage_healed":0,"gold_gain":0,"player_choice":"Ignored","damage_taken":0,"max_hp_gain":0,"max_hp_loss":0,"event_name":"Vampires","floor":25,"gold_loss":0},{"damage_healed":0,"gold_gain":0,"player_choice":"Fought Bandits","damage_taken":0,"max_hp_gain":0,"max_hp_loss":0,"event_name":"Masked Bandits","floor":27,"gold_loss":0},{"damage_healed":0,"gold_gain":0,"player_choice":"Read","damage_taken":0,"max_hp_gain":0,"max_hp_loss":0,"event_name":"The Library","floor":29,"gold_loss":0,"cards_obtained":["Defragment"]},{"cards_removed":["Defend_B"],"damage_healed":0,"gold_gain":0,"player_choice":"Offered Basic","damage_taken":0,"max_hp_gain":0,"max_hp_loss":0,"event_name":"Bonfire Elementals","floor":36,"gold_loss":0},{"damage_healed":0,"gold_gain":0,"player_choice":"Memory 3","damage_taken":10,"max_hp_gain":0,"max_hp_loss":0,"event_name":"SensoryStone","floor":38,"gold_loss":0}],"is_beta":true,"boss_relics":[{"not_picked":["Orrery","Coffee Dripper"],"picked":"Velvet Choker"},{"not_picked":["Calling Bell","Black Star"],"picked":"Fusion Hammer"}],"items_purged_floors":[3,10,21,31],"is_endless":false,"potions_floor_spawned":[11,13,16,20,33,39,42],"killed_by":"The Heart","ascension_level":6}