{"gold_per_floor":[115,126,126,138,152,152,166,131,208,5,18,18,18,33,33,110,110,129,129],"floor_reached":19,"playtime":627,"items_purged":[],"score":322,"play_id":"b738c7a3-c631-4271-a761-8243494e55ae","local_time":"20190228221811","is_ascension_mode":true,"campfire_choices":[{"data":"Ball Lightning","floor":6,"key":"SMITH"},{"data":"Defragment","floor":12,"key":"SMITH"},{"floor":15,"key":"REST"}],"neow_cost":"NONE","seed_source_timestamp":1945239544266300,"circlet_count":0,"master_deck":["AscendersBane","Strike_B","Strike_B","Strike_B","Strike_B","Defend_B","Defend_B","Defend_B+1","Defend_B","Zap+1","Dualcast","Steam+1","Capacitor","Ball Lightning+1","Go for the Eyes","Sunder","Capacitor","Defragment+1","Ball Lightning","Rainbow","Cold Snap"],"relics":["FrozenCore","Bottled Tornado","Potion Belt"],"potions_floor_usage":[16,19],"damage_taken":[{"damage":12,"enemies":"Jaw Worm","floor":1,"turns":3},{"damage":7,"enemies":"Small Slimes","floor":2,"turns":3},{"damage":3,"enemies":"2 Louse","floor":4,"turns":2},{"damage":6,"enemies":"Blue Slaver","floor":5,"turns":4},{"damage":11,"enemies":"Large Slime","floor":7,"turns":5},{"damage":11,"enemies":"Red Slaver","floor":11,"turns":4},{"damage":23,"enemies":"Lots of Slimes","floor":14,"turns":3},{"damage":28,"enemies":"Slime Boss","floor":16,"turns":6},{"damage":30,"enemies":"3 Byrds","floor":18,"turns":6},{"damage":33,"enemies":"Colosseum Slavers","floor":19,"turns":4}],"seed_played":"9188609969451670557","potions_obtained":[{"floor":4,"key":"Energy Potion"},{"floor":5,"key":"Strength Potion"},{"floor":11,"key":"FearPotion"},{"floor":14,"key":"Explosive Potion"}],"is_trial":false,"path_per_floor":["M","M","?","M","M","R","M","?","T","$","M","R","?","M","R","B",null,"M","?"],"character_chosen":"DEFECT","items_purchased":["Potion Belt","Capacitor"],"campfire_rested":1,"item_purchase_floors":[10,10],"current_hp_per_floor":[52,45,24,21,15,15,4,21,21,21,10,10,33,10,31,3,54,24,0],"gold":129,"neow_bonus":"UPGRADE_CARD","is_prod":false,"is_daily":false,"chose_seed":false,"campfire_upgraded":2,"win_rate":0,"timestamp":1551421091,"path_taken":["M","M","?","M","M","R","M","?","T","$","M","R","?","M","R","BOSS","M","?"],"build_version":"2019-01-23","purchased_purges":0,"victory":false,"max_hp_per_floor":[71,71,71,71,71,71,71,71,71,71,71,71,71,71,71,71,71,71,71],"card_choices":[{"not_picked":["Scrape","Undo"],"picked":"Steam","floor":1},{"not_picked":["Force Field","Hologram"],"picked":"Capacitor","floor":2},{"not_picked":["Steam","Reprogram"],"picked":"Ball Lightning","floor":4},{"not_picked":["Gash","Heatsinks"],"picked":"Go for the Eyes","floor":5},{"not_picked":["Barrage","Beam Cell"],"picked":"Sunder","floor":7},{"not_picked":["Redo","Conserve Battery"],"picked":"Defragment","floor":11},{"not_picked":["Reprogram","Static Discharge"],"picked":"Ball Lightning","floor":14},{"not_picked":["Buffer","Reboot"],"picked":"Rainbow","floor":16},{"not_picked":["Redo","Ball Lightning"],"picked":"Cold Snap","floor":18}],"player_experience":773361,"relics_obtained":[{"floor":9,"key":"Bottled Tornado"}],"event_choices":[{"damage_healed":0,"gold_gain":0,"player_choice":"Entered Light","damage_taken":21,"max_hp_gain":0,"max_hp_loss":0,"event_name":"Shining Light","floor":3,"gold_loss":0,"cards_upgraded":["Steam","Defend_B"]},{"damage_healed":17,"gold_gain":0,"player_choice":"Healed","damage_taken":0,"max_hp_gain":0,"max_hp_loss":0,"event_name":"The Cleric","floor":8,"gold_loss":35},{"damage_healed":23,"gold_gain":0,"player_choice":"Banana","damage_taken":0,"max_hp_gain":0,"max_hp_loss":0,"event_name":"Big Fish","floor":13,"gold_loss":0},{"damage_healed":0,"gold_gain":0,"player_choice":"Fight","damage_taken":0,"max_hp_gain":0,"max_hp_loss":0,"event_name":"Colosseum","floor":19,"gold_loss":0}],"is_beta":false,"boss_relics":[{"not_picked":["Tiny House","Busted Crown"],"picked":"FrozenCore"}],"items_purged_floors":[],"is_endless":false,"potions_floor_spawned":[4,5,11,14],"killed_by":"Colosseum Slavers","ascension_level":20}