{"path_per_floor":["M","M","?","?","?","R","M","E","T","$","?","R","E","M","R","B",null,"M","?","?","M","M"],"character_chosen":"THE_SILENT","items_purchased":["Infinite Blades"],"gold_per_floor":[119,130,130,55,55,55,68,96,96,22,22,22,54,66,66,142,142,158,158,158,169,188,188],"floor_reached":23,"campfire_rested":2,"playtime":1156,"item_purchase_floors":[10],"current_hp_per_floor":[59,59,59,59,59,59,59,36,36,36,16,36,25,3,23,31,59,56,56,56,53,9,0],"items_purged":[],"gold":188,"score":348,"play_id":"34ee04df-96c0-48bf-ade3-f7908f1bfd0b","local_time":"20180622230411","is_prod":false,"is_daily":false,"chose_seed":false,"is_ascension_mode":true,"campfire_upgraded":1,"win_rate":0,"timestamp":1529701451,"campfire_choices":[{"data":"Sucker Punch","floor":6,"key":"SMITH"},{"floor":12,"key":"REST"},{"floor":15,"key":"REST"}],"path_taken":["M","M","?","?","?","R","?","E","T","$","?","R","E","?","R","BOSS","M","?","?","M","?","?"],"build_version":"2018-06-21","seed_source_timestamp":437138526079001,"purchased_purges":0,"circlet_count":0,"victory":false,"master_deck":["Defend_G","Defend_G+1","Defend_G","Defend_G","Defend_G","Strike_G","Strike_G","Strike_G","Survivor+1","Neutralize+1","AscendersBane","Sucker Punch+1","Flying Knee","Infinite Blades","Dash","Finisher","A Thousand Cuts","Decay","PiercingWail","Infinite Blades"],"max_hp_per_floor":[66,66,66,66,66,66,66,68,68,68,68,68,68,68,68,68,68,70,70,70,70,70,70],"relics":["Ring of the Snake","NeowsBlessing","Singing Bowl","Question Card","Blue Candle","Busted Crown"],"card_choices":[{"not_picked":["Slice","Quick Slash"],"picked":"Sucker Punch","floor":1},{"not_picked":["Deadly Poison","Deflect"],"picked":"Flying Knee","floor":2},{"not_picked":["Flying Knee","Distraction","Prepared"],"picked":"SKIP","floor":7},{"not_picked":["Heel Hook","Prepared","Grand Finale"],"picked":"Singing Bowl","floor":8},{"not_picked":["Well Laid Plans","Flechettes","Sucker Punch"],"picked":"Dash","floor":13},{"not_picked":["Endless Agony","Deflect","Masterful Stab"],"picked":"Finisher","floor":14},{"not_picked":["Doppelganger","Bullet Time","Wraith Form v2"],"picked":"A Thousand Cuts","floor":16},{"not_picked":["Bane","Sucker Punch"],"picked":"Singing Bowl","floor":18},{"not_picked":["Bane"],"picked":"PiercingWail","floor":21},{"not_picked":["PiercingWail+1"],"picked":"Infinite Blades","floor":22}],"player_experience":652976,"potions_floor_usage":[8,16,18,21,22],"damage_taken":[{"damage":0,"enemies":"Cultist","floor":1,"turns":1},{"damage":0,"enemies":"Jaw Worm","floor":2,"turns":1},{"damage":0,"enemies":"2 Louse","floor":7,"turns":1},{"damage":25,"enemies":"Gremlin Nob","floor":8,"turns":5},{"damage":11,"enemies":"3 Sentries","floor":13,"turns":9},{"damage":22,"enemies":"Large Slime","floor":14,"turns":8},{"damage":7,"enemies":"The Guardian","floor":16,"turns":15},{"damage":5,"enemies":"Shell Parasite","floor":18,"turns":8},{"damage":3,"enemies":"Spheric Guardian","floor":21,"turns":4},{"damage":44,"enemies":"Cultist and Chosen","floor":22,"turns":11},{"damage":12,"enemies":"3 Cultists","floor":23,"turns":3}],"relics_obtained":[{"floor":8,"key":"Singing Bowl"},{"floor":9,"key":"Question Card"},{"floor":13,"key":"Blue Candle"}],"event_choices":[{"event_name":"Living Wall","player_choice":"Grow","floor":3,"damage_taken":0},{"event_name":"The Cleric","player_choice":"Card Removal","floor":4,"damage_taken":0},{"event_name":"Liars Game","player_choice":"disagreed","floor":5,"damage_taken":0},{"event_name":"Shining Light","player_choice":"Entered Light","floor":11,"damage_taken":0},{"event_name":"Bonfire Elementals","player_choice":"BASIC","floor":19,"damage_taken":0},{"event_name":"Forgotten Altar","player_choice":"Smashed Altar","floor":20,"damage_taken":0}],"boss_relics":[{"not_picked":["White Beast Statue","Coffee Dripper"],"picked":"Busted Crown"}],"items_purged_floors":[],"is_endless":false,"potions_floor_spawned":[7,13,14,16,21],"seed_played":"3780027766886074099","killed_by":"3 Cultists","ascension_level":15,"potions_obtained":[{"floor":7,"key":"Swift Potion"},{"floor":13,"key":"Regen Potion"},{"floor":14,"key":"GhostInAJar"},{"floor":16,"key":"Block Potion"},{"floor":21,"key":"Dexterity Potion"}],"is_trial":false}