{"gold_per_floor":[110,110,125,135,151,151,168,168,168,195,211,226,226,153,153,251,251,237,249,249,249,249,249,159,172,172,189,189,523,523,540,540,639,639,659,673,178,178,178,178,197,197,197,197],"floor_reached":44,"playtime":4796,"items_purged":[],"score":455,"play_id":"dba02aae-6743-47e3-93a5-a22c89d716d1","local_time":"20190106135449","is_ascension_mode":false,"campfire_choices":[{"data":"Neutralize","floor":6,"key":"SMITH"},{"floor":15,"key":"REST"},{"floor":23,"key":"REST"},{"floor":28,"key":"REST"},{"data":"Crippling Poison","floor":30,"key":"SMITH"},{"floor":32,"key":"REST"},{"data":"Envenom","floor":40,"key":"SMITH"},{"data":"Backflip","floor":42,"key":"SMITH"}],"neow_cost":"NONE","seed_source_timestamp":1426710824593057,"circlet_count":0,"master_deck":["Defend_G+1","Defend_G+1","Defend_G+1","Defend_G+1","Defend_G+1","Strike_G+1","Strike_G+1","Strike_G+1","Strike_G+1","Survivor+1","Neutralize+1","Predator","Flechettes","Dagger Throw","Dagger Spray","Underhanded Strike","PiercingWail","Adrenaline","Prepared","Dagger Spray","Tools of the Trade+1","Bullet Time+1","Predator","Reflex","Crippling Poison+1","Sucker Punch","Backflip+1","Slice","Envenom+1","Escape Plan","Eviscerate+1","Master of Strategy+1","Deflect+1","Well Laid Plans","Poisoned Stab"],"relics":["Ring of the Snake","WarpedTongs","Matryoshka","Pocketwatch","Black Star","Boot","Potion Belt","Lantern","Snake Skull","Old Coin","War Paint","Eternal Feather","Toxic Egg 2","Pen Nib"],"potions_floor_usage":[33],"damage_taken":[{"damage":1,"enemies":"Jaw Worm","floor":1,"turns":6},{"damage":3,"enemies":"Cultist","floor":3,"turns":3},{"damage":1,"enemies":"2 Louse","floor":4,"turns":2},{"damage":7,"enemies":"Red Slaver","floor":5,"turns":5},{"damage":3,"enemies":"Blue Slaver","floor":7,"turns":4},{"damage":9,"enemies":"Gremlin Nob","floor":10,"turns":4},{"damage":1,"enemies":"Exordium Thugs","floor":11,"turns":4},{"damage":3,"enemies":"Large Slime","floor":12,"turns":5},{"damage":40,"enemies":"Slime Boss","floor":16,"turns":12},{"damage":29,"enemies":"2 Thieves","floor":18,"turns":4},{"damage":16,"enemies":"Shell Parasite","floor":19,"turns":5},{"damage":2,"enemies":"Sentry and Sphere","floor":25,"turns":3},{"damage":8,"enemies":"3 Cultists","floor":27,"turns":3},{"damage":1,"enemies":"Book of Stabbing","floor":29,"turns":7},{"damage":4,"enemies":"Centurion and Healer","floor":31,"turns":6},{"damage":43,"enemies":"Collector","floor":33,"turns":14},{"damage":0,"enemies":"3 Shapes","floor":35,"turns":3},{"damage":21,"enemies":"Orb Walker","floor":36,"turns":4},{"damage":6,"enemies":"4 Shapes","floor":41,"turns":3},{"damage":70,"enemies":"2 Orb Walkers","floor":44,"turns":5}],"seed_played":"-5442957962023797815","potions_obtained":[{"floor":1,"key":"Dexterity Potion"},{"floor":7,"key":"EntropicBrew"},{"floor":11,"key":"Weak Potion"},{"floor":16,"key":"GamblersBrew"},{"floor":27,"key":"Poison Potion"},{"floor":36,"key":"AttackPotion"},{"floor":41,"key":"Fire Potion"}],"is_trial":false,"path_per_floor":["M","?","M","M","M","R","M","?","T","E","M","M","?","$","R","B",null,"M","M","?","?","T","R","?","M","T","M","R","E","R","M","R","B",null,"M","M","$","?","?","R","M","R","T","?"],"character_chosen":"THE_SILENT","items_purchased":["Tools of the Trade","Toxic Egg 2","Master of Strategy+1","Deflect+1","Well Laid Plans"],"campfire_rested":4,"item_purchase_floors":[14,37,37,37,37],"current_hp_per_floor":[69,69,66,65,58,58,55,55,55,46,45,42,42,42,63,23,70,41,25,25,25,25,46,46,44,44,36,57,56,56,52,70,27,70,70,49,49,49,49,67,61,70,70,0],"gold":197,"neow_bonus":"THREE_CARDS","is_prod":false,"is_daily":false,"chose_seed":false,"campfire_upgraded":4,"win_rate":0.0,"timestamp":1546800889,"path_taken":["M","?","M","M","?","R","M","?","T","E","M","?","?","$","R","BOSS","M","M","?","?","?","R","?","M","T","M","R","E","R","?","R","BOSS","M","M","$","?","?","R","M","R","T","?"],"build_version":"2019-01-03v4","purchased_purges":0,"victory":false,"max_hp_per_floor":[70,70,70,70,70,70,70,70,70,70,70,70,70,70,70,70,70,70,70,70,70,70,70,70,70,70,70,70,70,70,70,70,70,70,70,70,70,70,70,70,70,70,70,70],"card_choices":[{"not_picked":["Noxious Fumes","Deadly Poison"],"picked":"Predator","floor":0},{"not_picked":["Masterful Stab","Expertise"],"picked":"Flechettes","floor":1},{"not_picked":["Flying Knee","Backflip"],"picked":"Dagger Throw","floor":3},{"not_picked":["Flying Knee","PiercingWail"],"picked":"Dagger Spray","floor":4},{"not_picked":["Sucker Punch","Dagger Throw"],"picked":"Underhanded Strike","floor":5},{"not_picked":["Dagger Throw","Deflect"],"picked":"PiercingWail","floor":7},{"not_picked":["PiercingWail","Caltrops"],"picked":"Adrenaline","floor":10},{"not_picked":["Escape Plan","Acrobatics"],"picked":"Prepared","floor":11},{"not_picked":["Catalyst","Bane"],"picked":"Dagger Spray","floor":12},{"not_picked":["Unload","Adrenaline"],"picked":"Bullet Time","floor":16},{"not_picked":["Flechettes+1","Heel Hook+1"],"picked":"Predator","floor":18},{"not_picked":["Expertise","Poisoned Stab"],"picked":"Reflex","floor":19},{"not_picked":["Dagger Spray","Deadly Poison"],"picked":"Crippling Poison","floor":25},{"not_picked":["Deadly Poison+1","Bane"],"picked":"Sucker Punch","floor":27},{"not_picked":["Heel Hook","Bouncing Flask+1"],"picked":"Backflip","floor":29},{"not_picked":["Deadly Poison","Acrobatics"],"picked":"Slice","floor":31},{"not_picked":["Malaise","Glass Knife"],"picked":"Envenom","floor":33},{"not_picked":["Eviscerate","Dodge and Roll"],"picked":"Escape Plan","floor":35},{"not_picked":["Sucker Punch","Backflip"],"picked":"Eviscerate+1","floor":36},{"not_picked":["Well Laid Plans","Endless Agony+1"],"picked":"Poisoned Stab","floor":41}],"player_experience":18424,"relics_obtained":[{"floor":9,"key":"Matryoshka"},{"floor":10,"key":"Pocketwatch"},{"floor":22,"key":"Boot"},{"floor":22,"key":"Potion Belt"},{"floor":26,"key":"Lantern"},{"floor":26,"key":"Snake Skull"},{"floor":29,"key":"Old Coin"},{"floor":29,"key":"War Paint"},{"floor":43,"key":"Pen Nib"}],"event_choices":[{"damage_healed":0,"gold_gain":0,"player_choice":"Rummage","damage_taken":0,"relics_obtained":["WarpedTongs"],"max_hp_gain":0,"max_hp_loss":0,"event_name":"Accursed Blacksmith","floor":2,"gold_loss":0,"cards_obtained":["Pain"]},{"damage_healed":0,"gold_gain":0,"cards_transformed":["Pain"],"player_choice":"Transformed","damage_taken":0,"max_hp_gain":0,"max_hp_loss":0,"event_name":"Transmorgrifier","floor":8,"gold_loss":0,"cards_obtained":["Normality"]},{"damage_healed":0,"gold_gain":0,"player_choice":"Bought 0 Potions","damage_taken":0,"max_hp_gain":0,"max_hp_loss":0,"event_name":"The Woman in Blue","floor":13,"gold_loss":0},{"damage_healed":0,"gold_gain":0,"player_choice":"Ignored","damage_taken":0,"max_hp_gain":0,"max_hp_loss":0,"event_name":"Ghosts","floor":20,"gold_loss":0},{"damage_healed":0,"gold_gain":0,"player_choice":"Simplicity","damage_taken":0,"max_hp_gain":0,"max_hp_loss":0,"event_name":"Back to Basics","floor":21,"gold_loss":0,"cards_upgraded":["Defend_G","Defend_G","Defend_G","Defend_G","Defend_G","Strike_G","Strike_G","Strike_G","Strike_G","Strike_G"]},{"cards_removed":["Normality"],"damage_healed":0,"gold_gain":0,"player_choice":"Upgrade and Remove","damage_taken":0,"max_hp_gain":0,"max_hp_loss":0,"event_name":"Designer","floor":24,"gold_loss":90,"cards_upgraded":["Tools of the Trade"]},{"cards_removed":["Strike_G"],"damage_healed":0,"gold_gain":0,"player_choice":"Removed Attack","damage_taken":0,"max_hp_gain":0,"max_hp_loss":0,"event_name":"Falling","floor":38,"gold_loss":0},{"damage_healed":0,"gold_gain":0,"player_choice":"Ignored","damage_taken":0,"max_hp_gain":0,"max_hp_loss":0,"event_name":"Tomb of Lord Red Mask","floor":39,"gold_loss":0},{"damage_healed":0,"gold_gain":0,"player_choice":"Fight","damage_taken":0,"max_hp_gain":0,"max_hp_loss":0,"event_name":"Mysterious Sphere","floor":44,"gold_loss":0}],"is_beta":false,"boss_relics":[{"not_picked":["Philosopher\u0027s Stone","Empty Cage"],"picked":"Black Star"},{"not_picked":["Sozu","Busted Crown"],"picked":"Eternal Feather"}],"items_purged_floors":[],"is_endless":false,"potions_floor_spawned":[1,7,11,12,16,19,27,36,41],"killed_by":"2 Orb Walkers","ascension_level":0}