{"gold_per_floor":[113,132,61,73,86,86,113,113,113,123,142,142,142,153,153,153],"floor_reached":16,"playtime":979,"items_purged":[],"score":130,"play_id":"3ec98898-72ef-47fc-ac29-364c6a18f0fb","local_time":"20190307202413","is_ascension_mode":true,"campfire_choices":[{"data":"Go for the Eyes","floor":6,"key":"SMITH"},{"data":"Dualcast","floor":13,"key":"SMITH"},{"data":"Self Repair","floor":15,"key":"SMITH"}],"neow_cost":"NONE","seed_source_timestamp":29362597288601,"circlet_count":0,"master_deck":["Strike_B","Strike_B","Strike_B","Strike_B","Defend_B","Defend_B","Defend_B","Defend_B","Zap+1","Dualcast+1","Go for the Eyes+1","Self Repair+1","BootSequence","Steam","Leap","Glacier"],"relics":["Cracked Core","Happy Flower","Incense Burner","Pantograph"],"potions_floor_usage":[11,11,11,14],"damage_taken":[{"damage":0,"enemies":"Small Slimes","floor":1,"turns":3},{"damage":0,"enemies":"Jaw Worm","floor":2,"turns":3},{"damage":6,"enemies":"Cultist","floor":4,"turns":4},{"damage":0,"enemies":"Large Slime","floor":5,"turns":6},{"damage":45,"enemies":"3 Sentries","floor":7,"turns":8},{"damage":0,"enemies":"Red Slaver","floor":10,"turns":4},{"damage":0,"enemies":"Exordium Thugs","floor":11,"turns":4},{"damage":0,"enemies":"Large Slime","floor":14,"turns":5},{"damage":76,"enemies":"Hexaghost","floor":16,"turns":16}],"seed_played":"-1808669062239878132","potions_obtained":[{"floor":7,"key":"Explosive Potion"},{"floor":10,"key":"EntropicBrew"},{"floor":11,"key":"Poison Potion"}],"is_trial":false,"path_per_floor":["M","M","$","M","M","R","E","?","T","M","M","?","R","M","R","B"],"character_chosen":"DEFECT","items_purchased":["BootSequence"],"campfire_rested":0,"item_purchase_floors":[3],"current_hp_per_floor":[75,75,75,75,75,75,37,37,37,44,51,51,51,58,58,0],"gold":153,"neow_bonus":"RANDOM_COMMON_RELIC","is_prod":false,"is_daily":false,"chose_seed":false,"campfire_upgraded":3,"win_rate":0,"timestamp":1552019053,"path_taken":["M","M","$","M","M","R","E","?","T","M","M","?","R","M","R","BOSS"],"build_version":"2019-01-23","purchased_purges":0,"victory":false,"max_hp_per_floor":[75,75,75,75,75,75,75,75,75,75,75,75,75,75,75,75],"card_choices":[{"not_picked":["Conserve Battery","Leap"],"picked":"Go for the Eyes","floor":1},{"not_picked":["Force Field","Streamline"],"picked":"Self Repair","floor":2},{"not_picked":["Go for the Eyes","Aggregate","Stack"],"picked":"SKIP","floor":4},{"not_picked":["Multi-Cast","Turbo"],"picked":"Steam","floor":5},{"not_picked":["Rip and Tear","Steam","FTL"],"picked":"SKIP","floor":7},{"not_picked":["Reprogram","Hologram"],"picked":"Leap","floor":10},{"not_picked":["Reinforced Body","Beam Cell"],"picked":"Glacier","floor":11},{"not_picked":["Steam","Beam Cell","Rip and Tear"],"picked":"SKIP","floor":14}],"player_experience":359989,"relics_obtained":[{"floor":7,"key":"Incense Burner"},{"floor":9,"key":"Pantograph"}],"event_choices":[{"damage_healed":0,"gold_gain":0,"player_choice":"Searched \u00270\u0027 times","damage_taken":0,"max_hp_gain":0,"max_hp_loss":0,"event_name":"Dead Adventurer","floor":8,"gold_loss":0},{"damage_healed":0,"gold_gain":0,"player_choice":"Grow","damage_taken":0,"max_hp_gain":0,"max_hp_loss":0,"event_name":"Living Wall","floor":12,"gold_loss":0,"cards_upgraded":["Zap"]}],"is_beta":false,"boss_relics":[],"items_purged_floors":[],"is_endless":false,"potions_floor_spawned":[7,10,11],"killed_by":"Hexaghost","ascension_level":5}