{"gold_per_floor":[110,110,127,142,159,159,189,189,189,209,209,209,228,228,228,302,302,313,330,141,152,170,170],"floor_reached":23,"playtime":909,"items_purged":["Strike_G"],"score":371,"play_id":"59cb27d9-767a-4a92-a09c-2650291b19e4","local_time":"20180927203741","is_ascension_mode":true,"campfire_choices":[{"data":"Neutralize","floor":6.0,"key":"SMITH"},{"floor":8.0,"key":"REST"},{"data":"Noxious Fumes","floor":12.0,"key":"SMITH"},{"data":"Leg Sweep","floor":15.0,"key":"SMITH"}],"neow_cost":"NONE","seed_source_timestamp":14177150765763,"circlet_count":0,"master_deck":["Defend_G+1","Defend_G","Defend_G","Defend_G","Defend_G","Strike_G","Strike_G","Strike_G","Strike_G","Survivor","Neutralize+1","AscendersBane","All Out Attack","Slice+1","Leg Sweep+1","Acrobatics","Noxious Fumes+1","Backflip","A Thousand Cuts","Dash","Riddle With Holes","Bane+1"],"special_seed":0,"relics":["Ring of the Snake","The Courier","Ninja Scroll","Snecko Eye"],"potions_floor_usage":[23,23],"damage_taken":[{"damage":4.0,"enemies":"Small Slimes","floor":1.0,"turns":5.0},{"damage":0.0,"enemies":"2 Louse","floor":3.0,"turns":3.0},{"damage":0.0,"enemies":"Cultist","floor":4.0,"turns":3.0},{"damage":0.0,"enemies":"Red Slaver","floor":5.0,"turns":5.0},{"damage":20.0,"enemies":"Gremlin Nob","floor":7.0,"turns":5.0},{"damage":0.0,"enemies":"Blue Slaver","floor":10.0,"turns":3.0},{"damage":20.0,"enemies":"Exordium Thugs","floor":13.0,"turns":4.0},{"damage":2.0,"enemies":"The Guardian","floor":16.0,"turns":14.0},{"damage":12.0,"enemies":"3 Byrds","floor":18.0,"turns":4.0},{"damage":5.0,"enemies":"Shell Parasite","floor":19.0,"turns":6.0},{"damage":7.0,"enemies":"Snake Plant","floor":21.0,"turns":5.0},{"damage":0.0,"enemies":"3 Cultists","floor":22.0,"turns":5.0},{"damage":30,"enemies":"Slavers","floor":23,"turns":2}],"seed_played":"-4333335792237069092","potions_obtained":[{"floor":1.0,"key":"Ancient Potion"},{"floor":5.0,"key":"AttackPotion"},{"floor":7.0,"key":"AttackPotion"},{"floor":10.0,"key":"SkillPotion"},{"floor":16.0,"key":"SteroidPotion"},{"floor":19.0,"key":"Poison Potion"}],"is_trial":false,"path_per_floor":["M","?","M","M","M","R","E","R","T","M","?","R","M","?","R","B",null,"M","M","$","M","M"],"character_chosen":"THE_SILENT","items_purchased":["Dash","Riddle With Holes"],"campfire_rested":1,"item_purchase_floors":[20,20],"current_hp_per_floor":[55,35,35,35,35,35,15,34,34,34,34,34,14,14,14,12,53,41,36,36,29,29,0],"gold":170,"neow_bonus":"THREE_CARDS","is_prod":false,"is_daily":false,"chose_seed":false,"campfire_upgraded":3,"win_rate":0,"timestamp":1538048261,"path_taken":["M","?","?","M","M","R","E","R","T","M","?","R","?","?","R","BOSS","M","M","$","M","M","E"],"build_version":"2018-09-20","purchased_purges":1,"victory":false,"max_hp_per_floor":[66,66,66,66,66,66,66,66,66,66,66,66,66,66,66,66,66,66,66,66,66,66,66],"card_choices":[{"not_picked":["Eviscerate","Blur"],"picked":"All Out Attack","floor":0.0},{"not_picked":["Acrobatics","Reflex"],"picked":"Slice","floor":1.0},{"not_picked":["Blur","Infinite Blades","Slice"],"picked":"SKIP","floor":3.0},{"not_picked":["Poisoned Stab","Cloak And Dagger"],"picked":"Leg Sweep","floor":4.0},{"not_picked":["Backflip","Tactician"],"picked":"Acrobatics","floor":5.0},{"not_picked":["Blade Dance","All Out Attack","Bane"],"picked":"SKIP","floor":7.0},{"not_picked":["Blade Dance","Sucker Punch"],"picked":"Noxious Fumes","floor":10.0},{"not_picked":["Flying Knee","Bullet Time"],"picked":"Backflip","floor":13.0},{"not_picked":["Phantasmal Killer","Night Terror"],"picked":"A Thousand Cuts","floor":16.0},{"not_picked":["PiercingWail","Dodge and Roll+1","Outmaneuver"],"picked":"SKIP","floor":18.0},{"not_picked":["Escape Plan","Deflect","Flying Knee"],"picked":"SKIP","floor":19.0},{"not_picked":["Acrobatics","Slice+1","Flying Knee"],"picked":"SKIP","floor":21.0},{"not_picked":["Cloak And Dagger","Noxious Fumes"],"picked":"Bane+1","floor":22.0}],"player_experience":673976,"relics_obtained":[{"floor":7.0,"key":"The Courier"},{"floor":9.0,"key":"Ninja Scroll"}],"event_choices":[{"event_name":"Shining Light","player_choice":"Entered Light","floor":2.0,"damage_taken":0.0},{"event_name":"The Lab","player_choice":"Got Potions","floor":11.0,"damage_taken":0.0},{"event_name":"Liars Game","player_choice":"disagreed","floor":14.0,"damage_taken":0.0}],"is_beta":false,"boss_relics":[{"not_picked":["Ectoplasm","Velvet Choker"],"picked":"Snecko Eye"}],"items_purged_floors":[20],"is_endless":false,"potions_floor_spawned":[1,5,7,10,16,19],"killed_by":"Slavers","ascension_level":18}