{"gold_per_floor":[117,39,2,21,21,21,21,21,47,80,91,91,266,281,281,385,385,403,328,360,360,370,370,386,396,422,432,531,463,109,128,128,231,231,248,264,264,264,6,6,6,6,76,107,329,329,349,366,366,366],"floor_reached":51,"playtime":3787,"items_purged":["Doom and Gloom"],"score":985,"play_id":"0f53e7ec-1049-40fb-ab60-4fbb08aa884c","local_time":"20180921195029","is_ascension_mode":true,"campfire_choices":[{"data":"Chaos","floor":6,"key":"SMITH"},{"data":"Defragment","floor":8,"key":"SMITH"},{"data":"Cold Snap","floor":12,"key":"SMITH"},{"floor":15,"key":"REST"},{"data":"Recycle","floor":23,"key":"SMITH"},{"floor":32,"key":"REST"},{"floor":40,"key":"REST"},{"data":"Metamorphosis","floor":42,"key":"SMITH"},{"floor":46,"key":"REST"},{"data":"Rainbow","floor":49,"key":"SMITH"}],"neow_cost":"NONE","seed_source_timestamp":607463284657230,"circlet_count":0,"master_deck":["Zap+1","Dualcast","AscendersBane","Chaos+1","White Noise","Cold Snap+1","Meteor Strike","Go for the Eyes","Storm","Recycle+1","Stack","Skim+1","Hologram","Rainbow+1","Core Surge","Conserve Battery","Self Repair","Sunder","Creative AI","Echo Form","Compile Driver+1","Capacitor+1","Gash+1","Coolheaded+1","Metamorphosis+1","Madness","Madness","Cold Snap+1","Chill+1","Barrage"],"relics":["Cracked Core","Anchor","DataDisk","Regal Pillow","Pandora\u0027s Box","Red Mask","Blood Vial","Meat on the Bone","Astrolabe","Pantograph","Cables","Pen Nib"],"potions_floor_usage":[27,33,50,50,50],"damage_taken":[{"damage":1,"enemies":"Cultist","floor":1,"turns":3},{"damage":11,"enemies":"Small Slimes","floor":4,"turns":3},{"damage":13,"enemies":"Gremlin Nob","floor":10,"turns":4},{"damage":0,"enemies":"Jaw Worm","floor":11,"turns":2},{"damage":25,"enemies":"Lots of Slimes","floor":14,"turns":4},{"damage":54,"enemies":"Hexaghost","floor":16,"turns":15},{"damage":0,"enemies":"Chosen","floor":18,"turns":4},{"damage":10,"enemies":"Masked Bandits","floor":20,"turns":3},{"damage":6,"enemies":"3 Byrds","floor":22,"turns":5},{"damage":5,"enemies":"Snake Plant","floor":24,"turns":3},{"damage":19,"enemies":"Centurion and Healer","floor":25,"turns":5},{"damage":7,"enemies":"Snecko","floor":27,"turns":4},{"damage":8,"enemies":"Chosen and Byrds","floor":31,"turns":5},{"damage":13,"enemies":"Champ","floor":33,"turns":9},{"damage":16,"enemies":"Orb Walker","floor":35,"turns":4},{"damage":27,"enemies":"3 Shapes","floor":36,"turns":4},{"damage":56,"enemies":"Nemesis","floor":44,"turns":7},{"damage":2,"enemies":"Transient","floor":47,"turns":5},{"damage":19,"enemies":"Sphere and 2 Shapes","floor":48,"turns":5},{"damage":46,"enemies":"Awakened One","floor":50,"turns":11}],"seed_played":"6494279138859783102","potions_obtained":[{"floor":1,"key":"Dexterity Potion"},{"floor":4,"key":"FearPotion"},{"floor":11,"key":"FocusPotion"},{"floor":27,"key":"Block Potion"},{"floor":44,"key":"FocusPotion"},{"floor":47,"key":"LiquidBronze"},{"floor":48,"key":"Strength Potion"}],"is_trial":false,"path_per_floor":["M","$","$","M","?","R","?","R","T","E","M","R","?","M","R","B",null,"M","?","?","?","M","R","M","M","T","M","?","$","$","M","R","B",null,"M","M","?","?","$","R","?","R","T","E","?","R","M","M","R","B"],"character_chosen":"DEFECT","items_purchased":["Defragment","Doom and Gloom","Self Repair","Sunder","Meat on the Bone","Pantograph"],"campfire_rested":4,"item_purchase_floors":[2,3,29,30,30,39],"current_hp_per_floor":[67,67,67,56,56,56,56,56,56,50,50,50,50,25,62,8,58,58,58,48,48,42,42,37,18,18,13,13,13,13,26,63,59,71,64,46,46,37,37,74,74,74,74,31,31,68,75,70,70,41],"gold":366,"neow_bonus":"UPGRADE_CARD","is_prod":false,"is_daily":false,"chose_seed":false,"campfire_upgraded":6,"win_rate":0,"timestamp":1537573829,"path_taken":["M","?","$","?","?","R","?","R","T","E","M","R","?","M","R","BOSS","M","?","?","?","M","R","M","M","T","?","?","?","$","M","R","BOSS","M","M","?","?","$","R","?","R","T","E","?","R","?","M","R","BOSS"],"build_version":"2018-09-20","purchased_purges":1,"victory":true,"max_hp_per_floor":[75,75,75,75,75,75,75,75,75,75,75,75,75,75,75,75,75,75,75,75,75,75,75,75,75,75,75,75,75,75,75,75,75,75,75,75,75,75,75,75,75,75,75,75,75,75,75,75,75,75],"card_choices":[{"not_picked":["Fusion","Cold Snap"],"picked":"Chaos","floor":1},{"not_picked":["Hologram","Glacier"],"picked":"White Noise","floor":4},{"not_picked":["Lockon","Steam"],"picked":"Cold Snap","floor":10},{"not_picked":["Streamline","Heatsinks","Go for the Eyes"],"picked":"SKIP","floor":11},{"not_picked":["Sweeping Beam","Ball Lightning","Compile Driver"],"picked":"SKIP","floor":14},{"not_picked":["Reboot","Creative AI"],"picked":"Meteor Strike","floor":16},{"not_picked":["Tempest","Go for the Eyes"],"picked":"Coolheaded","floor":18},{"not_picked":["Steam","Melter"],"picked":"Skim+1","floor":20},{"not_picked":["Cold Snap","Scrape"],"picked":"Core Surge","floor":22},{"not_picked":["Force Field","Hologram"],"picked":"Sunder+1","floor":24},{"not_picked":["Gash","Go for the Eyes"],"picked":"Conserve Battery","floor":25},{"not_picked":["Cold Snap","Genetic Algorithm+1"],"picked":"Compile Driver","floor":27},{"not_picked":["Static Discharge","Beam Cell+1"],"picked":"Creative AI","floor":31},{"not_picked":["Core Surge","Hyperbeam"],"picked":"Echo Form","floor":33},{"not_picked":["Melter+1","Ball Lightning"],"picked":"Coolheaded+1","floor":35},{"not_picked":["Compile Driver","Cold Snap","Ball Lightning+1"],"picked":"SKIP","floor":36},{"not_picked":["Trip","Jack Of All Trades"],"picked":"Metamorphosis","floor":37},{"not_picked":["Streamline","Beam Cell"],"picked":"Cold Snap+1","floor":44},{"not_picked":["Ball Lightning","Go for the Eyes"],"picked":"Chill+1","floor":47},{"not_picked":["Sweeping Beam","Conserve Battery+1"],"picked":"Barrage","floor":48}],"player_experience":230185,"relics_obtained":[{"floor":9,"key":"DataDisk"},{"floor":10,"key":"Regal Pillow"},{"floor":20,"key":"Red Mask"},{"floor":26,"key":"Blood Vial"},{"floor":43,"key":"Cables"},{"floor":44,"key":"Pen Nib"}],"event_choices":[{"event_name":"WeMeetAgain","player_choice":"Card","floor":5,"damage_taken":0},{"event_name":"Bonfire Elementals","player_choice":"BASIC","floor":7,"damage_taken":0},{"event_name":"Liars Game","player_choice":"agreed","floor":13,"damage_taken":0},{"event_name":"Beggar","player_choice":"Gave Gold","floor":19,"damage_taken":0},{"event_name":"Masked Bandits","player_choice":"Fought Bandits","floor":20,"damage_taken":0},{"event_name":"Drug Dealer","player_choice":"Became Test Subject","floor":21,"damage_taken":0},{"event_name":"Nest","player_choice":"Stole From Cult","floor":28,"damage_taken":0},{"event_name":"SensoryStone","player_choice":"Memory 1","floor":37,"damage_taken":0},{"event_name":"Winding Halls","player_choice":"Embrace Madness","floor":38,"damage_taken":0},{"event_name":"Falling","player_choice":"Removed Attack","floor":41,"damage_taken":0},{"event_name":"Tomb of Lord Red Mask","player_choice":"Wore Mask","floor":45,"damage_taken":0}],"is_beta":false,"boss_relics":[{"not_picked":["Runic Dome","Snecko Eye"],"picked":"Pandora\u0027s Box"},{"not_picked":["Philosopher\u0027s Stone","Orrery"],"picked":"Astrolabe"}],"items_purged_floors":[30],"is_endless":false,"potions_floor_spawned":[1,4,11,18,20,22,27,44,47,48],"ascension_level":10}