{"path_per_floor":["M","M","?","M","M","R","E","?","T","T","?","R","$","M","R","B",null,"M","?","?","M","?"],"character_chosen":"IRONCLAD","items_purchased":["Master of Strategy"],"gold_per_floor":[115,132,92,111,125,125,152,227,227,250,250,250,56,76,76,172,172,182,132,132,152,152],"floor_reached":23,"campfire_rested":1,"playtime":840,"current_hp_per_floor":[80,65,65,67,63,63,38,27,27,27,20,20,20,24,48,10,80,58,58,58,51,51],"items_purged":[],"gold":152,"score":189,"play_id":"91d6535e-23f8-4036-b6eb-564327d9b4f3","is_prod":false,"is_daily":false,"is_ascension_mode":false,"campfire_upgraded":2,"path_taken":["M","M","?","M","M","R","E","?","T","?","?","R","$","M","R","BOSS","M","?","?","M","?","E"],"build_version":"2018-02-08-PROD1","purchased_purges":0,"victory":false,"master_deck":["Strike_R","Strike_R","Strike_R","Strike_R","Defend_R","Defend_R","Defend_R","Defend_R","Bash","Searing Blow+1","Offering","Rampage+1","Master of Strategy","Headbutt","Offering","Feed","Shrug It Off","Writhe"],"max_hp_per_floor":[80,80,80,80,80,80,80,80,80,80,80,80,80,80,80,80,80,80,80,80,83,83],"relics":["Burning Blood","Dream Catcher","Mummified Hand","Juzu Bracelet","Blood Vial","Sozu","Paper Frog"],"card_choices":[{"not_picked":["Intimidate","Rage"],"picked":"Searing Blow"},{"not_picked":["Warcry","Anger"],"picked":"Offering"},{"not_picked":["Spot Weakness","Burning Pact"],"picked":"Rampage"},{"not_picked":["Spot Weakness","Shrug It Off"],"picked":"Headbutt"},{"not_picked":["Reaper","Immolate"],"picked":"Offering"},{"not_picked":["Flex","Anger"],"picked":"Shrug It Off"}],"player_experience":168679,"potions_floor_usage":[16,16],"damage_taken":[{"damage":2,"enemies":"2 Louse","floor":1,"turns":2},{"damage":21,"enemies":"Blue Slaver","floor":2,"turns":4},{"damage":4,"enemies":"Cultist","floor":4,"turns":2},{"damage":10,"enemies":"2 Fungi Beasts","floor":5,"turns":3},{"damage":31,"enemies":"3 Sentries","floor":7,"turns":6},{"damage":4,"enemies":"Looter","floor":14,"turns":2},{"damage":46,"enemies":"Hexaghost","floor":16,"turns":8},{"damage":28,"enemies":"2 Thieves","floor":18,"turns":3},{"damage":18,"enemies":"3 Byrds","floor":21,"turns":4},{"damage":63,"enemies":"Gremlin Leader","floor":23,"turns":6}],"event_choices":[{"event_name":"The Woman in Blue","player_choice":"Bought 3 Potions","floor":3,"damage_taken":0},{"event_name":"World of Goop","player_choice":"Gather Gold","floor":8,"damage_taken":0},{"event_name":"Golden Wing","player_choice":"Card Removal","floor":11,"damage_taken":0},{"event_name":"The Joust","player_choice":"Bet on Murderer","floor":19,"damage_taken":0},{"event_name":"Match and Keep!","player_choice":"1 cards matched","floor":20,"damage_taken":0},{"event_name":"The Mausoleum","player_choice":"Yes","floor":22,"damage_taken":0}],"boss_relics":[{"not_picked":["Snecko Eye","Pandora\u0027s Box"],"picked":"Sozu"}],"potions_floor_spawned":[4,14,16,18],"seed_played":"7193619664492184943","killed_by":"Gremlin Leader","ascension_level":0,"is_trial":false}