{"gold_per_floor":[109,123,48,48,0,33,97,97,97,97,110,128,158,169,169,271,271,281,281,281,281,294,327,343,374,428,438,438,457,468,868,868,973,973,987,1002,1002,557,557,557,591,591],"floor_reached":42,"playtime":1834,"items_purged":["Strike_G","Slice"],"score":651,"play_id":"404340aa-39d8-4f4f-9c89-690089b38257","local_time":"20190305171216","is_ascension_mode":false,"campfire_choices":[{"floor":10.0,"key":"REST"},{"floor":15.0,"key":"RECALL"},{"floor":32.0,"key":"REST"}],"neow_cost":"NONE","seed_source_timestamp":0,"circlet_count":0,"master_deck":["Defend_G+1","Defend_G+1","Defend_G+1","Defend_G+1","Defend_G+1","Strike_G+1","Strike_G+1","Strike_G+1","Strike_G+1","Survivor","Neutralize","Dagger Throw","Poisoned Stab","Deadly Poison","Quick Slash","Bane","Acrobatics","Deadly Poison","Dagger Throw","Underhanded Strike+1","Dodge and Roll+1","Dagger Spray","Bane","Acrobatics","Quick Slash","Backflip","Deflect+1","Deadly Poison","Quick Slash","Dagger Spray+1","Backflip","PiercingWail","Backflip+1"],"special_seed":0,"relics":["Fusion Hammer","Art of War","Vajra","War Paint","Gremlin Horn","Prayer Wheel","Busted Crown","Bottled Lightning","Letter Opener","Tiny Chest","Old Coin","Question Card","Coffee Dripper","Bronze Scales","HandDrill","Du-Vu Doll"],"potions_floor_usage":[41],"damage_taken":[{"damage":0.0,"enemies":"Cultist","floor":1.0,"turns":4.0},{"damage":0.0,"enemies":"Small Slimes","floor":2.0,"turns":3.0},{"damage":26.0,"enemies":"3 Sentries","floor":6.0,"turns":10.0},{"damage":9.0,"enemies":"3 Sentries","floor":7.0,"turns":8.0},{"damage":3.0,"enemies":"Jaw Worm","floor":11.0,"turns":3.0},{"damage":0.0,"enemies":"2 Fungi Beasts","floor":12.0,"turns":2.0},{"damage":10.0,"enemies":"Lagavulin","floor":13.0,"turns":5.0},{"damage":11.0,"enemies":"Large Slime","floor":14.0,"turns":3.0},{"damage":4.0,"enemies":"Hexaghost","floor":16.0,"turns":8.0},{"damage":0.0,"enemies":"Chosen","floor":18.0,"turns":3.0},{"damage":4.0,"enemies":"2 Thieves","floor":22.0,"turns":3.0},{"damage":2.0,"enemies":"Gremlin Leader","floor":23.0,"turns":6.0},{"damage":0.0,"enemies":"Cultist and Chosen","floor":24.0,"turns":4.0},{"damage":19.0,"enemies":"Book of Stabbing","floor":25.0,"turns":5.0},{"damage":0.0,"enemies":"Centurion and Healer","floor":27.0,"turns":4.0},{"damage":0.0,"enemies":"3 Cultists","floor":29.0,"turns":3.0},{"damage":0.0,"enemies":"Cultist and Chosen","floor":30.0,"turns":3.0},{"damage":2.0,"enemies":"Colosseum Slavers","floor":31.0,"turns":3.0},{"damage":1.0,"enemies":"Colosseum Nobs","floor":31.0,"turns":3.0},{"damage":45.0,"enemies":"Champ","floor":33.0,"turns":11.0},{"damage":0,"enemies":"Orb Walker","floor":35,"turns":3},{"damage":0,"enemies":"3 Shapes","floor":36,"turns":5},{"damage":44,"enemies":"Nemesis","floor":41,"turns":7},{"damage":27,"enemies":"Spire Growth","floor":42,"turns":5}],"seed_played":"-9136620310504504537","potions_obtained":[{"floor":1.0,"key":"PowerPotion"},{"floor":13.0,"key":"LiquidBronze"},{"floor":23.0,"key":"SneckoOil"},{"floor":24.0,"key":"SteroidPotion"},{"floor":27.0,"key":"Swift Potion"},{"floor":41,"key":"Weak Potion"}],"is_trial":false,"path_per_floor":["M","M","$","?","$","E","?","?","T","R","M","M","E","M","R","B",null,"M","?","$","?","M","E","M","E","T","M","?","M","M","?","R","B",null,"M","M","?","$","?","R","E","M"],"character_chosen":"THE_SILENT","items_purchased":["Poisoned Stab","Bronze Scales","HandDrill"],"campfire_rested":2,"item_purchase_floors":[5,38,38],"current_hp_per_floor":[70,70,70,70,70,44,35,28,28,49,46,46,36,25,25,21,70,70,70,70,70,66,64,64,45,45,45,45,45,45,42,63,18,70,70,70,70,70,70,70,26,0],"gold":591,"neow_bonus":"BOSS_RELIC","is_prod":false,"is_daily":false,"chose_seed":false,"campfire_upgraded":0,"win_rate":0,"timestamp":1551823936,"path_taken":["M","M","?","?","?","E","?","?","T","R","?","M","E","M","R","BOSS","M","?","?","?","M","E","M","E","T","M","?","?","M","?","R","BOSS","M","M","?","$","?","R","E","M"],"build_version":"2019-01-23","purchased_purges":2,"victory":false,"max_hp_per_floor":[70,70,70,70,70,70,70,70,70,70,70,70,70,70,70,70,70,70,70,70,70,70,70,70,70,70,70,70,70,70,70,70,70,70,70,70,70,70,70,70,70,70],"card_choices":[{"not_picked":["Deflect","Catalyst","Slice"],"picked":"SKIP","floor":1.0},{"not_picked":["Deflect","Catalyst"],"picked":"Slice","floor":1.0},{"not_picked":["Backflip","Blade Dance"],"picked":"Dagger Throw","floor":2.0},{"not_picked":["Grand Finale","Dodge and Roll","Flying Knee"],"picked":"SKIP","floor":6.0},{"not_picked":["Slice","Prepared"],"picked":"Deadly Poison","floor":7.0},{"not_picked":["Sucker Punch","Flying Knee","Dodge and Roll"],"picked":"SKIP","floor":11.0},{"not_picked":["Slice","Distraction"],"picked":"Quick Slash","floor":12.0},{"not_picked":["Finisher","Envenom","Choke"],"picked":"SKIP","floor":13.0},{"not_picked":["Dagger Throw","Caltrops"],"picked":"Bane","floor":14.0},{"not_picked":["Backflip","Calculated Gamble"],"picked":"Acrobatics","floor":14.0},{"not_picked":["Leg Sweep"],"picked":"SKIP","floor":18.0},{"not_picked":["Footwork"],"picked":"SKIP","floor":18.0},{"not_picked":[],"picked":"Deadly Poison","floor":22.0},{"not_picked":[],"picked":"Dagger Throw","floor":22.0},{"not_picked":[],"picked":"Underhanded Strike+1","floor":23.0},{"not_picked":[],"picked":"Dodge and Roll+1","floor":24.0},{"not_picked":[],"picked":"Dagger Spray","floor":24.0},{"not_picked":[],"picked":"Bane","floor":25.0},{"not_picked":[],"picked":"Acrobatics","floor":27.0},{"not_picked":[],"picked":"Quick Slash","floor":27.0},{"not_picked":[],"picked":"Deflect+1","floor":29.0},{"not_picked":["Predator"],"picked":"SKIP","floor":29.0},{"not_picked":[],"picked":"Deadly Poison","floor":30.0},{"not_picked":[],"picked":"Quick Slash","floor":30.0},{"not_picked":["Footwork"],"picked":"Dagger Spray+1","floor":35},{"not_picked":["Blade Dance"],"picked":"Backflip","floor":35},{"not_picked":["Escape Plan"],"picked":"PiercingWail","floor":36},{"not_picked":["Endless Agony+1","Dodge and Roll+1"],"picked":"SKIP","floor":36},{"not_picked":["Riddle With Holes"],"picked":"Backflip+1","floor":41}],"player_experience":691548,"relics_obtained":[{"floor":6.0,"key":"Art of War"},{"floor":9.0,"key":"Gremlin Horn"},{"floor":13.0,"key":"Prayer Wheel"},{"floor":23.0,"key":"Bottled Lightning"},{"floor":25.0,"key":"Letter Opener"},{"floor":26.0,"key":"Tiny Chest"},{"floor":31.0,"key":"Old Coin"},{"floor":31.0,"key":"Question Card"},{"floor":41,"key":"Du-Vu Doll"}],"event_choices":[{"damage_healed":0.0,"max_hp_gain":0.0,"max_hp_loss":0.0,"gold_gain":0.0,"event_name":"Liars Game","player_choice":"Ignored","floor":4.0,"gold_loss":0.0,"damage_taken":0.0},{"damage_healed":0.0,"max_hp_gain":0.0,"max_hp_loss":0.0,"gold_gain":30.0,"event_name":"Dead Adventurer","player_choice":"Searched \u00273\u0027 times","floor":7.0,"gold_loss":0.0,"damage_taken":0.0,"relics_obtained":["Vajra"]},{"damage_healed":0.0,"max_hp_gain":0.0,"max_hp_loss":0.0,"gold_gain":0.0,"event_name":"Scrap Ooze","player_choice":"Success","floor":8.0,"gold_loss":0.0,"damage_taken":7.0,"relics_obtained":["War Paint"]},{"damage_healed":0.0,"max_hp_gain":0.0,"max_hp_loss":0.0,"gold_gain":0.0,"event_name":"Back to Basics","player_choice":"Simplicity","floor":19.0,"gold_loss":0.0,"damage_taken":0.0,"cards_upgraded":["Defend_G","Defend_G","Defend_G","Strike_G","Strike_G","Strike_G","Strike_G"]},{"damage_healed":0.0,"max_hp_gain":0.0,"max_hp_loss":0.0,"gold_gain":0.0,"event_name":"Cursed Tome","player_choice":"Ignored","floor":21.0,"gold_loss":0.0,"damage_taken":0.0},{"damage_healed":0.0,"max_hp_gain":0.0,"max_hp_loss":0.0,"gold_gain":0.0,"event_name":"The Library","player_choice":"Read","floor":28.0,"gold_loss":0.0,"damage_taken":0.0,"cards_obtained":["Backflip"]},{"damage_healed":0.0,"max_hp_gain":0.0,"max_hp_loss":0.0,"gold_gain":0.0,"event_name":"Colosseum","player_choice":"Fight","floor":31.0,"gold_loss":0.0,"damage_taken":0.0},{"damage_healed":0.0,"max_hp_gain":0.0,"max_hp_loss":0.0,"gold_gain":0.0,"event_name":"Colosseum","player_choice":"Fought Nobs","floor":31.0,"gold_loss":0.0,"damage_taken":0.0},{"damage_healed":0,"gold_gain":0,"player_choice":"Memory 1","damage_taken":0,"max_hp_gain":0,"max_hp_loss":0,"event_name":"SensoryStone","floor":37,"gold_loss":0},{"damage_healed":0,"gold_gain":0,"player_choice":"Ignored","damage_taken":0,"max_hp_gain":0,"max_hp_loss":0,"event_name":"Transmorgrifier","floor":39,"gold_loss":0}],"is_beta":false,"boss_relics":[{"not_picked":["Velvet Choker","Snecko Eye"],"picked":"Busted Crown"},{"not_picked":["Astrolabe","Orrery"],"picked":"Coffee Dripper"}],"items_purged_floors":[3,38],"is_endless":false,"potions_floor_spawned":[1,13,23,24,27,30,33,35,41],"killed_by":"Spire Growth","ascension_level":0}