{"gold_per_floor":[112,124,71,86,98,98,114,114],"floor_reached":8,"playtime":429,"items_purged":[],"score":98,"play_id":"a1426c42-8719-4d34-a2c7-69ee2ce20e15","local_time":"20190206170337","is_ascension_mode":true,"campfire_choices":[{"floor":6,"key":"REST"}],"neow_cost":"NONE","seed_source_timestamp":25741674357100,"circlet_count":0,"master_deck":["AscendersBane","Strike_B","Strike_B","Strike_B","Strike_B","Defend_B","Defend_B","Defend_B","Defend_B","Zap","Dualcast","Defragment","Heatsinks","Conserve Battery","Skim","Beam Cell","Coolheaded","Genetic Algorithm","Electrodynamics","Conserve Battery"],"relics":["Orrery","The Courier"],"potions_floor_usage":[5,8],"damage_taken":[{"damage":9,"enemies":"2 Louse","floor":1,"turns":3},{"damage":4,"enemies":"Cultist","floor":2,"turns":4},{"damage":1,"enemies":"Jaw Worm","floor":4,"turns":7},{"damage":59,"enemies":"Gremlin Gang","floor":5,"turns":8},{"damage":6,"enemies":"Blue Slaver","floor":7,"turns":4},{"damage":31,"enemies":"Gremlin Nob","floor":8,"turns":3}],"seed_played":"-8698781069425921783","potions_obtained":[{"floor":2,"key":"Regen Potion"},{"floor":7,"key":"GamblersBrew"}],"is_trial":false,"path_per_floor":["M","M","?","M","M","R","M","E"],"character_chosen":"DEFECT","items_purchased":[],"campfire_rested":1,"item_purchase_floors":[],"current_hp_per_floor":[55,51,51,50,6,27,21,0],"gold":114,"neow_bonus":"BOSS_RELIC","is_prod":false,"is_daily":false,"chose_seed":false,"campfire_upgraded":0,"win_rate":0,"timestamp":1549501417,"path_taken":["M","M","?","?","M","R","M","E"],"build_version":"2019-01-23","purchased_purges":0,"victory":false,"max_hp_per_floor":[71,71,71,71,71,71,71,71],"card_choices":[{"not_picked":["Cold Snap","Steam"],"picked":"Defragment","floor":0},{"not_picked":["Sweeping Beam","Steam"],"picked":"Heatsinks","floor":0},{"not_picked":["Undo","Leap"],"picked":"Conserve Battery","floor":0},{"not_picked":["Rebound","Leap"],"picked":"Skim","floor":0},{"not_picked":["Streamline","Blizzard"],"picked":"Beam Cell","floor":0},{"not_picked":["Barrage","Compile Driver","Sweeping Beam"],"picked":"SKIP","floor":1},{"not_picked":["Turbo","Lockon"],"picked":"Coolheaded","floor":2},{"not_picked":["Hologram","Lockon"],"picked":"Genetic Algorithm","floor":4},{"not_picked":["Steam Power","Leap"],"picked":"Electrodynamics","floor":5},{"not_picked":["Sweeping Beam","Barrage"],"picked":"Conserve Battery","floor":7}],"player_experience":641638,"relics_obtained":[],"event_choices":[{"damage_healed":0,"gold_gain":0,"player_choice":"Paid Gold","damage_taken":0,"relics_obtained":["The Courier"],"max_hp_gain":0,"max_hp_loss":0,"event_name":"WeMeetAgain","floor":3,"gold_loss":53}],"is_beta":false,"boss_relics":[],"items_purged_floors":[],"is_endless":false,"potions_floor_spawned":[2,7],"killed_by":"Gremlin Nob","ascension_level":19}