{"gold_per_floor":[113,125,300,314,589,649,649,684,711,730,730,748,763,777,777,877,877,893,893,192,203,223,223,254,254,254,254],"floor_reached":27,"playtime":1633,"items_purged":["Regret"],"score":238,"play_id":"2aed6a3f-d539-4889-995f-05b5825736f6","local_time":"20190124193612","is_ascension_mode":true,"campfire_choices":[{"data":"Apotheosis","floor":7,"key":"SMITH"},{"floor":11,"key":"RECALL"},{"data":"Defragment","floor":15,"key":"SMITH"},{"floor":23,"key":"REST"}],"neow_cost":"TEN_PERCENT_HP_LOSS","seed_source_timestamp":54210597138397,"circlet_count":0,"master_deck":["Strike_B","Strike_B","Strike_B","Strike_B","Defend_B","Defend_B","Defend_B+1","Defend_B","Zap","Dualcast","Flash of Steel","Apotheosis+1","Melter","Gash","Doubt","Cold Snap","Doom and Gloom","BootSequence+1","Scrape","Compile Driver","Defragment+1","Defragment","Rainbow","Gash","RitualDagger","Consume+1","Gash","Electrodynamics","Necronomicurse"],"relics":["Cracked Core","Tiny Chest","Art of War","Fusion Hammer","Toolbox","Matryoshka","War Paint","Necronomicon","Cables","Letter Opener"],"potions_floor_usage":[8,8,22,24,27],"damage_taken":[{"damage":3,"enemies":"Jaw Worm","floor":1,"turns":2},{"damage":0,"enemies":"Cultist","floor":2,"turns":3},{"damage":0,"enemies":"Small Slimes","floor":4,"turns":3},{"damage":20,"enemies":"3 Sentries","floor":6,"turns":8},{"damage":18,"enemies":"Gremlin Nob","floor":8,"turns":4},{"damage":1,"enemies":"Looter","floor":10,"turns":3},{"damage":2,"enemies":"Large Slime","floor":12,"turns":4},{"damage":0,"enemies":"3 Louse","floor":13,"turns":3},{"damage":0,"enemies":"Looter","floor":14,"turns":2},{"damage":6,"enemies":"Slime Boss","floor":16,"turns":11},{"damage":2,"enemies":"Spheric Guardian","floor":18,"turns":3},{"damage":14,"enemies":"3 Byrds","floor":21,"turns":5},{"damage":15,"enemies":"Snake Plant","floor":22,"turns":4},{"damage":13,"enemies":"Centurion and Healer","floor":24,"turns":4},{"damage":30,"enemies":"Gremlin Leader","floor":27,"turns":2}],"seed_played":"6609361467167711232","potions_obtained":[{"floor":1,"key":"Regen Potion"},{"floor":2,"key":"Weak Potion"},{"floor":6,"key":"Regen Potion"},{"floor":14,"key":"Strength Potion"},{"floor":21,"key":"PowerPotion"},{"floor":22,"key":"Block Potion"}],"is_trial":false,"path_per_floor":["M","M","?","M","?","E","R","E","T","M","R","M","M","M","R","B",null,"M","?","$","M","M","R","M","?","T","E"],"character_chosen":"DEFECT","items_purchased":["Toolbox","Matryoshka","War Paint"],"campfire_rested":1,"item_purchase_floors":[20,20,20],"current_hp_per_floor":[65,65,65,65,65,45,45,39,39,38,38,36,36,36,36,30,68,66,60,60,46,31,51,38,22,22,0],"gold":254,"neow_bonus":"RANDOM_COLORLESS_2","is_prod":false,"is_daily":false,"chose_seed":false,"campfire_upgraded":2,"win_rate":0,"timestamp":1548376572,"path_taken":["M","M","?","M","?","E","R","E","T","M","R","M","M","?","R","BOSS","M","?","$","M","M","R","M","?","T","E"],"build_version":"2019-01-23","purchased_purges":1,"victory":false,"max_hp_per_floor":[68,68,68,68,68,68,68,68,68,68,68,68,68,68,68,68,68,68,68,68,68,68,68,68,68,68,68],"card_choices":[{"not_picked":["Go for the Eyes","Turbo"],"picked":"Melter","floor":1},{"not_picked":["Beam Cell","Stack"],"picked":"Gash","floor":2},{"not_picked":["Sweeping Beam","Steam"],"picked":"Cold Snap","floor":4},{"not_picked":["Hello World","Chill"],"picked":"Doom and Gloom","floor":6},{"not_picked":["Barrage","FTL"],"picked":"BootSequence","floor":8},{"not_picked":["Recycle","Lockon"],"picked":"Scrape","floor":10},{"not_picked":["Sweeping Beam","Redo"],"picked":"Compile Driver","floor":12},{"not_picked":["Cold Snap","All For One"],"picked":"Defragment","floor":13},{"not_picked":["Cold Snap","Undo"],"picked":"Defragment","floor":14},{"not_picked":["Buffer","Meteor Strike"],"picked":"Rainbow","floor":16},{"not_picked":["Barrage","Hologram"],"picked":"Gash","floor":18},{"not_picked":["Steam","Skim"],"picked":"Consume+1","floor":21},{"not_picked":["Barrage","Compile Driver+1"],"picked":"Gash","floor":22},{"not_picked":["Cold Snap","Stack+1"],"picked":"Electrodynamics","floor":24}],"player_experience":95271,"relics_obtained":[{"floor":6,"key":"Tiny Chest"},{"floor":8,"key":"Art of War"},{"floor":25,"key":"Necronomicon"},{"floor":26,"key":"Cables"},{"floor":26,"key":"Letter Opener"}],"event_choices":[{"damage_healed":0,"gold_gain":175,"player_choice":"AGREE","damage_taken":0,"max_hp_gain":0,"max_hp_loss":0,"event_name":"Liars Game","floor":3,"gold_loss":0,"cards_obtained":["Doubt"]},{"damage_healed":0,"gold_gain":275,"player_choice":"Desecrate","damage_taken":0,"max_hp_gain":0,"max_hp_loss":0,"event_name":"Golden Shrine","floor":5,"gold_loss":0,"cards_obtained":["Regret"]},{"damage_healed":0,"gold_gain":0,"player_choice":"Joined the Cult","damage_taken":6,"max_hp_gain":0,"max_hp_loss":0,"event_name":"Nest","floor":19,"gold_loss":0,"cards_obtained":["RitualDagger"]},{"damage_healed":0,"gold_gain":0,"player_choice":"Obtained Book","damage_taken":16,"max_hp_gain":0,"max_hp_loss":0,"event_name":"Cursed Tome","floor":25,"gold_loss":0}],"is_beta":false,"boss_relics":[{"not_picked":["Lizard Tail","White Beast Statue"],"picked":"Fusion Hammer"}],"items_purged_floors":[20],"is_endless":false,"potions_floor_spawned":[1,2,6,14,21,22],"killed_by":"Gremlin Leader","ascension_level":1}