{"gold_per_floor":[114,114,129,129,129,129,143,143,168,168,24,24,44,58,58,188,188,206,131,154,54,54,87,87,110,160,179,54,54,54,75,75,75],"floor_reached":33,"playtime":1965,"items_purged":["Defend_G","Defend_G","Strike_G"],"score":281,"play_id":"a0fc78dd-f7d9-4baf-97f3-bd58f54665c4","local_time":"20190303112622","is_ascension_mode":true,"campfire_choices":[{"data":"Neutralize","floor":6,"key":"SMITH"},{"data":"Choke","floor":8,"key":"SMITH"},{"data":"Terror","floor":10,"key":"SMITH"},{"data":"Adrenaline","floor":15,"key":"SMITH"},{"data":"Noxious Fumes","floor":24,"key":"SMITH"},{"data":"Bouncing Flask","floor":32,"key":"SMITH"}],"neow_cost":"NONE","seed_source_timestamp":1530955010294667,"circlet_count":0,"master_deck":["Defend_G","Defend_G+1","Strike_G","Strike_G","Strike_G+1","Survivor","Neutralize+1","Choke+1","Terror+1","Noxious Fumes+1","Backstab","Adrenaline+1","Unload","Prepared+1","Dagger Spray+1","Corpse Explosion","Infinite Blades+1","Finisher","Bouncing Flask+1"],"relics":["Ring of the Snake","Golden Idol","Meat on the Bone","Orichalcum","Coffee Dripper","Art of War","Vajra"],"potions_floor_usage":[16,33],"damage_taken":[{"damage":0,"enemies":"Cultist","floor":1,"turns":4},{"damage":0,"enemies":"2 Louse","floor":3,"turns":2},{"damage":0,"enemies":"Small Slimes","floor":7,"turns":3},{"damage":0,"enemies":"Looter","floor":13,"turns":2},{"damage":2,"enemies":"Red Slaver","floor":14,"turns":2},{"damage":10,"enemies":"The Guardian","floor":16,"turns":10},{"damage":9,"enemies":"2 Thieves","floor":18,"turns":3},{"damage":0,"enemies":"Chosen","floor":20,"turns":3},{"damage":34,"enemies":"Book of Stabbing","floor":23,"turns":5},{"damage":2,"enemies":"3 Cultists","floor":25,"turns":3},{"damage":7,"enemies":"Cultist and Chosen","floor":27,"turns":3},{"damage":0,"enemies":"Snecko","floor":31,"turns":2},{"damage":50,"enemies":"Champ","floor":33,"turns":6}],"seed_played":"386053722808315173","potions_obtained":[{"floor":1,"key":"Explosive Potion"},{"floor":7,"key":"EssenceOfSteel"},{"floor":23,"key":"SmokeBomb"}],"is_trial":false,"path_per_floor":["M","?","M","?","?","R","M","R","T","R","$","?","M","M","R","B",null,"M","?","M","$","?","E","R","M","T","M","$","?","?","M","R","B"],"character_chosen":"THE_SILENT","items_purchased":["Noxious Fumes"],"campfire_rested":0,"item_purchase_floors":[11],"current_hp_per_floor":[77,62,62,43,31,31,43,43,43,43,43,43,43,41,41,43,77,68,68,68,68,68,46,46,44,44,49,49,49,49,49,49,0],"gold":75,"neow_bonus":"TEN_PERCENT_HP_BONUS","is_prod":false,"is_daily":false,"chose_seed":false,"campfire_upgraded":6,"win_rate":0,"timestamp":1551641182,"path_taken":["M","?","M","?","?","R","M","R","T","R","$","?","M","M","R","BOSS","M","?","M","$","?","E","R","?","T","M","$","?","?","M","R","BOSS"],"build_version":"2019-01-23","purchased_purges":3,"victory":false,"max_hp_per_floor":[77,77,77,77,77,77,77,77,77,77,77,77,77,77,77,77,77,77,77,77,77,77,77,77,77,77,77,77,77,77,77,77,77],"card_choices":[{"not_picked":["Flechettes","Prepared"],"picked":"Choke","floor":1},{"not_picked":["Slice","Acrobatics","Calculated Gamble"],"picked":"SKIP","floor":3},{"not_picked":["Deflect","Distraction"],"picked":"Terror","floor":7},{"not_picked":["Footwork","Slice","Flying Knee"],"picked":"SKIP","floor":13},{"not_picked":["Outmaneuver","Tactician","Cloak And Dagger"],"picked":"SKIP","floor":14},{"not_picked":["Wraith Form v2","Bullet Time"],"picked":"Unload","floor":16},{"not_picked":["Footwork+1","Blade Dance"],"picked":"Prepared+1","floor":18},{"not_picked":["Escape Plan","Cloak And Dagger"],"picked":"Dagger Spray+1","floor":20},{"not_picked":["Slice","Outmaneuver"],"picked":"Corpse Explosion","floor":23},{"not_picked":["Riddle With Holes","Backstab+1"],"picked":"Infinite Blades+1","floor":25},{"not_picked":["Quick Slash","Dagger Spray"],"picked":"Finisher","floor":27},{"not_picked":["Sucker Punch","Deflect+1","Outmaneuver"],"picked":"SKIP","floor":31}],"player_experience":193716,"relics_obtained":[{"floor":9,"key":"Orichalcum"},{"floor":23,"key":"Art of War"},{"floor":26,"key":"Vajra"}],"event_choices":[{"damage_healed":0,"gold_gain":0,"player_choice":"Entered Light","damage_taken":15,"max_hp_gain":0,"max_hp_loss":0,"event_name":"Shining Light","floor":2,"gold_loss":0,"cards_upgraded":["Defend_G","Strike_G"]},{"damage_healed":0,"gold_gain":0,"player_choice":"Take Damage","damage_taken":19,"relics_obtained":["Golden Idol"],"max_hp_gain":0,"max_hp_loss":0,"event_name":"Golden Idol","floor":4,"gold_loss":0},{"damage_healed":0,"gold_gain":0,"player_choice":"Success","damage_taken":12,"relics_obtained":["Meat on the Bone"],"max_hp_gain":0,"max_hp_loss":0,"event_name":"Scrap Ooze","floor":5,"gold_loss":0},{"damage_healed":0,"gold_gain":0,"player_choice":"2 cards matched","damage_taken":0,"max_hp_gain":0,"max_hp_loss":0,"event_name":"Match and Keep!","floor":12,"gold_loss":0,"cards_obtained":["Backstab","Adrenaline"]},{"damage_healed":0,"gold_gain":0,"player_choice":"2 cards matched","damage_taken":0,"max_hp_gain":0,"max_hp_loss":0,"event_name":"Match and Keep!","floor":12,"gold_loss":0,"cards_obtained":["Backstab","Adrenaline"]},{"cards_removed":["Strike_G"],"damage_healed":0,"gold_gain":0,"player_choice":"Gave Gold","damage_taken":0,"max_hp_gain":0,"max_hp_loss":0,"event_name":"Beggar","floor":19,"gold_loss":75},{"damage_healed":0,"gold_gain":0,"player_choice":"Bought 0 Potions","damage_taken":0,"max_hp_gain":0,"max_hp_loss":0,"event_name":"The Woman in Blue","floor":22,"gold_loss":0},{"damage_healed":0,"gold_gain":0,"player_choice":"Read","damage_taken":0,"max_hp_gain":0,"max_hp_loss":0,"event_name":"The Library","floor":29,"gold_loss":0,"cards_obtained":["Bouncing Flask"]},{"cards_removed":["Defend_G"],"damage_healed":0,"gold_gain":0,"player_choice":"Purged","damage_taken":0,"max_hp_gain":0,"max_hp_loss":0,"event_name":"Purifier","floor":30,"gold_loss":0}],"is_beta":false,"boss_relics":[{"not_picked":["White Beast Statue","Pandora\u0027s Box"],"picked":"Coffee Dripper"}],"items_purged_floors":[11,21,28],"is_endless":false,"potions_floor_spawned":[1,7,23],"killed_by":"Champ","ascension_level":2}