{"gold_per_floor":[99,9,9,9,9,9,9,9,9,9,9,9,9,9,9,9,9,9,9,9,9,0,0,0,0,0,0,0,0,0,0,0,0,0,0,0,0,0,0,0,0,0,0,0,0,0,0,0,0,0],"floor_reached":50,"playtime":4807,"items_purged":[],"score":689,"play_id":"df8a571f-f05b-4ea2-9546-ad57835e5660","local_time":"20190304033238","is_ascension_mode":true,"campfire_choices":[{"data":"Coolheaded","floor":6,"key":"SMITH"},{"floor":8,"key":"REST"},{"floor":10,"key":"REST"},{"data":"Zap","floor":13,"key":"SMITH"},{"data":"Fusion","floor":15,"key":"SMITH"},{"floor":24,"key":"REST"},{"data":"Defragment","floor":29,"key":"SMITH"},{"data":"Blizzard","floor":32,"key":"SMITH"},{"floor":40,"key":"REST"},{"floor":44,"key":"RECALL"},{"data":"Buffer","floor":47,"key":"SMITH"},{"data":"Glacier","floor":49,"key":"SMITH"}],"neow_cost":"NONE","seed_source_timestamp":93707134925606,"circlet_count":0,"master_deck":["Strike_B","Strike_B","Strike_B","Strike_B","Defend_B","Defend_B","Defend_B","Defend_B","Zap+1","Dualcast","Coolheaded+1","Blizzard+1","Ball Lightning","Glacier+1","Ball Lightning","Fusion+1","RitualDagger","Defragment+1","Cold Snap+1","Cold Snap+1","Self Repair","Echo Form","Buffer+1","Hologram+1","Coolheaded+1"],"relics":["Ectoplasm","Regal Pillow","Potion Belt","Tiny Chest","Singing Bowl","White Beast Statue","Strawberry","Mummified Hand","Philosopher\u0027s Stone","Red Mask","Bottled Flame","Lantern"],"potions_floor_usage":[14,28,30,33,33,33,35,35,38,42,42,50,50,50,50,50],"damage_taken":[{"damage":2,"enemies":"Jaw Worm","floor":1,"turns":4},{"damage":5,"enemies":"Small Slimes","floor":3,"turns":4},{"damage":65,"enemies":"Gremlin Nob","floor":7,"turns":5},{"damage":0,"enemies":"2 Louse","floor":11,"turns":2},{"damage":13,"enemies":"Lagavulin","floor":12,"turns":6},{"damage":0,"enemies":"3 Sentries","floor":14,"turns":5},{"damage":57,"enemies":"Slime Boss","floor":16,"turns":10},{"damage":12,"enemies":"Shell Parasite","floor":18,"turns":8},{"damage":27,"enemies":"Gremlin Leader","floor":23,"turns":9},{"damage":0,"enemies":"Spheric Guardian","floor":25,"turns":3},{"damage":40,"enemies":"Book of Stabbing","floor":27,"turns":7},{"damage":7,"enemies":"Shelled Parasite and Fungi","floor":28,"turns":6},{"damage":6,"enemies":"Snecko","floor":30,"turns":4},{"damage":12,"enemies":"Sentry and Sphere","floor":31,"turns":4},{"damage":9,"enemies":"Automaton","floor":33,"turns":11},{"damage":41,"enemies":"3 Darklings","floor":35,"turns":6},{"damage":12,"enemies":"3 Shapes","floor":36,"turns":4},{"damage":23,"enemies":"Jaw Worm Horde","floor":38,"turns":5},{"damage":16,"enemies":"4 Shapes","floor":41,"turns":6},{"damage":6,"enemies":"Transient","floor":42,"turns":5},{"damage":14,"enemies":"Nemesis","floor":45,"turns":11},{"damage":15,"enemies":"Jaw Worm Horde","floor":46,"turns":5},{"damage":87,"enemies":"Donu and Deca","floor":50,"turns":11}],"seed_played":"-5264470663194043718","potions_obtained":[{"floor":1,"key":"FearPotion"},{"floor":3,"key":"Fire Potion"},{"floor":18,"key":"Swift Potion"},{"floor":23,"key":"Weak Potion"},{"floor":25,"key":"Ancient Potion"},{"floor":27,"key":"Weak Potion"},{"floor":28,"key":"Block Potion"},{"floor":30,"key":"EssenceOfSteel"},{"floor":31,"key":"EssenceOfSteel"},{"floor":33,"key":"Weak Potion"},{"floor":35,"key":"Poison Potion"},{"floor":36,"key":"Explosive Potion"},{"floor":38,"key":"Fire Potion"},{"floor":41,"key":"FearPotion"},{"floor":42,"key":"SteroidPotion"},{"floor":45,"key":"Swift Potion"},{"floor":46,"key":"Dexterity Potion"}],"is_trial":false,"path_per_floor":["M","$","M","?","?","R","E","R","T","R","M","E","R","E","R","B",null,"M","?","$","?","?","E","R","M","T","E","M","R","M","M","R","B",null,"M","M","?","M","?","R","M","M","T","R","E","M","R","$","R","B"],"character_chosen":"DEFECT","items_purchased":["Coolheaded","Blizzard"],"campfire_rested":4,"item_purchase_floors":[2,2],"current_hp_per_floor":[73,73,68,68,68,68,3,40,40,75,75,62,62,62,62,7,77,67,61,61,61,61,41,81,81,81,43,36,36,37,41,41,46,90,58,60,60,46,46,89,82,85,85,85,87,79,79,79,79,0],"gold":0,"neow_bonus":"BOSS_RELIC","is_prod":false,"is_daily":false,"chose_seed":false,"campfire_upgraded":7,"win_rate":0,"timestamp":1551691958,"path_taken":["M","$","M","?","?","R","E","R","T","R","M","E","R","E","R","BOSS","M","?","$","?","?","E","R","M","T","E","M","R","M","M","R","BOSS","M","M","?","M","?","R","M","M","T","R","E","M","R","$","R","BOSS"],"build_version":"2019-01-23","purchased_purges":0,"victory":false,"max_hp_per_floor":[75,75,75,75,75,75,75,75,75,75,75,75,75,75,75,77,77,79,79,79,79,79,86,86,86,86,88,88,88,88,90,90,90,90,92,92,92,94,94,94,96,98,98,98,100,100,100,100,100,100],"card_choices":[{"not_picked":["Turbo","Blizzard"],"picked":"Hologram","floor":1},{"not_picked":["FTL","Glacier"],"picked":"Ball Lightning","floor":3},{"not_picked":["Genetic Algorithm","Streamline","Doom and Gloom"],"picked":"SKIP","floor":7},{"not_picked":["Rebound","Leap"],"picked":"Glacier","floor":11},{"not_picked":["Hologram","Rebound"],"picked":"Ball Lightning","floor":12},{"not_picked":["Consume","Force Field"],"picked":"Fusion","floor":14},{"not_picked":["Reboot","Thunder Strike","Hyperbeam"],"picked":"Singing Bowl","floor":16},{"not_picked":["Gash","Rip and Tear","Double Energy"],"picked":"Singing Bowl","floor":18},{"not_picked":["Streamline","Compile Driver"],"picked":"Cold Snap+1","floor":23},{"not_picked":["Lockon+1","Rebound"],"picked":"Cold Snap+1","floor":25},{"not_picked":["Aggregate","Beam Cell","Hello World"],"picked":"Singing Bowl","floor":27},{"not_picked":["Barrage","Hologram"],"picked":"Self Repair","floor":28},{"not_picked":["Rebound","Steam+1"],"picked":"Echo Form","floor":30},{"not_picked":["Hologram","Redo+1","Leap+1"],"picked":"Singing Bowl","floor":31},{"not_picked":["Meteor Strike","Hyperbeam"],"picked":"Buffer","floor":33},{"not_picked":["Barrage","Fusion+1","Turbo+1"],"picked":"Singing Bowl","floor":35},{"not_picked":["Coolheaded","Ball Lightning+1"],"picked":"Hologram+1","floor":36},{"not_picked":["Genetic Algorithm+1","Go for the Eyes+1","Auto Shields+1"],"picked":"Singing Bowl","floor":38},{"not_picked":["Blizzard","Conserve Battery","Barrage+1"],"picked":"Singing Bowl","floor":41},{"not_picked":["Double Energy+1","Barrage+1","Force Field"],"picked":"Singing Bowl","floor":42},{"not_picked":["Consume+1","Rip and Tear","Chaos"],"picked":"Singing Bowl","floor":45},{"not_picked":["Compile Driver+1","Go for the Eyes+1"],"picked":"Coolheaded+1","floor":46}],"player_experience":122158,"relics_obtained":[{"floor":7,"key":"Regal Pillow"},{"floor":9,"key":"Potion Belt"},{"floor":12,"key":"Tiny Chest"},{"floor":14,"key":"Singing Bowl"},{"floor":23,"key":"Strawberry"},{"floor":27,"key":"Mummified Hand"},{"floor":43,"key":"Bottled Flame"},{"floor":45,"key":"Lantern"}],"event_choices":[{"damage_healed":0,"gold_gain":0,"player_choice":"Grow","damage_taken":0,"max_hp_gain":0,"max_hp_loss":0,"event_name":"Living Wall","floor":4,"gold_loss":0,"cards_upgraded":["Hologram"]},{"damage_healed":0,"gold_gain":0,"player_choice":"Ignored","damage_taken":0,"max_hp_gain":0,"max_hp_loss":0,"event_name":"Liars Game","floor":5,"gold_loss":0},{"damage_healed":0,"gold_gain":0,"player_choice":"Joined the Cult","damage_taken":6,"max_hp_gain":0,"max_hp_loss":0,"event_name":"Nest","floor":19,"gold_loss":0,"cards_obtained":["RitualDagger"]},{"damage_healed":0,"gold_gain":0,"player_choice":"Read","damage_taken":0,"max_hp_gain":0,"max_hp_loss":0,"event_name":"The Library","floor":21,"gold_loss":0,"cards_obtained":["Defragment"]},{"damage_healed":0,"gold_gain":0,"player_choice":"Paid Fearfully","damage_taken":0,"max_hp_gain":0,"max_hp_loss":0,"event_name":"Masked Bandits","floor":22,"gold_loss":9},{"cards_removed":["Hologram"],"damage_healed":0,"gold_gain":0,"player_choice":"Removed Skill","damage_taken":0,"max_hp_gain":0,"max_hp_loss":0,"event_name":"Falling","floor":37,"gold_loss":0},{"damage_healed":0,"gold_gain":0,"player_choice":"Paid","damage_taken":0,"relics_obtained":["Red Mask"],"max_hp_gain":0,"max_hp_loss":0,"event_name":"Tomb of Lord Red Mask","floor":39,"gold_loss":0}],"is_beta":false,"boss_relics":[{"not_picked":["Sozu","Coffee Dripper"],"picked":"White Beast Statue"},{"not_picked":["Snecko Eye","Calling Bell"],"picked":"Philosopher\u0027s Stone"}],"items_purged_floors":[],"is_endless":false,"potions_floor_spawned":[1,3,18,23,25,27,28,30,31,33,35,36,38,41,42,45,46],"killed_by":"Donu and Deca","ascension_level":4}