{"gold_per_floor":[365,23,38,113,13,13,13,13,88,105,118,118,129,129,129,229,229,243,243,243,259,20,20,20],"floor_reached":24,"playtime":1189,"items_purged":["Regret","Defend_R"],"score":285,"play_id":"626b6d73-96a3-407b-8fdf-9eed477d4dc5","local_time":"20190306030451","is_ascension_mode":true,"campfire_choices":[{"data":"Bloodletting","floor":7,"key":"SMITH"},{"data":"Rupture","floor":12,"key":"SMITH"},{"data":"Clothesline","floor":15,"key":"SMITH"},{"floor":23,"key":"REST"}],"neow_cost":"CURSE","seed_source_timestamp":2742971910788,"circlet_count":0,"master_deck":["AscendersBane","Strike_R+1","Strike_R","Strike_R","Strike_R","Defend_R","Defend_R","Defend_R","Bash+1","Dropkick","Bloodletting+1","Shrug It Off","Clothesline+1","Rupture+1","Demon Form","Hemokinesis","Whirlwind+1","Dramatic Entrance"],"relics":["Burning Blood","Red Skull","CultistMask","Question Card","Philosopher\u0027s Stone","Strawberry"],"potions_floor_usage":[16,24,24],"damage_taken":[{"damage":12,"enemies":"2 Louse","floor":1,"turns":3},{"damage":0,"enemies":"Cultist","floor":3,"turns":2},{"damage":2,"enemies":"Jaw Worm","floor":10,"turns":3},{"damage":13,"enemies":"2 Fungi Beasts","floor":11,"turns":4},{"damage":3,"enemies":"Looter","floor":13,"turns":2},{"damage":23,"enemies":"The Guardian","floor":16,"turns":8},{"damage":32,"enemies":"Shell Parasite","floor":18,"turns":5},{"damage":7,"enemies":"Spheric Guardian","floor":21,"turns":3},{"damage":78,"enemies":"Book of Stabbing","floor":24,"turns":5}],"seed_played":"-2026196234507206646","potions_obtained":[{"floor":3,"key":"GamblersBrew"},{"floor":11,"key":"SneckoOil"},{"floor":20,"key":"PowerPotion"},{"floor":21,"key":"Swift Potion"}],"is_trial":false,"path_per_floor":["M","$","M","?","$","?","R","?","T","M","M","R","M","?","R","B",null,"M","?","?","M","$","R","E"],"character_chosen":"IRONCLAD","items_purchased":["Bloodletting","Red Skull","PowerPotion","Strawberry","Dramatic Entrance"],"campfire_rested":1,"item_purchase_floors":[2,2,2,22,22],"current_hp_per_floor":[66,66,72,61,61,45,45,45,45,49,42,42,45,38,38,21,65,39,39,39,38,45,71,0],"gold":20,"neow_bonus":"TWO_FIFTY_GOLD","is_prod":false,"is_daily":false,"chose_seed":false,"campfire_upgraded":3,"win_rate":0,"timestamp":1551863091,"path_taken":["M","$","M","?","$","?","R","?","T","M","?","R","M","?","R","BOSS","M","?","?","?","$","R","E"],"build_version":"2019-01-23","purchased_purges":2,"victory":false,"max_hp_per_floor":[80,80,80,80,80,80,80,80,80,80,80,80,80,80,80,80,80,80,80,80,80,87,87,87],"card_choices":[{"not_picked":["Havoc","Twin Strike"],"picked":"Dropkick","floor":1},{"not_picked":["Evolve","Iron Wave"],"picked":"Shrug It Off","floor":3},{"not_picked":["Ghostly Armor","Combust","Twin Strike"],"picked":"Clothesline","floor":10},{"not_picked":["Uppercut","Clothesline","Reaper"],"picked":"Rupture","floor":11},{"not_picked":["Disarm","Iron Wave","Flex","Heavy Blade"],"picked":"SKIP","floor":13},{"not_picked":["Berserk","Barricade","Exhume"],"picked":"Demon Form","floor":16},{"not_picked":["Armaments","Havoc","Sword Boomerang"],"picked":"Hemokinesis","floor":18},{"not_picked":["Wild Strike","Bloodletting","Body Slam"],"picked":"Whirlwind+1","floor":21}],"player_experience":197047,"relics_obtained":[{"floor":9,"key":"Question Card"}],"event_choices":[{"damage_healed":0,"gold_gain":75,"player_choice":"Gather Gold","damage_taken":11,"max_hp_gain":0,"max_hp_loss":0,"event_name":"World of Goop","floor":4,"gold_loss":0},{"damage_healed":0,"gold_gain":0,"player_choice":"Entered Light","damage_taken":16,"max_hp_gain":0,"max_hp_loss":0,"event_name":"Shining Light","floor":6,"gold_loss":0,"cards_upgraded":["Strike_R","Bash"]},{"damage_healed":0,"gold_gain":0,"player_choice":"Trade","damage_taken":0,"relics_obtained":["CultistMask"],"max_hp_gain":0,"max_hp_loss":0,"event_name":"FaceTrader","floor":8,"gold_loss":0},{"cards_removed":["Strike_R"],"damage_healed":0,"gold_gain":0,"player_choice":"Card Removal","damage_taken":7,"max_hp_gain":0,"max_hp_loss":0,"event_name":"Golden Wing","floor":14,"gold_loss":0},{"damage_healed":0,"gold_gain":0,"player_choice":"Ignored","damage_taken":0,"max_hp_gain":0,"max_hp_loss":0,"event_name":"Ghosts","floor":19,"gold_loss":0},{"damage_healed":0,"gold_gain":0,"player_choice":"Got Potions","damage_taken":0,"max_hp_gain":0,"max_hp_loss":0,"event_name":"Lab","floor":20,"gold_loss":0}],"is_beta":false,"boss_relics":[{"not_picked":["Calling Bell","White Beast Statue"],"picked":"Philosopher\u0027s Stone"}],"items_purged_floors":[2,5],"is_endless":false,"potions_floor_spawned":[3,11,13,21],"killed_by":"Book of Stabbing","ascension_level":11}