{"gold_per_floor":[119,130,146,160,174,174,199,211,211,211,211,222,235,248,248,326,326,340,340],"floor_reached":19,"playtime":1000,"items_purged":[],"score":428,"play_id":"6de2e0d1-1219-4c6d-8c56-59f46d9e55d9","local_time":"20190127145956","is_ascension_mode":true,"campfire_choices":[{"data":"Go for the Eyes","floor":6,"key":"SMITH"},{"data":"Echo Form","floor":10,"key":"SMITH"},{"data":"Zap","floor":15,"key":"SMITH"}],"neow_cost":"NONE","seed_source_timestamp":1463522608852300,"circlet_count":0,"master_deck":["AscendersBane","Strike_B","Strike_B","Defend_B","Defend_B","Defend_B","Defend_B","Zap+1","Dualcast","Conserve Battery","Cold Snap","Self Repair","Steam","Go for the Eyes+1","Echo Form+1","Storm","Conserve Battery","Ball Lightning+1","Loop","Core Surge+1"],"relics":["Cracked Core","Ancient Tea Set","Molten Egg 2","Cursed Key"],"potions_floor_usage":[7,13,16,18,19],"damage_taken":[{"damage":1,"enemies":"Cultist","floor":1,"turns":4},{"damage":0,"enemies":"Jaw Worm","floor":2,"turns":3},{"damage":1,"enemies":"2 Louse","floor":3,"turns":3},{"damage":0,"enemies":"2 Fungi Beasts","floor":4,"turns":5},{"damage":0,"enemies":"Looter","floor":5,"turns":5},{"damage":11,"enemies":"Lagavulin","floor":7,"turns":9},{"damage":46,"enemies":"Gremlin Gang","floor":8,"turns":8},{"damage":3,"enemies":"3 Louse","floor":12,"turns":4},{"damage":0,"enemies":"Looter","floor":13,"turns":4},{"damage":16,"enemies":"Large Slime","floor":14,"turns":6},{"damage":0,"enemies":"Slime Boss","floor":16,"turns":9},{"damage":17,"enemies":"Chosen","floor":18,"turns":5},{"damage":28,"enemies":"Colosseum Slavers","floor":19,"turns":4},{"damage":50,"enemies":"Colosseum Nobs","floor":19,"turns":3}],"seed_played":"-7768929028085096268","potions_obtained":[{"floor":2,"key":"PowerPotion"},{"floor":3,"key":"Swift Potion"},{"floor":4,"key":"FocusPotion"},{"floor":12,"key":"Block Potion"},{"floor":14,"key":"SneckoOil"},{"floor":18,"key":"AttackPotion"}],"is_trial":false,"path_per_floor":["M","M","M","M","M","R","E","M","T","R","?","M","M","M","R","B",null,"M","?"],"character_chosen":"DEFECT","items_purchased":[],"campfire_rested":0,"item_purchase_floors":[],"current_hp_per_floor":[63,63,62,69,71,71,67,35,35,35,28,32,46,44,44,51,66,56,0],"gold":340,"neow_bonus":"REMOVE_CARD","is_prod":false,"is_daily":false,"chose_seed":false,"campfire_upgraded":3,"win_rate":0,"timestamp":1548629996,"path_taken":["M","?","M","M","M","R","E","M","T","R","?","M","M","M","R","BOSS","M","?"],"build_version":"2019-01-23","purchased_purges":0,"victory":false,"max_hp_per_floor":[71,71,71,71,71,71,71,71,71,71,71,71,71,71,71,71,71,71,71],"card_choices":[{"not_picked":["Coolheaded","Steam"],"picked":"Conserve Battery","floor":1},{"not_picked":["Hello World","Leap"],"picked":"Cold Snap","floor":2},{"not_picked":["Double Energy","Stack"],"picked":"Self Repair","floor":3},{"not_picked":["Hello World","Barrage"],"picked":"Steam","floor":4},{"not_picked":["Coolheaded","Darkness"],"picked":"Go for the Eyes","floor":5},{"not_picked":["Go for the Eyes","Ball Lightning"],"picked":"Echo Form","floor":7},{"not_picked":["Recycle","Reprogram"],"picked":"Storm","floor":8},{"not_picked":["Auto Shields","Darkness"],"picked":"Conserve Battery","floor":12},{"not_picked":["Go for the Eyes+1","Sunder+1"],"picked":"Ball Lightning+1","floor":13},{"not_picked":["Auto Shields","Compile Driver+1"],"picked":"Loop","floor":14},{"not_picked":["All For One+1","Rainbow"],"picked":"Core Surge+1","floor":16},{"not_picked":["Scrape+1","Compile Driver+1","Redo"],"picked":"SKIP","floor":18}],"player_experience":591326,"relics_obtained":[{"floor":7,"key":"Ancient Tea Set"},{"floor":9,"key":"Molten Egg 2"}],"event_choices":[{"cards_removed":["Strike_B"],"damage_healed":0,"gold_gain":0,"player_choice":"Card Removal","damage_taken":7,"max_hp_gain":0,"max_hp_loss":0,"event_name":"Golden Wing","floor":11,"gold_loss":0},{"damage_healed":0,"gold_gain":0,"player_choice":"Fight","damage_taken":0,"max_hp_gain":0,"max_hp_loss":0,"event_name":"Colosseum","floor":19,"gold_loss":0},{"damage_healed":0,"gold_gain":0,"player_choice":"Fought Nobs","damage_taken":0,"max_hp_gain":0,"max_hp_loss":0,"event_name":"Colosseum","floor":19,"gold_loss":0}],"is_beta":false,"boss_relics":[{"not_picked":["Calling Bell","Astrolabe"],"picked":"Cursed Key"}],"items_purged_floors":[],"is_endless":false,"potions_floor_spawned":[2,3,4,12,14,18],"killed_by":"Colosseum Nobs","ascension_level":18}