{"path_per_floor":["M","?","?","M","M","R","M","R","T","R","M","?","M","M","R","B",null,"M","?","M","M","$","R","M","M","T","R","?","$","R","M","R","B",null,"M","M","?","?","?","R","E","M","T","M","R","M","R","M","R"],"character_chosen":"DEFECT","items_purchased":["Turnip","Defragment","Loop"],"gold_per_floor":[110,110,110,129,140,140,159,159,159,159,171,226,237,254,254,357,357,368,368,379,390,14,14,26,40,64,64,214,142,142,158,158,261,261,278,293,293,0,0,0,27,37,67,77,77,97,97,115,115,115],"floor_reached":50,"campfire_rested":6,"playtime":2498,"item_purchase_floors":[22,22,29],"current_hp_per_floor":[75,80,80,79,79,79,67,67,67,80,80,61,61,68,68,38,80,80,80,76,73,73,73,60,31,31,55,55,55,79,81,81,71,82,64,48,48,48,48,72,79,31,31,27,51,53,77,84,84,0],"items_purged":[],"gold":115,"score":518,"play_id":"ba41ff21-f3b2-4099-b948-c3623ea76f93","local_time":"20180608163917","is_prod":false,"is_daily":false,"chose_seed":false,"is_ascension_mode":false,"campfire_upgraded":6,"win_rate":0,"timestamp":1528439957,"campfire_choices":[{"data":"White Noise","floor":6,"key":"SMITH"},{"data":"Buffer","floor":8,"key":"SMITH"},{"floor":10,"key":"REST"},{"data":"Loop","floor":15,"key":"SMITH"},{"data":"Defragment","floor":23,"key":"SMITH"},{"floor":27,"key":"REST"},{"floor":30,"key":"REST"},{"data":"White Noise","floor":32,"key":"SMITH"},{"floor":40,"key":"REST"},{"floor":45,"key":"REST"},{"floor":47,"key":"REST"},{"data":"Storm","floor":49,"key":"SMITH"}],"path_taken":["M","?","?","M","?","R","M","R","T","R","M","?","M","?","R","BOSS","M","?","M","M","$","R","?","M","T","R","?","?","R","M","R","BOSS","M","M","?","?","?","R","E","?","T","?","R","M","R","M","R","BOSS"],"build_version":"2018-06-07v2","seed_source_timestamp":167508124886060,"purchased_purges":0,"victory":false,"master_deck":["Strike_B","Strike_B","Strike_B","Defend_B","Defend_B","Defend_B","Zap+1","Dualcast","Buffer+1","White Noise+1","BootSequence","Self Repair","Steam","Steam","Loop+1","Ball Lightning","Gash","Biased Cognition","White Noise+1","White Noise+1","Ball Lightning+1","Static Discharge","Defragment+1","Force Field","Force Field+1","Loop","Amplify","Redo+1","BootSequence","Chaos+1","Self Repair","BootSequence+1","Storm+1"],"max_hp_per_floor":[75,80,80,80,80,80,80,80,80,80,80,80,80,80,80,80,80,80,80,80,80,80,80,80,80,80,80,80,80,80,82,82,82,82,82,82,82,82,82,82,82,82,82,82,82,82,82,89,89,89],"relics":["Cracked Core","Pantograph","Symbiotic Virus","White Beast Statue","Turnip","Singing Bowl","Runic Pyramid","Red Mask","Centennial Puzzle","Tiny Chest"],"card_choices":[{"not_picked":["Coolheaded","Genetic Algorithm"],"picked":"White Noise","floor":1},{"not_picked":["Sweeping Beam","Skim"],"picked":"BootSequence","floor":4},{"not_picked":["Turbo","Undo"],"picked":"Self Repair","floor":5},{"not_picked":["Rip and Tear","Turbo"],"picked":"Steam","floor":7},{"not_picked":["Go for the Eyes","Lockon"],"picked":"Steam","floor":11},{"not_picked":["Chaos","Rip and Tear"],"picked":"Loop","floor":12},{"not_picked":["Tempest","Fusion"],"picked":"Ball Lightning","floor":13},{"not_picked":["Turbo","Redo"],"picked":"Gash","floor":14},{"not_picked":["Core Surge","Hyperbeam"],"picked":"Biased Cognition","floor":16},{"not_picked":["Sweeping Beam","Stack+1"],"picked":"White Noise","floor":18},{"not_picked":["Coolheaded","Go for the Eyes"],"picked":"Ball Lightning+1","floor":20},{"not_picked":["Ball Lightning","Scrape+1"],"picked":"Static Discharge","floor":21},{"not_picked":["Coolheaded","Reinforced Body"],"picked":"Force Field","floor":24},{"not_picked":["Steam","Consume"],"picked":"Force Field+1","floor":25},{"not_picked":["Ball Lightning+1","Go for the Eyes","Fusion"],"picked":"Singing Bowl","floor":31},{"not_picked":["Meteor Strike","Reboot"],"picked":"Amplify","floor":33},{"not_picked":["Turbo+1","Streamline+1"],"picked":"Redo+1","floor":35},{"not_picked":["Rebound+1","Hologram+1"],"picked":"BootSequence","floor":36},{"not_picked":["FTL+1","Hologram"],"picked":"Chaos+1","floor":41},{"not_picked":["Auto Shields","Hello World"],"picked":"Self Repair","floor":42},{"not_picked":["Coolheaded+1","Stack"],"picked":"BootSequence+1","floor":44},{"not_picked":["Gash+1","Compile Driver"],"picked":"Storm","floor":46},{"not_picked":["Go for the Eyes+1","Sweeping Beam+1","Redo+1"],"picked":"Singing Bowl","floor":48}],"player_experience":380580,"potions_floor_usage":[7,7,12,16,20,25,31,33,33,35,36,41,41,42,44,46,48,50],"damage_taken":[{"damage":0,"enemies":"Small Slimes","floor":1,"turns":2},{"damage":1,"enemies":"Cultist","floor":4,"turns":4},{"damage":0,"enemies":"2 Louse","floor":5,"turns":2},{"damage":19,"enemies":"Large Slime","floor":7,"turns":7},{"damage":2,"enemies":"Red Slaver","floor":11,"turns":4},{"damage":26,"enemies":"3 Sentries","floor":12,"turns":11},{"damage":0,"enemies":"Looter","floor":13,"turns":3},{"damage":0,"enemies":"2 Fungi Beasts","floor":14,"turns":3},{"damage":56,"enemies":"Hexaghost","floor":16,"turns":10},{"damage":0,"enemies":"Shell Parasite","floor":18,"turns":6},{"damage":4,"enemies":"Spheric Guardian","floor":20,"turns":3},{"damage":10,"enemies":"Cultist and Chosen","floor":21,"turns":4},{"damage":20,"enemies":"Snecko","floor":24,"turns":4},{"damage":36,"enemies":"Chosen and Byrds","floor":25,"turns":6},{"damage":0,"enemies":"Sentry and Sphere","floor":31,"turns":3},{"damage":18,"enemies":"Automaton","floor":33,"turns":10},{"damage":18,"enemies":"3 Darklings","floor":35,"turns":5},{"damage":23,"enemies":"Orb Walker","floor":36,"turns":4},{"damage":0,"enemies":"Giant Head","floor":41,"turns":8},{"damage":55,"enemies":"Flame Bruiser 2 Orb","floor":42,"turns":5},{"damage":18,"enemies":"3 Darklings","floor":44,"turns":4},{"damage":12,"enemies":"Sphere and 2 Shapes","floor":46,"turns":6},{"damage":0,"enemies":"Spire Growth","floor":48,"turns":4},{"damage":95,"enemies":"Awakened One","floor":50,"turns":4}],"relics_obtained":[{"floor":9,"key":"Pantograph"},{"floor":12,"key":"Symbiotic Virus"},{"floor":26,"key":"Singing Bowl"},{"floor":41,"key":"Centennial Puzzle"},{"floor":43,"key":"Tiny Chest"}],"event_choices":[{"event_name":"Big Fish","player_choice":"Donut","floor":2,"damage_taken":0},{"event_name":"Living Wall","player_choice":"Grow","floor":3,"damage_taken":0},{"event_name":"Dead Adventurer","player_choice":"Searched \u00273\u0027 times","floor":12,"damage_taken":0},{"event_name":"Duplicator","player_choice":"One dupe","floor":19,"damage_taken":0},{"event_name":"Nest","player_choice":"Stole From Cult","floor":28,"damage_taken":0},{"event_name":"Bonfire Elementals","player_choice":"BASIC","floor":37,"damage_taken":0},{"event_name":"Tomb of Lord Red Mask","player_choice":"Paid","floor":38,"damage_taken":0},{"event_name":"Purifier","player_choice":"One Purge","floor":39,"damage_taken":0}],"boss_relics":[{"not_picked":["Ectoplasm","Sozu"],"picked":"White Beast Statue"},{"not_picked":["Black Star","Cursed Key"],"picked":"Runic Pyramid"}],"items_purged_floors":[],"potions_floor_spawned":[1,4,11,12,16,18,20,21,24,25,31,33,35,36,41,42,44,46,48],"seed_played":"6850351901035375816","killed_by":"Awakened One","ascension_level":0,"potions_obtained":[{"floor":1,"key":"FearPotion"},{"floor":4,"key":"SteroidPotion"},{"floor":11,"key":"Ancient Potion"},{"floor":12,"key":"Strength Potion"},{"floor":16,"key":"Energy Potion"},{"floor":18,"key":"Ancient Potion"},{"floor":20,"key":"GamblersBrew"},{"floor":21,"key":"GamblersBrew"},{"floor":24,"key":"AttackPotion"},{"floor":25,"key":"EssenceOfSteel"},{"floor":31,"key":"Weak Potion"},{"floor":33,"key":"Block Potion"},{"floor":35,"key":"Strength Potion"},{"floor":36,"key":"Strength Potion"},{"floor":41,"key":"Energy Potion"},{"floor":42,"key":"Fire Potion"},{"floor":44,"key":"Poison Potion"},{"floor":46,"key":"Fruit Juice"},{"floor":48,"key":"SpeedPotion"}],"is_trial":false}