{"gold_per_floor":[113,113,64,64,78,78,8,28,28,48,48,106,133,143,143,241,241,260,289,204,220,220,220,240,165,218,94,106,121,146,166,166,271,271,281,296,396,407,407,407,629,629,654,678,678,678,128,146,146,146,146,146,146,173,173],"floor_reached":55,"playtime":3423,"items_purged":["Heatsinks","Ball Lightning"],"score":915,"play_id":"c39e1685-7f1f-4ec1-aa40-8e73a2185d4a","local_time":"20181214203901","is_ascension_mode":false,"campfire_choices":[{"data":"Zap","floor":6.0,"key":"SMITH"},{"data":"Defragment","floor":11.0,"key":"SMITH"},{"data":"Blizzard","floor":15.0,"key":"SMITH"},{"data":"Chill","floor":23.0,"key":"SMITH"},{"floor":32.0,"key":"RECALL"},{"data":"Chill","floor":40.0,"key":"SMITH"},{"data":"Defragment","floor":42.0,"key":"SMITH"},{"data":"1","floor":46.0,"key":"LIFT"},{"data":"2","floor":49.0,"key":"LIFT"},{"data":"3","floor":52.0,"key":"LIFT"}],"neow_cost":"NONE","seed_source_timestamp":0,"circlet_count":0,"master_deck":["Zap+1","Dualcast","Defragment+1","Cold Snap","Chill+1","Chill+1","Blizzard+1","Steam Power+1","Static Discharge","Glacier+1","Coolheaded+1","Cold Snap","Cold Snap+1","Cold Snap+1","Coolheaded+1","Capacitor+1","Defragment+1","Coolheaded+1"],"special_seed":0,"relics":["FrozenCore","Cables","Pear","Toxic Egg 2","Pandora\u0027s Box","Red Mask","Mummified Hand","Tiny Chest","Bottled Tornado","Girya","Bag of Marbles","PreservedInsect","Sundial","ClockworkSouvenir","Pantograph"],"potions_floor_usage":[55,55],"damage_taken":[{"damage":1.0,"enemies":"Jaw Worm","floor":1.0,"turns":4.0},{"damage":7.0,"enemies":"2 Louse","floor":5.0,"turns":2.0},{"damage":0.0,"enemies":"Small Slimes","floor":8.0,"turns":3.0},{"damage":0.0,"enemies":"Exordium Wildlife","floor":10.0,"turns":6.0},{"damage":1.0,"enemies":"Gremlin Nob","floor":12.0,"turns":4.0},{"damage":0.0,"enemies":"3 Sentries","floor":13.0,"turns":7.0},{"damage":4.0,"enemies":"3 Louse","floor":14.0,"turns":2.0},{"damage":11.0,"enemies":"The Guardian","floor":16.0,"turns":10.0},{"damage":9.0,"enemies":"2 Thieves","floor":18.0,"turns":3.0},{"damage":0.0,"enemies":"Masked Bandits","floor":19.0,"turns":3.0},{"damage":0.0,"enemies":"Spheric Guardian","floor":21.0,"turns":4.0},{"damage":0.0,"enemies":"Centurion and Healer","floor":24.0,"turns":5.0},{"damage":0.0,"enemies":"Cultist and Chosen","floor":28.0,"turns":8.0},{"damage":0.0,"enemies":"3 Cultists","floor":29.0,"turns":3.0},{"damage":0.0,"enemies":"Book of Stabbing","floor":30.0,"turns":6.0},{"damage":0.0,"enemies":"Centurion and Healer","floor":31.0,"turns":5.0},{"damage":0.0,"enemies":"Collector","floor":33.0,"turns":10.0},{"damage":0.0,"enemies":"3 Darklings","floor":35.0,"turns":4.0},{"damage":3.0,"enemies":"3 Shapes","floor":36.0,"turns":5.0},{"damage":0.0,"enemies":"Mind Bloom Boss Battle","floor":37.0,"turns":8.0},{"damage":0.0,"enemies":"Spire Growth","floor":38.0,"turns":7.0},{"damage":0.0,"enemies":"Jaw Worm Horde","floor":48.0,"turns":5.0},{"damage":0.0,"enemies":"Time Eater","floor":50.0,"turns":12.0},{"damage":0.0,"enemies":"Shield and Spear","floor":54.0,"turns":6.0},{"damage":86,"enemies":"The Heart","floor":55,"turns":14}],"seed_played":"-8422757942083894287","potions_obtained":[{"floor":8.0,"key":"Regen Potion"},{"floor":10.0,"key":"Block Potion"},{"floor":13.0,"key":"Dexterity Potion"},{"floor":14.0,"key":"Explosive Potion"},{"floor":18.0,"key":"EssenceOfSteel"},{"floor":21.0,"key":"Weak Potion"},{"floor":31.0,"key":"Energy Potion"},{"floor":33.0,"key":"PowerPotion"},{"floor":54.0,"key":"SpeedPotion"}],"is_trial":false,"path_per_floor":["M","?","$","?","M","R","$","M","T","M","R","?","E","M","R","B",null,"M","?","?","M","?","R","M","$","T","$","M","M","E","M","R","B",null,"M","M","?","M","?","R","?","R","T","T","?","R","$","M","R","B",null,"R","$","E","B"],"character_chosen":"DEFECT","items_purchased":["Cold Snap","Chill","Coolheaded+1","Capacitor","Sundial","ClockworkSouvenir"],"campfire_rested":0,"item_purchase_floors":[3,7,27,27,47,47],"current_hp_per_floor":[74,67,67,49,42,42,42,42,42,57,57,66,66,62,62,51,85,76,76,76,76,76,76,76,76,76,76,76,76,76,76,76,76,85,85,82,82,82,82,82,82,82,82,82,82,82,82,82,82,82,85,85,85,85,0],"gold":173,"neow_bonus":"REMOVE_CARD","is_prod":false,"is_daily":false,"chose_seed":false,"campfire_upgraded":6,"win_rate":0,"timestamp":1544837941,"path_taken":["M","?","$","?","M","R","?","M","T","M","R","?","E","?","R","BOSS","M","?","?","M","?","R","M","$","T","$","M","M","E","M","R","BOSS","M","M","?","M","?","R","?","R","T","?","?","R","$","M","R","BOSS","R","$","E","BOSS"],"build_version":"2018-12-13","purchased_purges":2,"victory":false,"max_hp_per_floor":[75,75,75,75,75,75,75,75,75,75,75,85,85,85,85,85,85,85,85,85,85,85,85,85,85,85,85,85,85,85,85,85,85,85,85,85,85,85,85,85,85,85,85,85,85,85,85,85,85,85,85,85,85,85,85],"card_choices":[{"not_picked":["Leap","Streamline"],"picked":"Defragment","floor":1.0},{"not_picked":["Chaos","Sweeping Beam"],"picked":"Chill","floor":5.0},{"not_picked":["Double Energy","Hologram","Self Repair"],"picked":"SKIP","floor":8.0},{"not_picked":["Scrape","Leap","Redo"],"picked":"SKIP","floor":10.0},{"not_picked":["Sweeping Beam","Reprogram"],"picked":"Ball Lightning","floor":13.0},{"not_picked":["Multi-Cast+1","Redo+1"],"picked":"Blizzard","floor":14.0},{"not_picked":["Hologram+1","Ball Lightning"],"picked":"Cold Snap+1","floor":18.0},{"not_picked":["Reinforced Body+1","Loop"],"picked":"Cold Snap+1","floor":21.0},{"not_picked":["Skim+1","Gash","Compile Driver+1"],"picked":"SKIP","floor":24.0},{"not_picked":["Barrage","Reinforced Body+1","Doom and Gloom"],"picked":"SKIP","floor":28.0},{"not_picked":["Meteor Strike","Barrage"],"picked":"Defragment","floor":29.0},{"not_picked":["Stack+1","Reprogram+1","Sweeping Beam"],"picked":"SKIP","floor":30.0},{"not_picked":["Ball Lightning","Streamline","Lockon"],"picked":"SKIP","floor":31.0},{"not_picked":["Cold Snap","Genetic Algorithm+1","Redo+1"],"picked":"SKIP","floor":35.0},{"not_picked":["Sweeping Beam","FTL+1","Ball Lightning"],"picked":"SKIP","floor":36.0},{"not_picked":["Rebound+1","Hologram+1"],"picked":"Coolheaded+1","floor":37.0},{"not_picked":["Coolheaded+1","Loop+1","Lockon+1"],"picked":"SKIP","floor":38.0},{"not_picked":["Lockon+1","Turbo+1","Recycle+1"],"picked":"SKIP","floor":48.0},{"not_picked":["Stack+1","Double Energy+1","Hologram+1"],"picked":"SKIP","floor":54.0}],"player_experience":293353,"relics_obtained":[{"floor":12.0,"key":"Pear"},{"floor":13.0,"key":"Toxic Egg 2"},{"floor":19.0,"key":"Red Mask"},{"floor":26.0,"key":"Tiny Chest"},{"floor":30.0,"key":"Bottled Tornado"},{"floor":37.0,"key":"Girya"},{"floor":43.0,"key":"Bag of Marbles"},{"floor":44.0,"key":"PreservedInsect"},{"floor":54.0,"key":"Pantograph"}],"event_choices":[{"cards_removed":["Defend_B"],"damage_healed":0.0,"max_hp_gain":0.0,"max_hp_loss":0.0,"gold_gain":0.0,"event_name":"Golden Wing","player_choice":"Card Removal","floor":2.0,"gold_loss":0.0,"damage_taken":7.0},{"damage_healed":0.0,"max_hp_gain":0.0,"max_hp_loss":0.0,"gold_gain":0.0,"event_name":"Scrap Ooze","player_choice":"Success","floor":4.0,"gold_loss":0.0,"damage_taken":18.0,"relics_obtained":["Cables"]},{"damage_healed":0.0,"max_hp_gain":0.0,"max_hp_loss":0.0,"gold_gain":0.0,"event_name":"Dead Adventurer","player_choice":"Searched \u00271\u0027 times","floor":12.0,"gold_loss":0.0,"damage_taken":0.0},{"damage_healed":0.0,"max_hp_gain":0.0,"max_hp_loss":0.0,"gold_gain":0.0,"event_name":"Masked Bandits","player_choice":"Fought Bandits","floor":19.0,"gold_loss":0.0,"damage_taken":0.0},{"damage_healed":0.0,"max_hp_gain":0.0,"max_hp_loss":0.0,"gold_gain":0.0,"event_name":"Addict","player_choice":"Obtained Relic","floor":20.0,"gold_loss":85.0,"damage_taken":0.0,"relics_obtained":["Mummified Hand"]},{"damage_healed":0.0,"max_hp_gain":0.0,"max_hp_loss":0.0,"gold_gain":0.0,"event_name":"Ghosts","player_choice":"Ignored","floor":22.0,"gold_loss":0.0,"damage_taken":0.0},{"damage_healed":0.0,"max_hp_gain":0.0,"max_hp_loss":0.0,"gold_gain":0.0,"event_name":"MindBloom","player_choice":"Fight","floor":37.0,"gold_loss":0.0,"damage_taken":0.0},{"damage_healed":0.0,"max_hp_gain":0.0,"max_hp_loss":0.0,"gold_gain":0.0,"event_name":"SensoryStone","player_choice":"Memory 1","floor":39.0,"gold_loss":0.0,"damage_taken":0.0},{"damage_healed":0.0,"max_hp_gain":0.0,"max_hp_loss":0.0,"gold_gain":222.0,"event_name":"Tomb of Lord Red Mask","player_choice":"Wore Mask","floor":41.0,"gold_loss":0.0,"damage_taken":0.0},{"damage_healed":0.0,"max_hp_gain":0.0,"max_hp_loss":0.0,"gold_gain":0.0,"event_name":"Accursed Blacksmith","player_choice":"Forge","floor":45.0,"gold_loss":0.0,"damage_taken":0.0,"cards_upgraded":["Capacitor"]}],"is_beta":false,"boss_relics":[{"not_picked":["Fusion Hammer","Black Star"],"picked":"Pandora\u0027s Box"},{"not_picked":["White Beast Statue","Philosopher\u0027s Stone"],"picked":"FrozenCore"}],"items_purged_floors":[25,47],"is_endless":false,"potions_floor_spawned":[8,10,13,14,18,21,31,33,35,38,54],"killed_by":"The Heart","ascension_level":0}