{"gold_per_floor":[117,191,191,204,220,220,233,30,54,74,92,92,19,30,30,130,130,140,107,107,32,48,48,48,48,72,91,91,51,4,17,17,115,115,134,154,170,23,36,36,68,68,68,87,87,87,0,0,0,0],"floor_reached":50,"playtime":3732,"items_purged":["Defend_G"],"score":464,"play_id":"a69a5b8f-1f98-43bd-97c0-095d79b8206a","local_time":"20190103225536","is_ascension_mode":false,"campfire_choices":[{"data":"Neutralize","floor":6,"key":"SMITH"},{"data":"Envenom","floor":12,"key":"SMITH"},{"floor":15,"key":"REST"},{"floor":23,"key":"REST"},{"data":"Envenom","floor":28,"key":"SMITH"},{"floor":32,"key":"REST"},{"floor":40,"key":"REST"},{"floor":42,"key":"REST"},{"data":"Noxious Fumes","floor":46,"key":"SMITH"},{"floor":49,"key":"REST"}],"neow_cost":"NONE","seed_source_timestamp":1586036691183611,"circlet_count":0,"master_deck":["Defend_G+1","Defend_G+1","Defend_G+1","Defend_G+1","Strike_G+1","Strike_G+1","Strike_G+1","Survivor","Neutralize+1","Crippling Poison+1","Dagger Spray","Slice+1","Wraith Form v2","Bouncing Flask","Envenom+1","Deadly Poison","Flying Knee+1","Blur","Envenom+1","Blur+1","Terror","Blade Dance","Venomology","Blade Dance","Dagger Spray+1","Parasite","Noxious Fumes+1","Bouncing Flask+1"],"relics":["Ring of the Snake","Pen Nib","Empty Cage","Oddly Smooth Stone","Happy Flower","Cursed Key","Whetstone","Strawberry","Red Mask"],"potions_floor_usage":[16,16,33,33,33,41,50,50,50,50],"damage_taken":[{"damage":0,"enemies":"Small Slimes","floor":1,"turns":4},{"damage":0,"enemies":"2 Louse","floor":4,"turns":2},{"damage":0,"enemies":"Cultist","floor":5,"turns":4},{"damage":0,"enemies":"Exordium Thugs","floor":7,"turns":4},{"damage":12,"enemies":"Gremlin Gang","floor":10,"turns":5},{"damage":5,"enemies":"3 Louse","floor":11,"turns":4},{"damage":10,"enemies":"Exordium Wildlife","floor":14,"turns":6},{"damage":38,"enemies":"Hexaghost","floor":16,"turns":10},{"damage":17,"enemies":"Chosen","floor":18,"turns":7},{"damage":13,"enemies":"2 Thieves","floor":19,"turns":5},{"damage":9,"enemies":"Centurion and Healer","floor":22,"turns":7},{"damage":3,"enemies":"Snake Plant","floor":27,"turns":5},{"damage":1,"enemies":"Snecko","floor":31,"turns":4},{"damage":35,"enemies":"Automaton","floor":33,"turns":14},{"damage":10,"enemies":"3 Shapes","floor":35,"turns":4},{"damage":2,"enemies":"Orb Walker","floor":36,"turns":4},{"damage":5,"enemies":"4 Shapes","floor":37,"turns":8},{"damage":11,"enemies":"Writhing Mass","floor":39,"turns":5},{"damage":37,"enemies":"Reptomancer","floor":41,"turns":6},{"damage":5,"enemies":"Transient","floor":44,"turns":5},{"damage":87,"enemies":"Donu and Deca","floor":50,"turns":7}],"seed_played":"-7534126985947150774","potions_obtained":[{"floor":4,"key":"AttackPotion"},{"floor":5,"key":"AttackPotion"},{"floor":10,"key":"Regen Potion"},{"floor":11,"key":"Fire Potion"},{"floor":22,"key":"Dexterity Potion"},{"floor":27,"key":"Ancient Potion"},{"floor":33,"key":"PowerPotion"},{"floor":35,"key":"SteroidPotion"},{"floor":39,"key":"Energy Potion"}],"is_trial":false,"path_per_floor":["M","?","?","M","M","R","M","$","T","M","M","R","$","M","R","B",null,"M","M","?","$","M","R","?","?","T","M","R","?","$","M","R","B",null,"M","M","M","$","M","R","E","R","T","M","?","R","?","?","R","B"],"character_chosen":"THE_SILENT","items_purchased":["Wraith Form v2","Bouncing Flask","Deadly Poison","Flying Knee","Blade Dance","Whetstone"],"campfire_rested":6,"item_purchase_floors":[8,8,13,13,30,38],"current_hp_per_floor":[77,77,77,77,77,77,77,77,77,65,60,60,60,50,73,49,77,60,47,47,47,38,61,61,61,61,58,58,58,58,57,77,42,77,67,65,60,60,49,72,42,67,67,62,62,62,62,62,84,0],"gold":0,"neow_bonus":"TEN_PERCENT_HP_BONUS","is_prod":false,"is_daily":false,"chose_seed":false,"campfire_upgraded":4,"win_rate":0.0,"timestamp":1546574136,"path_taken":["M","?","?","M","?","R","M","?","T","M","?","R","$","M","R","BOSS","M","M","?","$","M","R","?","?","T","M","R","?","$","M","R","BOSS","M","?","M","$","M","R","E","R","T","M","?","R","?","?","R","BOSS"],"build_version":"2019-01-03","purchased_purges":1,"victory":false,"max_hp_per_floor":[77,77,77,77,77,77,77,77,77,77,77,77,77,77,77,77,77,77,77,77,77,77,77,77,77,77,77,77,77,77,77,77,77,77,77,77,77,77,77,77,84,84,84,84,84,84,84,84,84,84],"card_choices":[{"not_picked":["Acrobatics","Slice"],"picked":"Predator","floor":1},{"not_picked":["Quick Slash","Predator"],"picked":"Crippling Poison","floor":4},{"not_picked":["Endless Agony","Predator"],"picked":"Dagger Spray","floor":5},{"not_picked":["Prepared","Blade Dance"],"picked":"Slice","floor":7},{"not_picked":["Backflip","Reflex","Slice"],"picked":"SKIP","floor":10},{"not_picked":["Blade Dance","Quick Slash"],"picked":"Envenom","floor":11},{"not_picked":["Calculated Gamble","Finisher"],"picked":"Blur","floor":14},{"not_picked":["Unload","Glass Knife"],"picked":"Envenom","floor":16},{"not_picked":["Finisher","Caltrops"],"picked":"Blur+1","floor":18},{"not_picked":["Underhanded Strike","Deflect","Escape Plan"],"picked":"SKIP","floor":19},{"not_picked":["Finisher","Predator"],"picked":"Terror","floor":22},{"not_picked":["Underhanded Strike","Quick Slash","Well Laid Plans"],"picked":"SKIP","floor":27},{"not_picked":["Deadly Poison","Outmaneuver+1","Underhanded Strike"],"picked":"SKIP","floor":31},{"not_picked":["Glass Knife","Phantasmal Killer"],"picked":"Venomology","floor":33},{"not_picked":["Deflect+1","Endless Agony","Slice"],"picked":"SKIP","floor":35},{"not_picked":["Caltrops+1","Poisoned Stab"],"picked":"Blade Dance","floor":36},{"not_picked":["Deadly Poison","Acrobatics+1"],"picked":"Dagger Spray+1","floor":37},{"not_picked":["Leg Sweep","Deflect+1"],"picked":"Noxious Fumes","floor":39},{"not_picked":["Terror","Poisoned Stab","Quick Slash+1"],"picked":"SKIP","floor":41},{"not_picked":["Blade Dance","Envenom"],"picked":"Bouncing Flask+1","floor":44}],"player_experience":3971,"relics_obtained":[{"floor":9,"key":"Pen Nib"},{"floor":26,"key":"Happy Flower"},{"floor":41,"key":"Strawberry"}],"event_choices":[{"damage_healed":0,"gold_gain":74,"player_choice":"Gained Gold","damage_taken":0,"max_hp_gain":0,"max_hp_loss":0,"event_name":"Golden Wing","floor":2,"gold_loss":0},{"damage_healed":0,"gold_gain":0,"player_choice":"Bought 0 Potions","damage_taken":0,"max_hp_gain":0,"max_hp_loss":0,"event_name":"The Woman in Blue","floor":3,"gold_loss":0},{"damage_healed":0,"gold_gain":0,"player_choice":"Opened","damage_taken":0,"relics_obtained":["Oddly Smooth Stone"],"max_hp_gain":0,"max_hp_loss":0,"event_name":"The Mausoleum","floor":20,"gold_loss":0},{"damage_healed":0,"gold_gain":0,"player_choice":"Simplicity","damage_taken":0,"max_hp_gain":0,"max_hp_loss":0,"event_name":"Back to Basics","floor":24,"gold_loss":0,"cards_upgraded":["Defend_G","Defend_G","Defend_G","Defend_G","Strike_G","Strike_G","Strike_G"]},{"damage_healed":0,"gold_gain":0,"player_choice":"Ignored","damage_taken":0,"max_hp_gain":0,"max_hp_loss":0,"event_name":"Beggar","floor":25,"gold_loss":0},{"damage_healed":0,"gold_gain":0,"player_choice":"Upgrade","damage_taken":0,"max_hp_gain":0,"max_hp_loss":0,"event_name":"Designer","floor":29,"gold_loss":40,"cards_upgraded":["Crippling Poison"]},{"cards_removed":["Predator"],"damage_healed":0,"gold_gain":0,"player_choice":"Removed Attack","damage_taken":0,"max_hp_gain":0,"max_hp_loss":0,"event_name":"Falling","floor":45,"gold_loss":0},{"damage_healed":0,"gold_gain":0,"player_choice":"Paid","damage_taken":0,"relics_obtained":["Red Mask"],"max_hp_gain":0,"max_hp_loss":0,"event_name":"Tomb of Lord Red Mask","floor":47,"gold_loss":87},{"damage_healed":0,"gold_gain":0,"player_choice":"Ignored","damage_taken":0,"max_hp_gain":0,"max_hp_loss":0,"event_name":"Mysterious Sphere","floor":48,"gold_loss":0}],"is_beta":false,"boss_relics":[{"not_picked":["Black Star","Eternal Feather"],"picked":"Empty Cage"},{"not_picked":["Ring of the Serpent","Philosopher\u0027s Stone"],"picked":"Cursed Key"}],"items_purged_floors":[21],"is_endless":false,"potions_floor_spawned":[4,5,10,11,22,27,33,35,39,44],"killed_by":"Donu and Deca","ascension_level":0}