{"gold_per_floor":[116,135,135,150,170,199,199,216,216,216,216,236,236,271,271,371,371,390,405,405,422,31,31,51,62,89,107,107,107,107,107,107,207,207,217,217,217,230,28,28,41,141,141,141,152,164,180,190,190,190],"floor_reached":51,"playtime":3568,"items_purged":[],"score":713,"play_id":"1f036247-e95e-41b6-bd74-eb05e034feee","local_time":"20190108220851","is_ascension_mode":false,"campfire_choices":[{"floor":13.0,"key":"REST"},{"floor":15.0,"key":"REST"},{"floor":23,"key":"REST"},{"floor":30,"key":"REST"},{"floor":32,"key":"REST"},{"data":"Defragment","floor":40,"key":"SMITH"},{"floor":44,"key":"REST"},{"floor":49,"key":"REST"}],"neow_cost":"NONE","seed_source_timestamp":0,"circlet_count":0,"master_deck":["Strike_B","Strike_B","Strike_B","Strike_B","Defend_B","Defend_B","Defend_B","Defend_B","Zap","Dualcast","Compile Driver","Redo","BootSequence","Cold Snap","FTL","FTL","Compile Driver","Skim","Shame","Regret","Auto Shields+1","Cold Snap+1","Stack+1","Doom and Gloom","Defragment+1","Redo+1","Leap+1","Cold Snap","RitualDagger","Electrodynamics","Redo+1","Mind Blast","Blind+1","Deep Breath+1","Ball Lightning+1","Beam Cell+1","Cold Snap+1","Writhe","Sweeping Beam","Melter","Loop+1","Sweeping Beam+1"],"special_seed":0,"relics":["Cracked Core","Kunai","Bottled Lightning","Pear","Calling Bell","Toxic Egg 2","Happy Flower","Du-Vu Doll","Meat on the Bone","Juzu Bracelet","Cursed Key","HandDrill","Thread and Needle","Regal Pillow"],"potions_floor_usage":[50,50,50],"damage_taken":[{"damage":1.0,"enemies":"Cultist","floor":1.0,"turns":4.0},{"damage":1.0,"enemies":"Jaw Worm","floor":2.0,"turns":3.0},{"damage":0.0,"enemies":"Small Slimes","floor":4.0,"turns":2.0},{"damage":16.0,"enemies":"Gremlin Gang","floor":5.0,"turns":5.0},{"damage":31.0,"enemies":"3 Sentries","floor":6.0,"turns":10.0},{"damage":5.0,"enemies":"Blue Slaver","floor":8.0,"turns":3.0},{"damage":1.0,"enemies":"Large Slime","floor":12.0,"turns":5.0},{"damage":16.0,"enemies":"Lagavulin","floor":14.0,"turns":7.0},{"damage":73.0,"enemies":"Hexaghost","floor":16.0,"turns":15.0},{"damage":23.0,"enemies":"Shell Parasite","floor":18.0,"turns":6.0},{"damage":8,"enemies":"Spheric Guardian","floor":19,"turns":4},{"damage":34,"enemies":"Snake Plant","floor":21,"turns":5},{"damage":19,"enemies":"Centurion and Healer","floor":24,"turns":5},{"damage":17,"enemies":"Cultist and Chosen","floor":25,"turns":6},{"damage":30,"enemies":"Snecko","floor":27,"turns":6},{"damage":109,"enemies":"Automaton","floor":33,"turns":13},{"damage":4,"enemies":"3 Shapes","floor":35,"turns":5},{"damage":1,"enemies":"Orb Walker","floor":38,"turns":4},{"damage":22,"enemies":"Maw","floor":41,"turns":8},{"damage":1,"enemies":"Mind Bloom Boss Battle","floor":42,"turns":6},{"damage":29,"enemies":"Spire Growth","floor":45,"turns":5},{"damage":22,"enemies":"Sphere and 2 Shapes","floor":46,"turns":5},{"damage":1,"enemies":"Maw","floor":47,"turns":7},{"damage":0,"enemies":"Jaw Worm Horde","floor":48,"turns":3},{"damage":56,"enemies":"Donu and Deca","floor":50,"turns":7}],"seed_played":"6133125064082108238","potions_obtained":[{"floor":4.0,"key":"Dexterity Potion"},{"floor":12.0,"key":"Dexterity Potion"},{"floor":14.0,"key":"FairyPotion"},{"floor":24,"key":"SteroidPotion"},{"floor":27,"key":"FocusPotion"},{"floor":38,"key":"FearPotion"},{"floor":41,"key":"Energy Potion"},{"floor":47,"key":"FocusPotion"}],"is_trial":false,"path_per_floor":["M","M","?","M","M","E","?","M","T","?","?","M","R","E","R","B",null,"M","M","?","M","$","R","M","M","T","M","?","?","R","?","R","B",null,"M","?","?","M","$","R","M","?","T","R","M","M","M","M","R","B",null],"character_chosen":"DEFECT","items_purchased":["Doom and Gloom","Defragment","Meat on the Bone","HandDrill"],"campfire_rested":7,"item_purchase_floors":[22,22,22,39],"current_hp_per_floor":[81,80,80,80,64,33,33,28,28,28,55,54,78,72,92,19,92,69,61,102,68,68,98,79,62,62,44,38,38,68,68,98,22,102,98,98,88,87,87,87,65,64,64,102,73,63,62,62,102,58],"gold":190,"neow_bonus":"TEN_PERCENT_HP_BONUS","is_prod":false,"is_daily":false,"chose_seed":false,"campfire_upgraded":1,"win_rate":0.0,"timestamp":1547003331,"path_taken":["M","M","?","M","M","E","?","M","T","?","?","M","R","E","R","BOSS","M","M","?","M","$","R","M","?","T","M","?","?","R","?","R","BOSS","M","?","?","M","$","R","M","?","T","R","M","M","M","M","R","BOSS"],"build_version":"2019-01-03v4","purchased_purges":0,"victory":true,"max_hp_per_floor":[82,82,82,82,82,82,82,82,82,82,82,82,82,92,92,92,92,92,92,102,102,102,102,102,102,102,102,102,102,102,102,102,102,102,102,102,102,102,102,102,102,102,102,102,102,102,102,102,102,102],"card_choices":[{"not_picked":["Lockon","Stack"],"picked":"Compile Driver","floor":1.0},{"not_picked":["Go for the Eyes","Steam Power"],"picked":"Redo","floor":2.0},{"not_picked":["Chill","Heatsinks"],"picked":"BootSequence","floor":4.0},{"not_picked":["Coolheaded","Rebound"],"picked":"Cold Snap","floor":5.0},{"not_picked":["Conserve Battery","Barrage"],"picked":"FTL","floor":6.0},{"not_picked":["Double Energy","Glacier"],"picked":"FTL","floor":8.0},{"not_picked":["Streamline","Coolheaded"],"picked":"Compile Driver","floor":12.0},{"not_picked":["Lockon","Leap"],"picked":"Skim","floor":14.0},{"not_picked":["Thunder Strike","Fission"],"picked":"Reboot","floor":16.0},{"not_picked":["Streamline+1","Barrage+1"],"picked":"Auto Shields+1","floor":18},{"not_picked":["Stack+1","Rip and Tear+1"],"picked":"Cold Snap+1","floor":19},{"not_picked":["Tempest+1","Capacitor"],"picked":"Stack+1","floor":21},{"not_picked":["Hello World+1","Barrage"],"picked":"Redo+1","floor":24},{"not_picked":["Gash","Hologram+1"],"picked":"Leap+1","floor":25},{"not_picked":["Compile Driver","Leap+1"],"picked":"Cold Snap","floor":27},{"not_picked":["All For One","Thunder Strike"],"picked":"Electrodynamics","floor":33},{"not_picked":["Tempest+1","Barrage"],"picked":"Redo+1","floor":35},{"not_picked":["Jack Of All Trades+1","Bandage Up+1"],"picked":"Mind Blast","floor":37},{"not_picked":["Impatience+1","Dark Shackles+1"],"picked":"Blind+1","floor":37},{"not_picked":["Dark Shackles+1","The Bomb+1"],"picked":"Deep Breath+1","floor":37},{"not_picked":["Gash+1","Redo+1"],"picked":"Ball Lightning+1","floor":38},{"not_picked":["Aggregate+1","Force Field+1"],"picked":"Beam Cell+1","floor":41},{"not_picked":["Storm","Steam+1"],"picked":"Cold Snap+1","floor":42},{"not_picked":["Steam+1","Rebound"],"picked":"Sweeping Beam","floor":45},{"not_picked":["Rebound","Streamline+1"],"picked":"Melter","floor":46},{"not_picked":["Streamline","Compile Driver+1"],"picked":"Loop+1","floor":47},{"not_picked":["Cold Snap","Streamline"],"picked":"Sweeping Beam+1","floor":48}],"player_experience":43255,"relics_obtained":[{"floor":6.0,"key":"Kunai"},{"floor":9.0,"key":"Bottled Lightning"},{"floor":14.0,"key":"Pear"},{"floor":17.0,"key":"Toxic Egg 2"},{"floor":17.0,"key":"Happy Flower"},{"floor":17.0,"key":"Du-Vu Doll"},{"floor":26,"key":"Juzu Bracelet"},{"floor":42,"key":"Thread and Needle"},{"floor":43,"key":"Regal Pillow"}],"event_choices":[{"damage_healed":0.0,"max_hp_gain":0.0,"max_hp_loss":0.0,"gold_gain":0.0,"event_name":"The Cleric","player_choice":"Leave","floor":3.0,"gold_loss":0.0,"damage_taken":0.0},{"damage_healed":0.0,"max_hp_gain":0.0,"max_hp_loss":0.0,"gold_gain":0.0,"event_name":"Golden Wing","player_choice":"Ignored","floor":7.0,"gold_loss":0.0,"damage_taken":0.0},{"damage_healed":0.0,"max_hp_gain":0.0,"max_hp_loss":0.0,"gold_gain":0.0,"event_name":"Golden Idol","player_choice":"Ignored","floor":10.0,"gold_loss":0.0,"damage_taken":0.0},{"damage_healed":27.0,"max_hp_gain":0.0,"max_hp_loss":0.0,"gold_gain":0.0,"event_name":"Big Fish","player_choice":"Banana","floor":11.0,"gold_loss":0.0,"damage_taken":0.0},{"cards_removed":["Reboot"],"damage_healed":31,"gold_gain":0,"player_choice":"Offered Rare","damage_taken":0,"max_hp_gain":10,"max_hp_loss":0,"event_name":"Bonfire Elementals","floor":20,"gold_loss":0},{"damage_healed":0,"gold_gain":0,"player_choice":"Joined the Cult","damage_taken":6,"max_hp_gain":0,"max_hp_loss":0,"event_name":"Nest","floor":28,"gold_loss":0,"cards_obtained":["RitualDagger"]},{"damage_healed":0,"gold_gain":0,"player_choice":"Ignored","damage_taken":0,"max_hp_gain":0,"max_hp_loss":0,"event_name":"Ghosts","floor":29,"gold_loss":0},{"damage_healed":0,"gold_gain":0,"player_choice":"Ignored","damage_taken":0,"max_hp_gain":0,"max_hp_loss":0,"event_name":"The Mausoleum","floor":31,"gold_loss":0},{"cards_removed":["Normality"],"damage_healed":0,"gold_gain":0,"player_choice":"Purged","damage_taken":0,"max_hp_gain":0,"max_hp_loss":0,"event_name":"Purifier","floor":36,"gold_loss":0},{"damage_healed":0,"gold_gain":0,"player_choice":"Memory 3","damage_taken":10,"max_hp_gain":0,"max_hp_loss":0,"event_name":"SensoryStone","floor":37,"gold_loss":0},{"damage_healed":0,"gold_gain":0,"player_choice":"Fight","damage_taken":0,"max_hp_gain":0,"max_hp_loss":0,"event_name":"MindBloom","floor":42,"gold_loss":0}],"is_beta":false,"boss_relics":[{"not_picked":["Tiny House","Snecko Eye"],"picked":"Calling Bell"},{"not_picked":["Sozu","Philosopher\u0027s Stone"],"picked":"Cursed Key"}],"items_purged_floors":[],"is_endless":false,"potions_floor_spawned":[4,12,14,18,24,27,38,41,42,47],"ascension_level":0}