{"gold_per_floor":[118,118,35,53,72,72,100,100,148,175,175,100,116,127,127,198,198,214,214,234,234,247,247,192,205,205,218,37,37,37,47,47,47],"floor_reached":33,"playtime":1708,"items_purged":[],"score":513,"play_id":"cfc27fbb-07a9-4a50-8023-a825bf2b4e48","local_time":"20180928135018","is_ascension_mode":true,"campfire_choices":[{"data":"Ball Lightning","floor":6,"key":"SMITH"},{"floor":11,"key":"REST"},{"floor":15,"key":"REST"},{"data":"Defragment","floor":23,"key":"SMITH"},{"floor":30,"key":"REST"},{"data":"Echo Form","floor":32,"key":"SMITH"}],"neow_cost":"NONE","seed_source_timestamp":1192784768858256,"circlet_count":0,"master_deck":["Defend_B","Defend_B","Defend_B","Zap","Dualcast","AscendersBane","Conserve Battery","Fusion","Capacitor","Ball Lightning+1","Seek","Coolheaded","Streamline","Auto Shields","Zap","Defragment+1","Cold Snap","Glacier","Echo Form+1","Go for the Eyes","Blizzard+1","Bite","Bite","Bite","Bite","Bite","Hologram","Beam Cell+1","FTL","Electrodynamics"],"relics":["Cracked Core","NeowsBlessing","Regal Pillow","Art of War","Unceasing Top","Lizard Tail","Tiny Chest","Darkstone Periapt"],"potions_floor_usage":[10,25],"damage_taken":[{"damage":0,"enemies":"Jaw Worm","floor":1,"turns":1},{"damage":0,"enemies":"Cultist","floor":4,"turns":1},{"damage":0,"enemies":"2 Louse","floor":5,"turns":1},{"damage":18,"enemies":"Lagavulin","floor":7,"turns":7},{"damage":35,"enemies":"Gremlin Nob","floor":10,"turns":4},{"damage":10,"enemies":"2 Fungi Beasts","floor":13,"turns":4},{"damage":22,"enemies":"Gremlin Gang","floor":14,"turns":6},{"damage":15,"enemies":"The Guardian","floor":16,"turns":13},{"damage":17,"enemies":"Shell Parasite","floor":18,"turns":9},{"damage":9,"enemies":"Spheric Guardian","floor":20,"turns":7},{"damage":13,"enemies":"Centurion and Healer","floor":22,"turns":12},{"damage":5,"enemies":"3 Cultists","floor":25,"turns":3},{"damage":73,"enemies":"Chosen and Byrds","floor":27,"turns":7},{"damage":24,"enemies":"Shelled Parasite and Fungi","floor":31,"turns":10},{"damage":96,"enemies":"Automaton","floor":33,"turns":12}],"seed_played":"7373495663840760069","potions_obtained":[{"floor":4,"key":"Dexterity Potion"},{"floor":5,"key":"AttackPotion"},{"floor":13,"key":"Poison Potion"},{"floor":22,"key":"PowerPotion"}],"is_trial":false,"path_per_floor":["M","?","$","M","M","R","E","?","T","E","R","?","M","M","R","B",null,"M","?","M","?","M","R","?","M","T","M","$","?","R","M","R"],"character_chosen":"DEFECT","items_purchased":["Capacitor","Electrodynamics"],"campfire_rested":3,"item_purchase_floors":[3,28],"current_hp_per_floor":[64,64,64,64,64,64,46,46,46,11,47,47,37,15,51,36,62,45,45,36,36,43,43,43,44,44,24,24,24,49,43,43,0],"gold":47,"neow_bonus":"THREE_ENEMY_KILL","is_prod":false,"is_daily":false,"chose_seed":false,"campfire_upgraded":3,"win_rate":0,"timestamp":1538157018,"path_taken":["M","?","$","M","?","R","E","?","T","E","R","?","M","?","R","BOSS","M","?","M","?","M","R","?","M","T","M","$","?","R","M","R","BOSS"],"build_version":"2018-09-27","purchased_purges":0,"victory":false,"max_hp_per_floor":[71,71,71,71,71,71,71,71,71,71,71,71,71,71,71,71,71,71,71,71,49,49,49,49,49,49,49,49,49,49,49,49,49],"card_choices":[{"not_picked":["Steam","Chill"],"picked":"Conserve Battery","floor":1},{"not_picked":["Beam Cell","Compile Driver"],"picked":"Ball Lightning","floor":4},{"not_picked":["Conserve Battery","Coolheaded"],"picked":"Seek","floor":5},{"not_picked":["Ball Lightning","Aggregate"],"picked":"Coolheaded","floor":7},{"not_picked":["Meteor Strike","Beam Cell"],"picked":"Defragment","floor":10},{"not_picked":["Rebound","Turbo"],"picked":"Cold Snap","floor":13},{"not_picked":["Hologram","Gash"],"picked":"Glacier","floor":14},{"not_picked":["Biased Cognition","Rainbow"],"picked":"Echo Form","floor":16},{"not_picked":["Sweeping Beam","Gash"],"picked":"Go for the Eyes","floor":18},{"not_picked":["Storm","Sweeping Beam"],"picked":"Blizzard+1","floor":20},{"not_picked":["Stack","Ball Lightning"],"picked":"Hologram","floor":22},{"not_picked":["Scrape","Undo"],"picked":"Beam Cell+1","floor":25},{"not_picked":["Gash","Darkness"],"picked":"FTL","floor":27},{"not_picked":["Gash","Rebound","Ball Lightning"],"picked":"SKIP","floor":31}],"player_experience":278065,"relics_obtained":[{"floor":7,"key":"Regal Pillow"},{"floor":9,"key":"Art of War"},{"floor":10,"key":"Unceasing Top"},{"floor":26,"key":"Darkstone Periapt"}],"event_choices":[{"event_name":"Transmorgrifier","player_choice":"Transform","floor":2,"damage_taken":0},{"event_name":"Match and Keep!","player_choice":"3 cards matched","floor":8,"damage_taken":0},{"event_name":"The Cleric","player_choice":"Card Removal","floor":12,"damage_taken":0},{"event_name":"Cursed Tome","player_choice":"Ignored","floor":19,"damage_taken":0},{"event_name":"Vampires","player_choice":"Became a vampire","floor":21,"damage_taken":0},{"event_name":"Addict","player_choice":"Obtained Relic","floor":24,"damage_taken":0},{"event_name":"Back to Basics","player_choice":"Elegance","floor":29,"damage_taken":0}],"is_beta":false,"boss_relics":[{"not_picked":["Busted Crown","Black Star"],"picked":"Lizard Tail"}],"items_purged_floors":[],"is_endless":false,"potions_floor_spawned":[4,5,13,18,20,22],"killed_by":"Automaton","ascension_level":18}