{"gold_per_floor":[365,42,58,5,21,56,56,85,161,161,196,207,242,258,258,335,335,349,367,467,467,487,487,503,83,83,96,114,143,143,170,170,170],"floor_reached":33,"playtime":2597,"items_purged":["Strike_R","Strike_R"],"score":834,"play_id":"b1c7b1b7-3758-4c13-aa35-e5df34bb22b9","local_time":"20190307202705","is_ascension_mode":true,"campfire_choices":[{"data":"Armaments","floor":7.0,"key":"SMITH"},{"data":"Inflame","floor":10.0,"key":"SMITH"},{"data":"Flame Barrier","floor":15.0,"key":"SMITH"},{"floor":23.0,"key":"REST"},{"data":"True Grit","floor":30,"key":"SMITH"},{"data":"Disarm","floor":32,"key":"SMITH"}],"neow_cost":"PERCENT_DAMAGE","seed_source_timestamp":184647856662283,"circlet_count":0,"master_deck":["AscendersBane","Strike_R","Strike_R","Strike_R","Defend_R","Defend_R","Defend_R","Defend_R","Bash","Pommel Strike","Inflame+1","Armaments+1","Clothesline","True Grit","Disarm+1","Havoc","Reckless Charge","Battle Trance","Flame Barrier+1","Warcry","Immolate","Pommel Strike","Inflame","Thunderclap+1","Feel No Pain","True Grit+1","Reckless Charge","Seeing Red","Impervious","True Grit+1","Shockwave"],"special_seed":0,"relics":["Burning Blood","Lantern","Charon\u0027s Ashes","Pen Nib","Letter Opener","Oddly Smooth Stone","PreservedInsect","Sozu","Girya","Blue Candle","Enchiridion","Ornamental Fan","Anchor","Bronze Scales","Happy Flower"],"potions_floor_usage":[],"damage_taken":[{"damage":16.0,"enemies":"Jaw Worm","floor":1.0,"turns":6.0},{"damage":0.0,"enemies":"2 Louse","floor":3.0,"turns":3.0},{"damage":11.0,"enemies":"Small Slimes","floor":5.0,"turns":4.0},{"damage":6.0,"enemies":"Gremlin Nob","floor":6.0,"turns":3.0},{"damage":28.0,"enemies":"3 Sentries","floor":8.0,"turns":7.0},{"damage":3.0,"enemies":"Lagavulin","floor":11.0,"turns":7.0},{"damage":0.0,"enemies":"Blue Slaver","floor":12.0,"turns":2.0},{"damage":2.0,"enemies":"3 Sentries","floor":13.0,"turns":5.0},{"damage":9.0,"enemies":"Exordium Thugs","floor":14.0,"turns":3.0},{"damage":0.0,"enemies":"The Guardian","floor":16.0,"turns":11.0},{"damage":0.0,"enemies":"Spheric Guardian","floor":18.0,"turns":3.0},{"damage":4.0,"enemies":"3 Byrds","floor":19.0,"turns":3.0},{"damage":12.0,"enemies":"Colosseum Slavers","floor":20.0,"turns":3.0},{"damage":10.0,"enemies":"Colosseum Nobs","floor":20.0,"turns":4.0},{"damage":29.0,"enemies":"Shelled Parasite and Fungi","floor":22.0,"turns":6.0},{"damage":10.0,"enemies":"Centurion and Healer","floor":24.0,"turns":5.0},{"damage":18.0,"enemies":"Snake Plant","floor":27.0,"turns":3.0},{"damage":6.0,"enemies":"Snecko","floor":28.0,"turns":4.0},{"damage":3,"enemies":"Gremlin Leader","floor":29,"turns":4},{"damage":0,"enemies":"Slavers","floor":31,"turns":2},{"damage":47,"enemies":"Champ","floor":33,"turns":10}],"seed_played":"-7622411950983937020","potions_obtained":[{"floor":3.0,"key":"Weak Potion"},{"floor":5.0,"key":"Energy Potion"},{"floor":12.0,"key":"GamblersBrew"},{"floor":14.0,"key":"SteroidPotion"}],"is_trial":false,"path_per_floor":["M","$","M","$","M","E","R","E","T","R","E","M","E","M","R","B",null,"M","M","?","?","M","R","M","$","T","M","M","E","R","E","R","B"],"character_chosen":"IRONCLAD","items_purchased":["Lantern","Inflame","Clothesline","Reckless Charge","Ornamental Fan"],"campfire_rested":1,"item_purchase_floors":[2,2,4,25,25],"current_hp_per_floor":[40,40,46,46,41,41,41,19,19,19,22,28,32,29,29,35,65,71,73,63,42,19,41,37,37,37,25,25,28,28,34,34,0],"gold":170,"neow_bonus":"TWO_FIFTY_GOLD","is_prod":false,"is_daily":false,"chose_seed":false,"campfire_upgraded":5,"win_rate":0,"timestamp":1552008425,"path_taken":["M","$","M","$","M","E","R","E","T","R","E","M","E","M","R","BOSS","M","M","?","?","M","R","M","$","T","M","M","E","R","E","R","BOSS"],"build_version":"2019-01-23","purchased_purges":2,"victory":false,"max_hp_per_floor":[75,75,75,75,75,75,75,75,75,75,75,75,75,75,75,75,75,75,75,75,75,75,75,75,75,75,75,75,75,75,75,75,75],"card_choices":[{"not_picked":["Sword Boomerang","Second Wind"],"picked":"Pommel Strike","floor":1.0},{"not_picked":["Evolve","Thunderclap"],"picked":"Armaments","floor":3.0},{"not_picked":["Body Slam","Thunderclap"],"picked":"True Grit","floor":5.0},{"not_picked":["Armaments","Perfected Strike"],"picked":"Disarm","floor":6.0},{"not_picked":["Clash","Searing Blow"],"picked":"Havoc","floor":8.0},{"not_picked":["Warcry","Body Slam"],"picked":"Reckless Charge","floor":11.0},{"not_picked":["Infernal Blade","Hemokinesis"],"picked":"Battle Trance","floor":12.0},{"not_picked":["Thunderclap","Metallicize"],"picked":"Flame Barrier","floor":13.0},{"not_picked":["True Grit","Armaments"],"picked":"Warcry","floor":14.0},{"not_picked":["Berserk","Reaper"],"picked":"Immolate","floor":16.0},{"not_picked":["Wild Strike","Carnage"],"picked":"Pommel Strike","floor":18.0},{"not_picked":["Seeing Red","Iron Wave"],"picked":"Inflame","floor":19.0},{"not_picked":["Havoc","Warcry"],"picked":"Thunderclap+1","floor":20.0},{"not_picked":["Thunderclap","Heavy Blade"],"picked":"Feel No Pain","floor":22.0},{"not_picked":["Flex","Thunderclap"],"picked":"True Grit","floor":24.0},{"not_picked":["Perfected Strike","Second Wind"],"picked":"Seeing Red","floor":27.0},{"not_picked":["Pommel Strike+1","Headbutt"],"picked":"Impervious","floor":28},{"not_picked":["Clash","Wild Strike"],"picked":"True Grit+1","floor":29},{"not_picked":["Body Slam","True Grit"],"picked":"Shockwave","floor":31}],"player_experience":700296,"relics_obtained":[{"floor":6.0,"key":"Charon\u0027s Ashes"},{"floor":8.0,"key":"Pen Nib"},{"floor":9.0,"key":"Letter Opener"},{"floor":11.0,"key":"Oddly Smooth Stone"},{"floor":13.0,"key":"PreservedInsect"},{"floor":20.0,"key":"Girya"},{"floor":20.0,"key":"Blue Candle"},{"floor":21.0,"key":"Enchiridion"},{"floor":26.0,"key":"Anchor"},{"floor":29,"key":"Bronze Scales"},{"floor":31,"key":"Happy Flower"}],"event_choices":[{"damage_healed":0.0,"max_hp_gain":0.0,"max_hp_loss":0.0,"gold_gain":0.0,"event_name":"Colosseum","player_choice":"Fight","floor":20.0,"gold_loss":0.0,"damage_taken":0.0},{"damage_healed":0.0,"max_hp_gain":0.0,"max_hp_loss":0.0,"gold_gain":0.0,"event_name":"Colosseum","player_choice":"Fought Nobs","floor":20.0,"gold_loss":0.0,"damage_taken":0.0},{"damage_healed":0.0,"max_hp_gain":0.0,"max_hp_loss":0.0,"gold_gain":0.0,"event_name":"Cursed Tome","player_choice":"Obtained Book","floor":21.0,"gold_loss":0.0,"damage_taken":21.0}],"is_beta":false,"boss_relics":[{"not_picked":["Eternal Feather","Fusion Hammer"],"picked":"Sozu"}],"items_purged_floors":[2,25],"is_endless":false,"potions_floor_spawned":[3,5,12,14,19,27,28,29],"killed_by":"Champ","ascension_level":20}