{"gold_per_floor":[20,20,20,20,41,74,74,108,132,132,150,68,88,88,88,88],"floor_reached":16,"playtime":525,"items_purged":[],"score":162,"play_id":"a7314e33-aa4d-4449-8071-c1a05f017850","local_time":"20190303161845","is_ascension_mode":true,"campfire_choices":[{"floor":7,"key":"REST"},{"floor":10,"key":"REST"},{"data":"Offering","floor":15,"key":"SMITH"}],"neow_cost":"NO_GOLD","seed_source_timestamp":226620130538271,"circlet_count":0,"master_deck":["AscendersBane","Strike_R","Strike_R","Strike_R","Strike_R","Defend_R","Defend_R","Defend_R","Defend_R","Bash","Clothesline","Clash","Cleave","Ghostly Armor","Clothesline","Offering+1","Dark Shackles","Battle Trance"],"relics":["Burning Blood","Golden Idol","Oddly Smooth Stone","Sundial","Blood Vial","Kunai"],"potions_floor_usage":[],"damage_taken":[{"damage":5,"enemies":"2 Louse","floor":1,"turns":4},{"damage":19,"enemies":"Jaw Worm","floor":5,"turns":4},{"damage":45,"enemies":"Lagavulin","floor":6,"turns":7},{"damage":53,"enemies":"Gremlin Nob","floor":8,"turns":5},{"damage":0,"enemies":"Cultist","floor":11,"turns":3},{"damage":6,"enemies":"Large Slime","floor":13,"turns":5},{"damage":56,"enemies":"Hexaghost","floor":16,"turns":14}],"seed_played":"-6946256052010892492","potions_obtained":[{"floor":11,"key":"Dexterity Potion"},{"floor":13,"key":"SpeedPotion"}],"is_trial":false,"path_per_floor":["M","?","?","$","M","E","R","E","T","R","M","$","M","?","R","B"],"character_chosen":"IRONCLAD","items_purchased":["Dark Shackles"],"campfire_rested":2,"item_purchase_floors":[12],"current_hp_per_floor":[89,89,89,89,76,37,63,16,16,42,50,50,52,52,52,0],"gold":88,"neow_bonus":"TWENTY_PERCENT_HP_BONUS","is_prod":false,"is_daily":false,"chose_seed":false,"campfire_upgraded":1,"win_rate":0,"timestamp":1551647925,"path_taken":["M","?","?","$","M","E","R","E","T","R","?","$","M","?","R","BOSS"],"build_version":"2019-01-23","purchased_purges":0,"victory":false,"max_hp_per_floor":[96,89,89,89,89,89,89,89,89,89,89,89,89,89,89,89],"card_choices":[{"not_picked":["Armaments","Twin Strike"],"picked":"Clothesline","floor":1},{"not_picked":["Anger","Sword Boomerang"],"picked":"Cleave","floor":5},{"not_picked":["Warcry","Armaments"],"picked":"Ghostly Armor","floor":6},{"not_picked":["Armaments","Headbutt"],"picked":"Clothesline","floor":8},{"not_picked":["Flex","True Grit"],"picked":"Offering","floor":11},{"not_picked":["Ghostly Armor","Feel No Pain"],"picked":"Battle Trance","floor":13}],"player_experience":268845,"relics_obtained":[{"floor":6,"key":"Oddly Smooth Stone"},{"floor":8,"key":"Sundial"},{"floor":9,"key":"Blood Vial"}],"event_choices":[{"damage_healed":0,"gold_gain":0,"player_choice":"Lose Max HP","damage_taken":0,"relics_obtained":["Golden Idol"],"max_hp_gain":0,"max_hp_loss":7,"event_name":"Golden Idol","floor":2,"gold_loss":0},{"damage_healed":0,"gold_gain":0,"cards_transformed":["Strike_R"],"player_choice":"Transformed","damage_taken":0,"max_hp_gain":0,"max_hp_loss":0,"event_name":"Transmorgrifier","floor":3,"gold_loss":0,"cards_obtained":["Clash"]},{"damage_healed":0,"gold_gain":0,"player_choice":"Searched \u00272\u0027 times","damage_taken":0,"relics_obtained":["Kunai"],"max_hp_gain":0,"max_hp_loss":0,"event_name":"Dead Adventurer","floor":14,"gold_loss":0}],"is_beta":false,"boss_relics":[],"items_purged_floors":[],"is_endless":false,"potions_floor_spawned":[11,13],"killed_by":"Hexaghost","ascension_level":10}