{"gold_per_floor":[117,117,133,133,133,174,174,198,198,198,148,172,191,215,215,334,334,359,11,11,35,35,35],"floor_reached":23,"playtime":622,"items_purged":["Strike_B"],"score":296,"play_id":"5f9224df-ad94-4eb7-87c9-16f35517de5b","local_time":"20180707190552","is_ascension_mode":true,"campfire_choices":[{"data":"Coolheaded","floor":10,"key":"SMITH"},{"floor":15,"key":"REST"}],"neow_cost":"","seed_source_timestamp":1111700764662406,"circlet_count":0,"master_deck":["Strike_B+1","Defend_B","Defend_B","Defend_B","Defend_B","Zap+1","Dualcast","AscendersBane","Coolheaded+1","Ball Lightning","Gash","Rip and Tear","FTL","Stack","Go for the Eyes","Reboot","Self Repair","RitualDagger","Cold Snap"],"relics":["Cracked Core","Golden Idol","Matryoshka","Omamori","Pantograph","Inserter","ClockworkSouvenir"],"potions_floor_usage":[23],"damage_taken":[{"damage":3,"enemies":"Jaw Worm","floor":1,"turns":4},{"damage":16,"enemies":"Small Slimes","floor":3,"turns":4},{"damage":20,"enemies":"Lagavulin","floor":6,"turns":6},{"damage":0,"enemies":"Cultist","floor":8,"turns":3},{"damage":14,"enemies":"Blue Slaver","floor":12,"turns":3},{"damage":6,"enemies":"Exordium Wildlife","floor":13,"turns":3},{"damage":1,"enemies":"Looter","floor":14,"turns":2},{"damage":32,"enemies":"The Guardian","floor":16,"turns":11},{"damage":0,"enemies":"Chosen","floor":18,"turns":5},{"damage":19,"enemies":"Spheric Guardian","floor":21,"turns":4},{"damage":41,"enemies":"Book of Stabbing","floor":23,"turns":5}],"seed_played":"7166279808345183362","potions_obtained":[{"floor":8,"key":"Swift Potion"},{"floor":12,"key":"SpeedPotion"},{"floor":18,"key":"GamblersBrew"}],"is_trial":false,"path_per_floor":["M","?","M","?","?","E","?","M","T","R","?","M","M","M","R","B",null,"M","$","?","M","?"],"character_chosen":"DEFECT","items_purchased":["ClockworkSouvenir","Self Repair"],"campfire_rested":1,"item_purchase_floors":[19,19],"current_hp_per_floor":[65,58,42,67,67,47,33,33,33,33,33,19,13,12,32,25,58,58,58,52,40,40,0],"gold":35,"neow_bonus":"","is_prod":false,"is_daily":false,"chose_seed":false,"campfire_upgraded":1,"win_rate":0,"timestamp":1530957952,"path_taken":["M","?","M","?","?","E","?","M","T","R","?","M","?","M","R","BOSS","M","$","?","M","?","E"],"build_version":"2018-07-05","purchased_purges":1,"victory":false,"max_hp_per_floor":[75,75,75,75,69,69,69,69,69,69,69,69,69,69,69,69,69,69,69,69,69,69,69],"card_choices":[{"not_picked":["Turbo","Hologram"],"picked":"Coolheaded","floor":1},{"not_picked":["Melter","Force Field"],"picked":"Ball Lightning","floor":3},{"not_picked":["Recycle","Melter"],"picked":"Gash","floor":6},{"not_picked":["Go for the Eyes","Hologram"],"picked":"Rip and Tear","floor":8},{"not_picked":["Reprogram","Streamline"],"picked":"FTL","floor":12},{"not_picked":["Meteor Strike","Compile Driver"],"picked":"Stack","floor":13},{"not_picked":["Turbo","Undo"],"picked":"Go for the Eyes","floor":14},{"not_picked":["Thunder Strike","Meteor Strike"],"picked":"Reboot","floor":16},{"not_picked":["Compile Driver+1","Scrape","Aggregate+1"],"picked":"SKIP","floor":18},{"not_picked":["Recycle","Barrage"],"picked":"Cold Snap","floor":21}],"player_experience":536562,"relics_obtained":[{"floor":6,"key":"Matryoshka"},{"floor":9,"key":"Omamori"},{"floor":9,"key":"Pantograph"}],"event_choices":[{"event_name":"Golden Wing","player_choice":"Card Removal","floor":2,"damage_taken":0},{"event_name":"Big Fish","player_choice":"Banana","floor":4,"damage_taken":0},{"event_name":"Golden Idol","player_choice":"Lose Max HP","floor":5,"damage_taken":0},{"event_name":"Shining Light","player_choice":"Entered Light","floor":7,"damage_taken":0},{"event_name":"The Cleric","player_choice":"Card Removal","floor":11,"damage_taken":0},{"event_name":"Nest","player_choice":"Joined the Cult","floor":20,"damage_taken":0},{"event_name":"Addict","player_choice":"Ignored","floor":22,"damage_taken":0}],"boss_relics":[{"not_picked":["Runic Pyramid","Runic Dome"],"picked":"Inserter"}],"items_purged_floors":[19],"is_endless":false,"potions_floor_spawned":[8,12,14,18],"killed_by":"Book of Stabbing","ascension_level":11}