{"gold_per_floor":[118,131,131,148,148,148,175,175,175,50,68,85,116,133,133,233,233,250,263,263,280,297,297,53,53,53,0,11,110,40,52,52,149,149,162,0,0,0,0,0,12,31,31,31],"floor_reached":44,"playtime":2100,"items_purged":["Regret","Strike_R"],"score":495,"play_id":"62133054-6e8d-4768-9b75-30c4a41036c1","local_time":"20190305201534","is_ascension_mode":false,"campfire_choices":[{"data":"Body Slam","floor":6.0,"key":"SMITH"},{"floor":15.0,"key":"RECALL"},{"data":"Double Tap","floor":23,"key":"SMITH"},{"floor":32,"key":"REST"},{"data":"Whirlwind","floor":40,"key":"SMITH"}],"neow_cost":"NONE","seed_source_timestamp":0,"circlet_count":0,"master_deck":["Strike_R+1","Strike_R","Strike_R+1","Defend_R","Defend_R","Defend_R","Defend_R","Bash","Body Slam+1","Perfected Strike","Heavy Blade","Inflame","Parasite","True Grit","Heavy Blade","Pommel Strike","Offering","Metallicize","Double Tap+1","Warcry","Shrug It Off+1","Intimidate","Seeing Red","Pommel Strike+1","Heavy Blade","Reaper","Perfected Strike","Whirlwind+1","Carnage+1","Inflame+1","Flex+1","Heavy Blade+1","Corruption+1","Perfected Strike+1"],"special_seed":0,"relics":["Burning Blood","Happy Flower","Blue Candle","Lantern","Meat on the Bone","PreservedInsect","Lizard Tail","Bag of Marbles","Mercury Hourglass","Orrery","Red Mask","Pantograph","Incense Burner"],"potions_floor_usage":[19,21,31,33,44],"damage_taken":[{"damage":14.0,"enemies":"Jaw Worm","floor":1.0,"turns":4.0},{"damage":0.0,"enemies":"Small Slimes","floor":2.0,"turns":3.0},{"damage":6.0,"enemies":"2 Louse","floor":4.0,"turns":2.0},{"damage":32.0,"enemies":"Lagavulin","floor":7.0,"turns":5.0},{"damage":5.0,"enemies":"Blue Slaver","floor":11.0,"turns":2.0},{"damage":1.0,"enemies":"3 Louse","floor":12.0,"turns":2.0},{"damage":14.0,"enemies":"Gremlin Nob","floor":13.0,"turns":3.0},{"damage":10.0,"enemies":"Looter","floor":14.0,"turns":3.0},{"damage":6.0,"enemies":"Slime Boss","floor":16.0,"turns":5.0},{"damage":6,"enemies":"Chosen","floor":18,"turns":4},{"damage":35,"enemies":"3 Byrds","floor":19,"turns":5},{"damage":49,"enemies":"Centurion and Healer","floor":21,"turns":4},{"damage":15,"enemies":"Cultist and Chosen","floor":22,"turns":5},{"damage":21,"enemies":"Snecko","floor":28,"turns":4},{"damage":13,"enemies":"Shelled Parasite and Fungi","floor":31,"turns":4},{"damage":57,"enemies":"Automaton","floor":33,"turns":10},{"damage":6,"enemies":"3 Shapes","floor":35,"turns":2},{"damage":23,"enemies":"Orb Walker","floor":41,"turns":4},{"damage":32,"enemies":"Spire Growth","floor":42,"turns":4},{"damage":56,"enemies":"Writhing Mass","floor":44,"turns":3}],"seed_played":"-338166321165863762","potions_obtained":[{"floor":1.0,"key":"Fire Potion"},{"floor":4.0,"key":"AttackPotion"},{"floor":7.0,"key":"BloodPotion"},{"floor":12.0,"key":"Explosive Potion"},{"floor":22,"key":"SneckoOil"},{"floor":28,"key":"SkillPotion"},{"floor":33,"key":"Ancient Potion"},{"floor":42,"key":"GamblersBrew"}],"is_trial":false,"path_per_floor":["M","M","?","M","?","R","E","?","T","$","M","M","E","M","R","B",null,"M","M","?","M","M","R","$","?","T","?","M","?","$","M","R","B",null,"M","?","$","?","?","R","M","M","T","M"],"character_chosen":"IRONCLAD","items_purchased":["True Grit","Bag of Marbles","True Grit","Heavy Blade"],"campfire_rested":1,"item_purchase_floors":[10,24,30,30],"current_hp_per_floor":[72,78,78,78,62,62,36,56,56,56,57,62,54,50,50,50,80,80,51,51,28,31,31,31,31,31,31,28,28,28,33,57,58,80,80,80,80,80,80,80,63,49,49,0],"gold":31,"neow_bonus":"RANDOM_COMMON_RELIC","is_prod":false,"is_daily":false,"chose_seed":false,"campfire_upgraded":3,"win_rate":0,"timestamp":1551784534,"path_taken":["M","M","?","M","?","R","E","?","T","$","M","M","E","M","R","BOSS","M","M","?","M","M","R","$","?","T","?","M","?","?","M","R","BOSS","M","?","$","?","?","R","M","M","T","M"],"build_version":"2019-01-23","purchased_purges":2,"victory":false,"max_hp_per_floor":[80,80,80,80,80,80,80,80,80,80,80,80,80,80,80,80,80,80,80,80,80,80,80,80,80,80,80,80,80,80,80,80,80,80,80,80,80,80,80,80,80,80,80,80],"card_choices":[{"not_picked":["Reckless Charge","Headbutt"],"picked":"Body Slam","floor":1.0},{"not_picked":["Thunderclap","Wild Strike"],"picked":"Perfected Strike","floor":2.0},{"not_picked":["Sever Soul","Havoc"],"picked":"Heavy Blade","floor":4.0},{"not_picked":["Rupture","Infernal Blade"],"picked":"Inflame","floor":7.0},{"not_picked":["Evolve","Power Through"],"picked":"Heavy Blade","floor":11.0},{"not_picked":["Body Slam","Sentinel"],"picked":"Pommel Strike","floor":12.0},{"not_picked":["Uppercut","Warcry"],"picked":"Offering","floor":13.0},{"not_picked":["Combust","Warcry"],"picked":"Metallicize","floor":14.0},{"not_picked":["Brutality","Dark Embrace"],"picked":"Double Tap","floor":16.0},{"not_picked":["Iron Wave","Clothesline"],"picked":"Warcry","floor":18},{"not_picked":["Rampage+1","Hemokinesis+1"],"picked":"Shrug It Off+1","floor":19},{"not_picked":["Clothesline","Sword Boomerang+1"],"picked":"Intimidate","floor":21},{"not_picked":["Clash","Power Through"],"picked":"Seeing Red","floor":22},{"not_picked":["Shrug It Off","Armaments"],"picked":"Pommel Strike+1","floor":28},{"not_picked":["Rupture+1","Bloodletting+1"],"picked":"Thunderclap","floor":31},{"not_picked":["Limit Break","Double Tap"],"picked":"Reaper","floor":33},{"not_picked":["Headbutt","Warcry+1"],"picked":"Perfected Strike","floor":34},{"not_picked":["Wild Strike","Warcry"],"picked":"Whirlwind","floor":34},{"not_picked":["Combust","Thunderclap"],"picked":"Carnage+1","floor":34},{"not_picked":["Ghostly Armor","Pummel"],"picked":"Inflame+1","floor":34},{"not_picked":["Hemokinesis","Body Slam"],"picked":"Flex+1","floor":34},{"not_picked":["Clash","Seeing Red"],"picked":"Heavy Blade+1","floor":35},{"not_picked":["Heavy Blade","Entrench"],"picked":"Corruption+1","floor":41},{"not_picked":["Bloodletting+1","Spot Weakness"],"picked":"Perfected Strike+1","floor":42}],"player_experience":90814,"relics_obtained":[{"floor":7.0,"key":"Lantern"},{"floor":9.0,"key":"Meat on the Bone"},{"floor":13.0,"key":"PreservedInsect"},{"floor":26,"key":"Mercury Hourglass"},{"floor":43,"key":"Incense Burner"}],"event_choices":[{"damage_healed":0.0,"max_hp_gain":0.0,"max_hp_loss":0.0,"gold_gain":0.0,"event_name":"Big Fish","player_choice":"Box","floor":3.0,"gold_loss":0.0,"damage_taken":0.0,"relics_obtained":["Blue Candle"],"cards_obtained":["Regret"]},{"damage_healed":0.0,"max_hp_gain":0.0,"max_hp_loss":0.0,"gold_gain":0.0,"event_name":"Shining Light","player_choice":"Entered Light","floor":5.0,"gold_loss":0.0,"damage_taken":16.0,"cards_upgraded":["Strike_R","Strike_R"]},{"damage_healed":20.0,"max_hp_gain":0.0,"max_hp_loss":0.0,"gold_gain":0.0,"event_name":"Mushrooms","player_choice":"Healed and dodged fight","floor":8.0,"gold_loss":0.0,"damage_taken":0.0,"cards_obtained":["Parasite"]},{"damage_healed":0,"gold_gain":0,"player_choice":"Ignored","damage_taken":0,"max_hp_gain":0,"max_hp_loss":0,"event_name":"Vampires","floor":20,"gold_loss":0},{"cards_removed":["Strike_R"],"damage_healed":0,"gold_gain":0,"player_choice":"Elegance","damage_taken":0,"max_hp_gain":0,"max_hp_loss":0,"event_name":"Back to Basics","floor":25,"gold_loss":0},{"damage_healed":0,"gold_gain":0,"player_choice":"Paid Fearfully","damage_taken":0,"max_hp_gain":0,"max_hp_loss":0,"event_name":"Masked Bandits","floor":27,"gold_loss":53},{"damage_healed":0,"gold_gain":99,"player_choice":"Stole From Cult","damage_taken":0,"max_hp_gain":0,"max_hp_loss":0,"event_name":"Nest","floor":29,"gold_loss":0},{"damage_healed":0,"gold_gain":0,"player_choice":"Paid","damage_taken":0,"relics_obtained":["Red Mask"],"max_hp_gain":0,"max_hp_loss":0,"event_name":"Tomb of Lord Red Mask","floor":36,"gold_loss":162},{"cards_removed":["True Grit"],"damage_healed":0,"gold_gain":0,"player_choice":"Removed Skill","damage_taken":0,"max_hp_gain":0,"max_hp_loss":0,"event_name":"Falling","floor":38,"gold_loss":0},{"cards_removed":["Thunderclap"],"damage_healed":0,"gold_gain":0,"player_choice":"Gave Card","damage_taken":0,"relics_obtained":["Pantograph"],"max_hp_gain":0,"max_hp_loss":0,"event_name":"WeMeetAgain","floor":39,"gold_loss":0}],"is_beta":false,"boss_relics":[{"not_picked":["Busted Crown","Mark of Pain"],"picked":"Lizard Tail"},{"not_picked":["Calling Bell","Sozu"],"picked":"Orrery"}],"items_purged_floors":[10,24],"is_endless":false,"potions_floor_spawned":[1,4,7,12,14,22,28,33,42],"killed_by":"Writhing Mass","ascension_level":0}