{"gold_per_floor":[115,115,115,130,142,142,171,171,171,204,60,78,25,42,42,119,119,139,139,64,64,12,12,0,0,0,17,17,29,29,39,39,117,117,132,148,148,148,248,248,264,264,289,214,214,225,237,137,137,137],"floor_reached":50,"playtime":3062,"items_purged":["Strike_B","Pain"],"score":896,"play_id":"6fb3f206-7b32-405f-a336-2c5755364b93","local_time":"20190121133005","is_ascension_mode":true,"campfire_choices":[{"data":"White Noise","floor":6,"key":"SMITH"},{"floor":8,"key":"REST"},{"floor":15,"key":"REST"},{"data":"Hologram","floor":23,"key":"SMITH"},{"floor":25,"key":"REST"},{"data":"Coolheaded","floor":30,"key":"SMITH"},{"floor":32,"key":"REST"},{"floor":40,"key":"REST"},{"floor":42,"key":"REST"},{"floor":49,"key":"REST"}],"neow_cost":"NONE","seed_source_timestamp":1070932256636213,"circlet_count":0,"master_deck":["AscendersBane","Strike_B","Defend_B","Defend_B","Defend_B","Defend_B","Zap","Dualcast","White Noise+1","Compile Driver","Go for the Eyes","Creative AI","Scrape+1","Go for the Eyes+1","Beam Cell+1","Beam Cell+1","Gash+1","All For One+1","Gash+1","Hologram+1","Coolheaded+1","Rip and Tear+1","Seek","Glacier","Thinking Ahead","Rebound+1","Cold Snap+1","Parasite","Go for the Eyes+1"],"relics":["Cracked Core","NeowsBlessing","Shuriken","Kunai","Molten Egg 2","Dodecahedron","Cursed Key","Fusion Hammer","Prayer Wheel","PreservedInsect"],"potions_floor_usage":[7,16,16,33],"damage_taken":[{"damage":0,"enemies":"Small Slimes","floor":1,"turns":1},{"damage":0,"enemies":"2 Louse","floor":4,"turns":1},{"damage":0,"enemies":"Jaw Worm","floor":5,"turns":1},{"damage":30,"enemies":"Gremlin Nob","floor":7,"turns":4},{"damage":16,"enemies":"Lagavulin","floor":10,"turns":6},{"damage":1,"enemies":"2 Fungi Beasts","floor":12,"turns":3},{"damage":4,"enemies":"Large Slime","floor":14,"turns":3},{"damage":34,"enemies":"The Guardian","floor":16,"turns":10},{"damage":15,"enemies":"Shell Parasite","floor":18,"turns":2},{"damage":3,"enemies":"Chosen","floor":27,"turns":3},{"damage":4,"enemies":"Centurion and Healer","floor":29,"turns":4},{"damage":25,"enemies":"Snake Plant","floor":31,"turns":3},{"damage":37,"enemies":"Champ","floor":33,"turns":8},{"damage":11,"enemies":"3 Shapes","floor":35,"turns":6},{"damage":12,"enemies":"3 Darklings","floor":36,"turns":5},{"damage":1,"enemies":"Mind Bloom Boss Battle","floor":39,"turns":3},{"damage":26,"enemies":"Spire Growth","floor":41,"turns":5},{"damage":25,"enemies":"Maw","floor":46,"turns":6},{"damage":19,"enemies":"Writhing Mass","floor":47,"turns":7},{"damage":31,"enemies":"Time Eater","floor":50,"turns":2}],"seed_played":"7250718305023010437","potions_obtained":[{"floor":1,"key":"Weak Potion"},{"floor":10,"key":"PowerPotion"},{"floor":14,"key":"LiquidBronze"},{"floor":16,"key":"Dexterity Potion"},{"floor":27,"key":"SpeedPotion"},{"floor":29,"key":"AttackPotion"},{"floor":41,"key":"Dexterity Potion"}],"is_trial":false,"path_per_floor":["?","?","$","?","?","$","?","?","M","?","?","?","?","M"],"character_chosen":"DEFECT","items_purchased":["Scrape+1","Go for the Eyes+1","Beam Cell+1","Hologram"],"campfire_rested":7,"item_purchase_floors":[11,11,13,22],"current_hp_per_floor":[64,59,52,52,52,52,22,43,43,27,27,26,26,22,43,9,56,41,41,41,41,41,41,41,62,62,59,59,55,55,30,51,14,57,46,34,34,34,33,54,28,49,49,49,49,24,5,5,25,0],"gold":137,"neow_bonus":"THREE_ENEMY_KILL","is_prod":false,"is_daily":false,"chose_seed":false,"campfire_upgraded":3,"win_rate":0,"timestamp":1548095405,"path_taken":["M","?","?","M","M","R","E","R","T","E","$","M","?","M","R","BOSS","M","?","?","?","$","R","?","R","T","M","?","M","R","M","R","BOSS","M","?","?","?","?","R","M","R","T","$","?","?","M","$","R","BOSS"],"build_version":"2019-01-20","purchased_purges":2,"victory":false,"max_hp_per_floor":[71,71,71,71,71,71,71,71,71,71,71,71,71,71,71,71,71,71,71,71,71,71,71,71,71,71,71,71,71,71,71,71,71,71,71,71,71,71,71,71,71,71,71,71,67,67,67,67,67,67],"card_choices":[{"not_picked":["Steam","Conserve Battery"],"picked":"White Noise","floor":1},{"not_picked":["Heatsinks","Streamline"],"picked":"Compile Driver","floor":4},{"not_picked":["Darkness","Lockon"],"picked":"Go for the Eyes","floor":5},{"not_picked":["Darkness","Compile Driver"],"picked":"Creative AI","floor":7},{"not_picked":["Double Energy","White Noise","Buffer"],"picked":"SKIP","floor":10},{"not_picked":["BootSequence","Steam Power"],"picked":"Beam Cell+1","floor":12},{"not_picked":["Fusion","Hologram"],"picked":"Gash+1","floor":14},{"not_picked":["Machine Learning","Core Surge+1"],"picked":"All For One+1","floor":16},{"not_picked":["Streamline+1","Compile Driver+1"],"picked":"Gash+1","floor":18},{"not_picked":["Consume+1","Defragment"],"picked":"Coolheaded","floor":27},{"not_picked":["Defragment","Blizzard+1"],"picked":"Rip and Tear+1","floor":29},{"not_picked":["Hello World","Barrage+1","White Noise"],"picked":"SKIP","floor":31},{"not_picked":["Amplify","Meteor Strike+1"],"picked":"Seek","floor":33},{"not_picked":["Conserve Battery","Chill","Hologram"],"picked":"SKIP","floor":35},{"not_picked":["Barrage+1","Capacitor"],"picked":"Glacier","floor":36},{"not_picked":["Dramatic Entrance+1","Purity"],"picked":"Thinking Ahead","floor":38},{"not_picked":["Force Field","Reinforced Body"],"picked":"Rebound+1","floor":41},{"not_picked":["Tempest","Sweeping Beam+1","Defragment"],"picked":"SKIP","floor":41},{"not_picked":["Coolheaded","Lockon+1"],"picked":"Cold Snap+1","floor":46},{"not_picked":["Ball Lightning+1","Sweeping Beam+1","White Noise"],"picked":"SKIP","floor":46},{"not_picked":["Leap","Defragment"],"picked":"Go for the Eyes+1","floor":47},{"not_picked":["Redo","Hologram","Stack"],"picked":"SKIP","floor":47}],"player_experience":479555,"relics_obtained":[{"floor":7,"key":"Kunai"},{"floor":9,"key":"Molten Egg 2"},{"floor":10,"key":"Dodecahedron"},{"floor":39,"key":"Prayer Wheel"},{"floor":43,"key":"PreservedInsect"}],"event_choices":[{"damage_healed":0,"gold_gain":0,"player_choice":"Success","damage_taken":5,"relics_obtained":["Shuriken"],"max_hp_gain":0,"max_hp_loss":0,"event_name":"Scrap Ooze","floor":2,"gold_loss":0},{"cards_removed":["Strike_B"],"damage_healed":0,"gold_gain":0,"player_choice":"Card Removal","damage_taken":7,"max_hp_gain":0,"max_hp_loss":0,"event_name":"Golden Wing","floor":3,"gold_loss":0},{"damage_healed":0,"gold_gain":0,"player_choice":"Ignored","damage_taken":0,"max_hp_gain":0,"max_hp_loss":0,"event_name":"The Mausoleum","floor":19,"gold_loss":0},{"cards_removed":["Strike_B"],"damage_healed":0,"gold_gain":0,"player_choice":"Gave Gold","damage_taken":0,"max_hp_gain":0,"max_hp_loss":0,"event_name":"Beggar","floor":20,"gold_loss":75},{"damage_healed":0,"gold_gain":0,"player_choice":"Paid Fearfully","damage_taken":0,"max_hp_gain":0,"max_hp_loss":0,"event_name":"Masked Bandits","floor":24,"gold_loss":12},{"damage_healed":0,"gold_gain":0,"player_choice":"0 cards matched","damage_taken":0,"max_hp_gain":0,"max_hp_loss":0,"event_name":"Match and Keep!","floor":28,"gold_loss":0,"cards_obtained":[]},{"damage_healed":0,"gold_gain":0,"player_choice":"Ignored","damage_taken":0,"max_hp_gain":0,"max_hp_loss":0,"event_name":"Tomb of Lord Red Mask","floor":37,"gold_loss":0},{"damage_healed":0,"gold_gain":0,"player_choice":"Memory 1","damage_taken":0,"max_hp_gain":0,"max_hp_loss":0,"event_name":"SensoryStone","floor":38,"gold_loss":0},{"damage_healed":0,"gold_gain":0,"player_choice":"Fight","damage_taken":0,"max_hp_gain":0,"max_hp_loss":0,"event_name":"MindBloom","floor":39,"gold_loss":0},{"damage_healed":0,"gold_gain":0,"player_choice":"Max HP","damage_taken":0,"max_hp_gain":0,"max_hp_loss":4,"event_name":"Winding Halls","floor":45,"gold_loss":0}],"is_beta":true,"boss_relics":[{"not_picked":["Coffee Dripper","White Beast Statue"],"picked":"Cursed Key"},{"not_picked":["FrozenCore","Runic Dome"],"picked":"Fusion Hammer"}],"items_purged_floors":[44,48],"is_endless":false,"potions_floor_spawned":[1,10,14,16,27,29,31,41,46,47],"killed_by":"Time Eater","ascension_level":20}