{"gold_per_floor":[111,125,125,125,135,135,164,181,208,220],"floor_reached":10,"playtime":210,"items_purged":[],"score":129,"play_id":"870faa4d-cf13-4584-88f7-54bb172dd151","local_time":"20190127165726","is_ascension_mode":true,"campfire_choices":[{"data":"Hologram","floor":6,"key":"SMITH"}],"neow_cost":"NONE","seed_source_timestamp":1471362483170400,"circlet_count":0,"master_deck":["AscendersBane","Strike_B","Strike_B","Strike_B","Defend_B","Defend_B","Defend_B","Defend_B","Zap","Dualcast","Gash","Sunder","Hologram+1","Ball Lightning","Loop"],"relics":["Cracked Core","NeowsBlessing","FaceOfCleric","Dream Catcher","MawBank"],"potions_floor_usage":[10],"damage_taken":[{"damage":0,"enemies":"Jaw Worm","floor":1,"turns":1},{"damage":0,"enemies":"Small Slimes","floor":2,"turns":1},{"damage":0,"enemies":"Cultist","floor":5,"turns":1},{"damage":36,"enemies":"Gremlin Nob","floor":7,"turns":4},{"damage":6,"enemies":"Blue Slaver","floor":8,"turns":4},{"damage":32,"enemies":"Lagavulin","floor":10,"turns":3}],"seed_played":"3042731867132198677","potions_obtained":[{"floor":7,"key":"SkillPotion"}],"is_trial":false,"path_per_floor":["M","M","?","?","M","R","E","M","T","E"],"character_chosen":"DEFECT","items_purchased":[],"campfire_rested":0,"item_purchase_floors":[],"current_hp_per_floor":[64,64,64,64,65,65,30,25,25,0],"gold":220,"neow_bonus":"THREE_ENEMY_KILL","is_prod":false,"is_daily":false,"chose_seed":false,"campfire_upgraded":1,"win_rate":0,"timestamp":1548637046,"path_taken":["M","M","?","?","?","R","E","M","T","E"],"build_version":"2019-01-23","purchased_purges":0,"victory":false,"max_hp_per_floor":[71,71,71,71,72,72,73,74,74,74],"card_choices":[{"not_picked":["Sweeping Beam","Fusion"],"picked":"Gash","floor":1},{"not_picked":["Ball Lightning","Loop"],"picked":"Sunder","floor":2},{"not_picked":["Streamline","Turbo"],"picked":"Hologram","floor":5},{"not_picked":["Stack","Streamline"],"picked":"Ball Lightning","floor":7},{"not_picked":["Sunder","Undo"],"picked":"Loop","floor":8}],"player_experience":595648,"relics_obtained":[{"floor":7,"key":"Dream Catcher"},{"floor":9,"key":"MawBank"}],"event_choices":[{"cards_removed":["Strike_B"],"damage_healed":0,"gold_gain":0,"player_choice":"Forget","damage_taken":0,"max_hp_gain":0,"max_hp_loss":0,"event_name":"Living Wall","floor":3,"gold_loss":0},{"damage_healed":0,"gold_gain":0,"player_choice":"Trade","damage_taken":0,"relics_obtained":["FaceOfCleric"],"max_hp_gain":0,"max_hp_loss":0,"event_name":"FaceTrader","floor":4,"gold_loss":0}],"is_beta":false,"boss_relics":[],"items_purged_floors":[],"is_endless":false,"potions_floor_spawned":[7],"killed_by":"Lagavulin","ascension_level":18}