{"gold_per_floor":[117,117,135,26,41,41,69,88,88,88,105,131,149,164,164,164],"floor_reached":16,"playtime":1021,"items_purged":[],"score":137,"play_id":"44a98def-ccb8-4dd2-8281-07a28fc452b6","local_time":"20181108185203","is_ascension_mode":true,"campfire_choices":[{"data":"Bash","floor":6,"key":"SMITH"},{"data":"Havoc","floor":10,"key":"SMITH"},{"data":"Armaments","floor":15,"key":"SMITH"}],"neow_cost":"NONE","seed_source_timestamp":376790986578467,"circlet_count":0,"master_deck":["Strike_R","Strike_R","Strike_R","Strike_R","Strike_R","Defend_R","Defend_R","Defend_R","Defend_R","Bash+1","Headbutt","Feel No Pain+1","Burning Pact","Havoc","Havoc+1","Pommel Strike","Metallicize","Armaments+1","Rampage"],"relics":["Burning Blood","Nunchaku","Ginger","Champion Belt","Regal Pillow"],"potions_floor_usage":[16],"damage_taken":[{"damage":8,"enemies":"2 Louse","floor":1,"turns":3},{"damage":1,"enemies":"Cultist","floor":3,"turns":3},{"damage":12,"enemies":"Small Slimes","floor":5,"turns":4},{"damage":29,"enemies":"Gremlin Nob","floor":7,"turns":4},{"damage":18,"enemies":"Red Slaver","floor":8,"turns":5},{"damage":3,"enemies":"Blue Slaver","floor":11,"turns":3},{"damage":30,"enemies":"3 Sentries","floor":12,"turns":16},{"damage":13,"enemies":"Large Slime","floor":13,"turns":8},{"damage":2,"enemies":"2 Fungi Beasts","floor":14,"turns":4},{"damage":23,"enemies":"Slime Boss","floor":16,"turns":4}],"seed_played":"2513493411987070053","potions_obtained":[{"floor":8,"key":"Ancient Potion"},{"floor":12,"key":"Swift Potion"},{"floor":13,"key":"Energy Potion"}],"is_trial":false,"path_per_floor":["M","?","M","?","M","R","E","M","T","R","M","E","M","M","R","B"],"character_chosen":"IRONCLAD","items_purchased":[],"campfire_rested":0,"item_purchase_floors":[],"current_hp_per_floor":[78,78,80,80,74,74,51,39,39,39,42,18,11,15,15,0],"gold":164,"neow_bonus":"THREE_CARDS","is_prod":false,"is_daily":false,"chose_seed":false,"campfire_upgraded":3,"win_rate":0,"timestamp":1541721123,"path_taken":["M","?","?","?","M","R","E","M","T","R","M","E","M","M","R","BOSS"],"build_version":"2018-11-07","purchased_purges":0,"victory":false,"max_hp_per_floor":[80,80,80,80,80,80,80,80,80,80,80,80,80,80,80,80],"card_choices":[{"not_picked":["Wild Strike","Warcry"],"picked":"Headbutt","floor":0},{"not_picked":["Warcry","Havoc"],"picked":"Feel No Pain","floor":1},{"not_picked":["Clash","Bloodletting"],"picked":"Burning Pact","floor":3},{"not_picked":["Battle Trance","Clothesline","Rupture"],"picked":"SKIP","floor":5},{"not_picked":["Impervious","Anger"],"picked":"Havoc","floor":7},{"not_picked":["Uppercut","Perfected Strike"],"picked":"Havoc","floor":8},{"not_picked":["Carnage","Heavy Blade"],"picked":"Pommel Strike","floor":11},{"not_picked":["Shockwave","Bloodletting"],"picked":"Metallicize","floor":12},{"not_picked":["Wild Strike","Sword Boomerang"],"picked":"Armaments","floor":13},{"not_picked":["Headbutt","Cleave"],"picked":"Rampage","floor":14}],"player_experience":333649,"relics_obtained":[{"floor":7,"key":"Ginger"},{"floor":9,"key":"Champion Belt"},{"floor":12,"key":"Regal Pillow"}],"event_choices":[{"damage_healed":0,"gold_gain":0,"player_choice":"Upgraded","damage_taken":0,"max_hp_gain":0,"max_hp_loss":0,"event_name":"Upgrade Shrine","floor":2,"gold_loss":0,"cards_upgraded":["Feel No Pain"]},{"damage_healed":0,"gold_gain":0,"player_choice":"Paid Gold","damage_taken":0,"relics_obtained":["Nunchaku"],"max_hp_gain":0,"max_hp_loss":0,"event_name":"WeMeetAgain","floor":4,"gold_loss":109}],"is_beta":true,"boss_relics":[],"items_purged_floors":[],"is_endless":false,"potions_floor_spawned":[8,12,13,14],"killed_by":"Slime Boss","ascension_level":4}