{"gold_per_floor":[117,117,135,135,154,183,14,24,80,99,99,21,46,46,46,122,122,136,61,71,34,34,34],"floor_reached":23,"playtime":872,"items_purged":[],"score":378,"play_id":"04697a24-800b-4ff5-8653-a0be91e2a1bd","local_time":"20190120131754","is_ascension_mode":true,"campfire_choices":[{"floor":11,"key":"REST"},{"data":"Zap","floor":15,"key":"SMITH"}],"neow_cost":"NONE","seed_source_timestamp":852726853563200,"circlet_count":0,"master_deck":["AscendersBane","Strike_B","Strike_B","Strike_B","Defend_B","Defend_B","Defend_B","Defend_B","Zap+1","Dualcast","Streamline+1","Static Discharge","Coolheaded","Leap","Sweeping Beam","Go for the Eyes","Glacier","Reinforced Body","Echo Form","Conserve Battery","Consume","Echo Form"],"relics":["Cracked Core","Ornamental Fan","Boot","PreservedInsect","Tiny Chest","Pocketwatch","Busted Crown"],"potions_floor_usage":[16,23,23],"damage_taken":[{"damage":1,"enemies":"2 Louse","floor":1,"turns":4},{"damage":2,"enemies":"Jaw Worm","floor":3,"turns":4},{"damage":1,"enemies":"Cultist","floor":5,"turns":3},{"damage":15,"enemies":"Lagavulin","floor":6,"turns":7},{"damage":1,"enemies":"2 Fungi Beasts","floor":8,"turns":3},{"damage":23,"enemies":"Exordium Wildlife","floor":10,"turns":5},{"damage":17,"enemies":"3 Sentries","floor":13,"turns":5},{"damage":22,"enemies":"Slime Boss","floor":16,"turns":11},{"damage":3,"enemies":"Chosen","floor":18,"turns":6},{"damage":7,"enemies":"Spheric Guardian","floor":20,"turns":4},{"damage":54,"enemies":"Gremlin Leader","floor":23,"turns":2}],"seed_played":"3852706503230187349","potions_obtained":[{"floor":6,"key":"SmokeBomb"},{"floor":8,"key":"EssenceOfSteel"},{"floor":16,"key":"LiquidBronze"},{"floor":18,"key":"SkillPotion"}],"is_trial":false,"path_per_floor":["M","?","M","T","M","E","$","M","T","M","R","$","E","?","R","B",null,"M","?","M","$","?","E"],"character_chosen":"DEFECT","items_purchased":["PreservedInsect","Glacier","Consume"],"campfire_rested":1,"item_purchase_floors":[7,12,21],"current_hp_per_floor":[70,70,68,68,67,52,52,51,51,28,51,51,34,34,34,12,62,59,59,52,52,52,0],"gold":34,"neow_bonus":"TEN_PERCENT_HP_BONUS","is_prod":false,"is_daily":false,"chose_seed":false,"campfire_upgraded":1,"win_rate":0,"timestamp":1548019074,"path_taken":["M","?","M","?","M","E","$","M","T","?","R","?","E","?","R","BOSS","M","?","M","$","?","E"],"build_version":"2019-01-17v2","purchased_purges":0,"victory":false,"max_hp_per_floor":[78,78,78,78,78,78,78,78,78,78,78,78,78,78,78,78,78,78,78,78,78,78,78],"card_choices":[{"not_picked":["Turbo","Storm"],"picked":"Streamline","floor":1},{"not_picked":["Barrage","Cold Snap"],"picked":"Static Discharge","floor":3},{"not_picked":["Streamline","Heatsinks"],"picked":"Coolheaded","floor":5},{"not_picked":["Static Discharge","Steam"],"picked":"Leap","floor":6},{"not_picked":["Barrage","Stack"],"picked":"Sweeping Beam","floor":8},{"not_picked":["Steam","Cold Snap"],"picked":"Go for the Eyes","floor":10},{"not_picked":["Rip and Tear","Steam"],"picked":"Reinforced Body","floor":13},{"not_picked":["Hyperbeam","Reboot"],"picked":"Echo Form","floor":16},{"not_picked":[],"picked":"Conserve Battery","floor":18},{"not_picked":["Hello World"],"picked":"SKIP","floor":20}],"player_experience":567606,"relics_obtained":[{"floor":4,"key":"Ornamental Fan"},{"floor":6,"key":"Boot"},{"floor":9,"key":"Tiny Chest"},{"floor":13,"key":"Pocketwatch"}],"event_choices":[{"damage_healed":0,"gold_gain":0,"player_choice":"Grow","damage_taken":0,"max_hp_gain":0,"max_hp_loss":0,"event_name":"Living Wall","floor":2,"gold_loss":0,"cards_upgraded":["Streamline"]},{"damage_healed":0,"gold_gain":0,"player_choice":"Ignored","damage_taken":0,"max_hp_gain":0,"max_hp_loss":0,"event_name":"Liars Game","floor":14,"gold_loss":0},{"cards_removed":["Strike_B"],"damage_healed":0,"gold_gain":0,"player_choice":"Gave Gold","damage_taken":0,"max_hp_gain":0,"max_hp_loss":0,"event_name":"Beggar","floor":19,"gold_loss":75},{"damage_healed":0,"gold_gain":0,"player_choice":"Copied","damage_taken":0,"max_hp_gain":0,"max_hp_loss":0,"event_name":"Duplicator","floor":22,"gold_loss":0,"cards_obtained":["Echo Form"]}],"is_beta":false,"boss_relics":[{"not_picked":["Empty Cage","Fusion Hammer"],"picked":"Busted Crown"}],"items_purged_floors":[],"is_endless":false,"potions_floor_spawned":[6,8,16,18],"killed_by":"Gremlin Leader","ascension_level":18}