{"gold_per_floor":[111,111,123,123,123,123,155,155,155,175,100,21,21,32,32,106,106,122,122,22,297,89,89,89],"floor_reached":24,"playtime":688,"items_purged":["Strike_G","Writhe","Regret"],"score":430,"play_id":"3a14b184-a505-472f-843a-b679f7f22c55","local_time":"20181101082628","is_ascension_mode":true,"campfire_choices":[{"floor":6.0,"key":"REST"},{"floor":13.0,"key":"REST"},{"floor":15.0,"key":"REST"},{"data":"A Thousand Cuts","floor":23,"key":"SMITH"}],"neow_cost":"NONE","seed_source_timestamp":1604995442230712,"circlet_count":0,"master_deck":["Survivor","Neutralize","AscendersBane","Dodge and Roll","Leg Sweep","Cloak And Dagger","Footwork","A Thousand Cuts+1","Escape Plan","Prepared","Blade Dance","Blade Dance","Footwork","Blade Dance","Sucker Punch","Deadly Poison","Infinite Blades"],"special_seed":0,"relics":["Ring of the Snake","NeowsBlessing","Incense Burner","The Specimen","Pantograph","Ice Cream","Pandora\u0027s Box","Regal Pillow"],"potions_floor_usage":[16,16,24],"damage_taken":[{"damage":0.0,"enemies":"Small Slimes","floor":1.0,"turns":1.0},{"damage":0.0,"enemies":"Cultist","floor":3.0,"turns":1.0},{"damage":0.0,"enemies":"Lagavulin","floor":7.0,"turns":1.0},{"damage":2.0,"enemies":"2 Louse","floor":10.0,"turns":4.0},{"damage":0.0,"enemies":"Looter","floor":14.0,"turns":4.0},{"damage":42,"enemies":"Hexaghost","floor":16,"turns":16},{"damage":13,"enemies":"Shell Parasite","floor":18,"turns":9},{"damage":44,"enemies":"Book of Stabbing","floor":24,"turns":7}],"seed_played":"5541359507348528078","potions_obtained":[{"floor":3.0,"key":"PowerPotion"},{"floor":14.0,"key":"Strength Potion"},{"floor":18,"key":"EssenceOfSteel"}],"is_trial":false,"path_per_floor":["M","?","M","?","?","R","E","T","T","M","$","$","R","M","R","B",null,"M","?","$","?","$","R"],"character_chosen":"THE_SILENT","items_purchased":["Footwork","Infinite Blades"],"campfire_rested":3,"item_purchase_floors":[12,22],"current_hp_per_floor":[59,59,59,39,4,23,23,23,23,21,21,21,40,40,59,24,56,43,43,43,43,43,43,0],"gold":89,"neow_bonus":"THREE_ENEMY_KILL","is_prod":false,"is_daily":false,"chose_seed":false,"campfire_upgraded":1,"win_rate":0,"timestamp":1541085988,"path_taken":["M","?","M","?","?","R","E","?","T","M","?","$","R","M","R","BOSS","M","?","?","?","$","R","E"],"build_version":"2018-10-25v2","purchased_purges":3,"victory":false,"max_hp_per_floor":[66,66,66,66,66,66,66,66,66,66,66,66,66,66,66,66,66,66,66,66,66,66,66,66],"card_choices":[{"not_picked":["Prepared","Acrobatics"],"picked":"Dodge and Roll","floor":1.0},{"not_picked":["Prepared","Skewer","Sucker Punch"],"picked":"SKIP","floor":3.0},{"not_picked":["Quick Slash","PiercingWail"],"picked":"Leg Sweep","floor":7.0},{"not_picked":["Grand Finale","Sucker Punch"],"picked":"Cloak And Dagger","floor":10.0},{"not_picked":["Acrobatics","Deadly Poison","Dagger Throw"],"picked":"SKIP","floor":14.0},{"not_picked":["Glass Knife","Storm of Steel"],"picked":"A Thousand Cuts","floor":16},{"not_picked":["PiercingWail","Choke","Prepared"],"picked":"SKIP","floor":18}],"player_experience":578710,"relics_obtained":[{"floor":7.0,"key":"The Specimen"},{"floor":8.0,"key":"Pantograph"},{"floor":9.0,"key":"Ice Cream"}],"event_choices":[{"cards_removed":["Defend_G"],"damage_healed":0.0,"max_hp_gain":0.0,"max_hp_loss":0.0,"gold_gain":0.0,"event_name":"Purifier","player_choice":"Purged","floor":2.0,"gold_loss":0.0,"damage_taken":0.0},{"damage_healed":0.0,"max_hp_gain":0.0,"max_hp_loss":0.0,"gold_gain":0.0,"event_name":"Shining Light","player_choice":"Entered Light","floor":4.0,"gold_loss":0.0,"damage_taken":20.0,"cards_upgraded":["Defend_G","Strike_G"]},{"damage_healed":0.0,"max_hp_gain":0.0,"max_hp_loss":0.0,"gold_gain":0.0,"event_name":"Scrap Ooze","player_choice":"Success","floor":5.0,"gold_loss":0.0,"damage_taken":35.0,"relics_obtained":["Incense Burner"]},{"damage_healed":0,"gold_gain":0,"player_choice":"Opened","damage_taken":0,"relics_obtained":["Regal Pillow"],"max_hp_gain":0,"max_hp_loss":0,"event_name":"The Mausoleum","floor":19,"gold_loss":0,"cards_obtained":["Writhe"]},{"damage_healed":0,"gold_gain":275,"player_choice":"Desecrate","damage_taken":0,"max_hp_gain":0,"max_hp_loss":0,"event_name":"Golden Shrine","floor":21,"gold_loss":0,"cards_obtained":["Regret"]}],"is_beta":false,"boss_relics":[{"not_picked":["White Beast Statue","Tiny House"],"picked":"Pandora\u0027s Box"}],"items_purged_floors":[11,20,22],"is_endless":false,"potions_floor_spawned":[3,14,18],"killed_by":"Book of Stabbing","ascension_level":20}