{"gold_per_floor":[113,188,198,214,139,149,149,178,201,201,217,117,132,162,162,257,257,269,144,164,164,183,216,216,69,69,69,103,123,123,123,123,225,225,245,256,269,287,306,332,351,382,382,382,436,455,257,272,272,272],"floor_reached":51,"playtime":2215,"items_purged":["Bloodletting","Spot Weakness","Armaments","Twin Strike+1"],"score":1226,"play_id":"718954d5-31c6-4a16-9b9d-444c2f69ef72","local_time":"20180912152308","daily_mods":["Draft"],"is_ascension_mode":false,"campfire_choices":[{"data":"Anger","floor":7,"key":"SMITH"},{"data":"Anger","floor":10,"key":"SMITH"},{"data":"Anger","floor":15,"key":"SMITH"},{"data":"Flex","floor":30,"key":"SMITH"},{"data":"Clash","floor":32,"key":"SMITH"},{"data":"Body Slam","floor":44,"key":"SMITH"},{"data":"Flex","floor":49,"key":"SMITH"}],"neow_cost":"","seed_source_timestamp":0,"circlet_count":0,"master_deck":["Rage","Anger+1","Flex+1","Body Slam+1","Flex+1","Anger+1","Anger+1","Clash+1","Flex+1","Warcry","Body Slam+1","Rage","Clash","Rage","Rage+1","Whirlwind","Flex+1"],"relics":["Unceasing Top","War Paint","Whetstone","Odd Mushroom","Busted Crown","Regal Pillow","Pen Nib","Meat on the Bone","Boot","Runic Cube","Gremlin Horn","Self Forming Clay","Mango"],"potions_floor_usage":[],"damage_taken":[{"damage":0,"enemies":"Jaw Worm","floor":1,"turns":2},{"damage":3,"enemies":"Cultist","floor":3,"turns":2},{"damage":3,"enemies":"Small Slimes","floor":4,"turns":1},{"damage":0,"enemies":"Exordium Wildlife","floor":6,"turns":2},{"damage":0,"enemies":"3 Sentries","floor":8,"turns":4},{"damage":0,"enemies":"Lots of Slimes","floor":11,"turns":1},{"damage":0,"enemies":"Red Slaver","floor":13,"turns":1},{"damage":0,"enemies":"The Mushroom Lair","floor":14,"turns":1},{"damage":0,"enemies":"Slime Boss","floor":16,"turns":1},{"damage":0,"enemies":"2 Thieves","floor":18,"turns":1},{"damage":0,"enemies":"Shell Parasite","floor":20,"turns":1},{"damage":0,"enemies":"Shelled Parasite and Fungi","floor":22,"turns":1},{"damage":0,"enemies":"Slavers","floor":23,"turns":1},{"damage":0,"enemies":"Book of Stabbing","floor":28,"turns":1},{"damage":0,"enemies":"Snake Plant","floor":29,"turns":1},{"damage":0,"enemies":"Champ","floor":33,"turns":1},{"damage":0,"enemies":"3 Darklings","floor":35,"turns":1},{"damage":0,"enemies":"Orb Walker","floor":36,"turns":1},{"damage":0,"enemies":"3 Darklings","floor":37,"turns":1},{"damage":0,"enemies":"Transient","floor":38,"turns":1},{"damage":0,"enemies":"Reptomancer","floor":39,"turns":1},{"damage":0,"enemies":"2 Orb Walkers","floor":40,"turns":1},{"damage":0,"enemies":"Maw","floor":41,"turns":1},{"damage":0,"enemies":"Giant Head","floor":42,"turns":1},{"damage":3,"enemies":"Mysterious Sphere","floor":45,"turns":1},{"damage":0,"enemies":"Sphere and 2 Shapes","floor":46,"turns":1},{"damage":0,"enemies":"Spire Growth","floor":48,"turns":1},{"damage":0,"enemies":"Donu and Deca","floor":50,"turns":1}],"seed_played":"6490522010388124739","potions_obtained":[{"floor":1,"key":"AttackPotion"},{"floor":4,"key":"SkillPotion"},{"floor":13,"key":"GamblersBrew"},{"floor":28,"key":"BloodPotion"},{"floor":48,"key":"Block Potion"}],"is_trial":true,"path_per_floor":["M","?","M","M","$","M","R","E","T","R","M","$","M","?","R","B",null,"M","$","M","?","M","E","?","$","T","$","E","M","R","?","R","B",null,"M","M","M","M","M","E","M","E","T","R","?","M","$","M","R","B"],"character_chosen":"IRONCLAD","items_purchased":["Pen Nib","Flex"],"campfire_rested":0,"item_purchase_floors":[25,47],"current_hp_per_floor":[80,69,66,63,63,63,63,63,63,63,63,63,63,63,63,63,80,80,80,80,80,80,80,80,80,80,80,80,80,80,80,80,80,80,80,80,80,80,80,80,80,80,80,80,91,91,91,91,91,91],"gold":272,"neow_bonus":"","is_prod":false,"is_daily":false,"chose_seed":false,"campfire_upgraded":7,"win_rate":0,"timestamp":1536780188,"path_taken":["M","?","?","M","$","M","R","E","T","R","M","$","M","?","R","BOSS","M","$","M","?","?","E","?","$","T","$","E","M","R","?","R","BOSS","M","M","?","M","M","E","M","E","T","R","?","M","$","M","R","BOSS"],"build_version":"2018-09-06","purchased_purges":4,"victory":true,"max_hp_per_floor":[80,80,80,80,80,80,80,80,80,80,80,80,80,80,80,80,80,80,80,80,80,80,80,80,80,80,80,80,80,80,80,80,80,80,80,80,80,80,80,80,80,80,80,80,94,94,94,94,94,94],"card_choices":[{"not_picked":["Flame Barrier","Thunderclap"],"picked":"Rage","floor":0},{"not_picked":["Hemokinesis","Thunderclap"],"picked":"Armaments","floor":0},{"not_picked":["Blood for Blood","Havoc"],"picked":"Anger","floor":0},{"not_picked":["Havoc","Headbutt"],"picked":"Flex","floor":0},{"not_picked":["Corruption","Wild Strike"],"picked":"Body Slam","floor":0},{"not_picked":["Iron Wave","Seeing Red"],"picked":"Flex","floor":0},{"not_picked":["Warcry","Cleave"],"picked":"Anger","floor":0},{"not_picked":["Flame Barrier","Body Slam"],"picked":"Anger","floor":0},{"not_picked":["Headbutt","Wild Strike"],"picked":"Clash","floor":0},{"not_picked":["Iron Wave","Shrug It Off"],"picked":"Flex","floor":0},{"not_picked":["Reckless Charge","Sword Boomerang"],"picked":"Spot Weakness","floor":0},{"not_picked":["Cleave","Combust"],"picked":"Warcry","floor":0},{"not_picked":["Perfected Strike","Feel No Pain"],"picked":"Twin Strike","floor":0},{"not_picked":["Entrench","True Grit"],"picked":"Bloodletting","floor":0},{"not_picked":["Havoc","Rampage"],"picked":"Body Slam","floor":0},{"not_picked":["Iron Wave","Pummel","Headbutt"],"picked":"SKIP","floor":1},{"not_picked":["Dual Wield","Inflame","Intimidate"],"picked":"SKIP","floor":3},{"not_picked":["True Grit","Power Through","Cleave"],"picked":"SKIP","floor":4},{"not_picked":["Pommel Strike","Hemokinesis","Inflame"],"picked":"SKIP","floor":6},{"not_picked":["Iron Wave","Uppercut"],"picked":"Rage","floor":8},{"not_picked":["Twin Strike","Inflame","Bloodletting"],"picked":"SKIP","floor":11},{"not_picked":["Corruption","Inflame"],"picked":"Clash","floor":13},{"not_picked":[],"picked":"Rage","floor":18},{"not_picked":["Twin Strike"],"picked":"SKIP","floor":20},{"not_picked":["Shrug It Off"],"picked":"SKIP","floor":22},{"not_picked":["Iron Wave+1"],"picked":"SKIP","floor":23},{"not_picked":["Heavy Blade"],"picked":"SKIP","floor":28},{"not_picked":[],"picked":"Rage","floor":29},{"not_picked":["Evolve"],"picked":"SKIP","floor":35},{"not_picked":["Cleave+1"],"picked":"SKIP","floor":36},{"not_picked":["Twin Strike"],"picked":"SKIP","floor":37},{"not_picked":["Heavy Blade+1"],"picked":"SKIP","floor":38},{"not_picked":["Armaments"],"picked":"SKIP","floor":39},{"not_picked":[],"picked":"Whirlwind","floor":40},{"not_picked":["Armaments"],"picked":"SKIP","floor":41},{"not_picked":["Heavy Blade"],"picked":"SKIP","floor":42},{"not_picked":["Ghostly Armor+1"],"picked":"SKIP","floor":46},{"not_picked":["Dropkick"],"picked":"SKIP","floor":48}],"player_experience":124224,"relics_obtained":[{"floor":8,"key":"War Paint"},{"floor":9,"key":"Whetstone"},{"floor":14,"key":"Odd Mushroom"},{"floor":23,"key":"Regal Pillow"},{"floor":26,"key":"Meat on the Bone"},{"floor":28,"key":"Boot"},{"floor":40,"key":"Gremlin Horn"},{"floor":42,"key":"Self Forming Clay"},{"floor":45,"key":"Mango"}],"event_choices":[{"event_name":"World of Goop","player_choice":"Gather Gold","floor":2,"damage_taken":0},{"event_name":"Mushrooms","player_choice":"Fought Mushrooms","floor":14,"damage_taken":0},{"event_name":"Cursed Tome","player_choice":"Ignored","floor":24,"damage_taken":0},{"event_name":"Accursed Blacksmith","player_choice":"Forge","floor":31,"damage_taken":0},{"event_name":"Mysterious Sphere","player_choice":"Fight","floor":45,"damage_taken":0}],"is_beta":false,"boss_relics":[{"not_picked":["Runic Pyramid","Eternal Feather"],"picked":"Busted Crown"},{"not_picked":["Pandora\u0027s Box","Mark of Pain"],"picked":"Runic Cube"}],"items_purged_floors":[5,12,19,47],"is_endless":false,"potions_floor_spawned":[1,4,13,18,22,23,28,35,36,39,40,45,48],"ascension_level":0}