{"gold_per_floor":[109,1,12,12,12,47,61,61,61,74,74,74],"floor_reached":12,"playtime":232,"items_purged":[],"score":196,"play_id":"4694bb36-fd9a-4399-9df2-7f6fb7270bb8","local_time":"20190128022302","is_ascension_mode":true,"campfire_choices":[{"data":"Consume","floor":8,"key":"SMITH"},{"data":"Strike_B","floor":11,"key":"PURGE"}],"neow_cost":"NONE","seed_source_timestamp":1505277195767600,"circlet_count":0,"master_deck":["AscendersBane","Strike_B","Strike_B","Strike_B","Defend_B","Defend_B","Defend_B","Defend_B","Zap","Dualcast","Storm","Streamline","Heatsinks","Go for the Eyes","Sweeping Beam","Consume+1","Reinforced Body"],"relics":["Cracked Core","NeowsBlessing","Golden Idol","Matryoshka","Lantern","Peace Pipe"],"potions_floor_usage":[12],"damage_taken":[{"damage":0,"enemies":"Cultist","floor":1,"turns":1},{"damage":0,"enemies":"2 Louse","floor":3,"turns":1},{"damage":0,"enemies":"Lagavulin","floor":6,"turns":1},{"damage":2,"enemies":"Jaw Worm","floor":7,"turns":3},{"damage":8,"enemies":"Red Slaver","floor":10,"turns":3},{"damage":39,"enemies":"Gremlin Nob","floor":12,"turns":3}],"seed_played":"7411529947927329476","potions_obtained":[{"floor":1,"key":"SkillPotion"},{"floor":6,"key":"SteroidPotion"}],"is_trial":false,"path_per_floor":["M","$","M","?","$","E","M","R","T","M","R","E"],"character_chosen":"DEFECT","items_purchased":["Streamline","Heatsinks"],"campfire_rested":0,"item_purchase_floors":[2,2],"current_hp_per_floor":[64,64,64,40,40,40,38,38,38,30,30,0],"gold":74,"neow_bonus":"THREE_ENEMY_KILL","is_prod":false,"is_daily":false,"chose_seed":false,"campfire_upgraded":1,"win_rate":0,"timestamp":1548670982,"path_taken":["M","$","?","?","$","E","M","R","T","M","R","E"],"build_version":"2019-01-23","purchased_purges":0,"victory":false,"max_hp_per_floor":[71,71,71,71,71,71,71,71,71,71,71,71],"card_choices":[{"not_picked":["Steam Power","Redo"],"picked":"Storm","floor":1},{"not_picked":["Steam","Melter"],"picked":"Go for the Eyes","floor":3},{"not_picked":["Gash","Rip and Tear"],"picked":"Sweeping Beam","floor":6},{"not_picked":["Streamline","Reprogram"],"picked":"Consume","floor":7},{"not_picked":["Fusion","Go for the Eyes"],"picked":"Reinforced Body","floor":10}],"player_experience":601496,"relics_obtained":[{"floor":6,"key":"Matryoshka"},{"floor":9,"key":"Lantern"},{"floor":9,"key":"Peace Pipe"}],"event_choices":[{"damage_healed":0,"gold_gain":0,"player_choice":"Take Damage","damage_taken":24,"relics_obtained":["Golden Idol"],"max_hp_gain":0,"max_hp_loss":0,"event_name":"Golden Idol","floor":4,"gold_loss":0}],"is_beta":false,"boss_relics":[],"items_purged_floors":[],"is_endless":false,"potions_floor_spawned":[1,6,10],"killed_by":"Gremlin Nob","ascension_level":18}