{"gold_per_floor":[114,114,114,128,145,145,170,204,204,222,240,259,259,278,278,383,383,398,497,497,515,528,528,192,217,217,132,32,60,60,60,60,163,213,225,238,238,57,57,57,75,75,149,149,149,165,165,184,184,184],"floor_reached":51,"playtime":2425,"items_purged":["Regret","Defend_B"],"score":925,"play_id":"93fad2b8-6da9-4e4a-b43e-1ff8d8866223","local_time":"20180916143506","is_ascension_mode":true,"campfire_choices":[{"data":"Beam Cell","floor":6,"key":"SMITH"},{"data":"Loop","floor":13,"key":"SMITH"},{"data":"Zap","floor":15,"key":"SMITH"},{"data":"Loop","floor":23,"key":"SMITH"},{"data":"Mayhem","floor":30,"key":"SMITH"},{"data":"Chaos","floor":32,"key":"SMITH"},{"data":"Dualcast","floor":40,"key":"SMITH"},{"data":"Panacea","floor":42,"key":"SMITH"},{"data":"Conserve Battery","floor":44,"key":"SMITH"},{"data":"Auto Shields","floor":47,"key":"SMITH"},{"data":"Static Discharge","floor":49,"key":"SMITH"}],"neow_cost":"NONE","seed_source_timestamp":157871700920205,"circlet_count":0,"master_deck":["Strike_B+1","Strike_B+1","Strike_B+1","Strike_B+1","Defend_B+1","Defend_B+1","Defend_B+1","Zap+1","Dualcast+1","Conserve Battery+1","Auto Shields+1","Beam Cell+1","Static Discharge+1","Genetic Algorithm+1","Loop+1","Coolheaded+1","Melter+1","Echo Form+1","Streamline+1","Ghostly","Ghostly","Ghostly","Ghostly","Ghostly","Conserve Battery+1","Loop+1","Mayhem+1","Chaos+1","Rebound+1","Self Repair+1","Creative AI+1","Defragment+1","Ball Lightning+1","Fusion+1","Capacitor+1","Panacea+1","All For One","Storm+1","Leap+1","Biased Cognition+1"],"relics":["Cracked Core","NeowsBlessing","Symbiotic Virus","Odd Mushroom","Bottled Flame","Blue Candle","Eternal Feather","Emotion Chip","Ancient Tea Set","War Paint","Frozen Egg 2","Tiny House","Bottled Lightning","Sundial"],"potions_floor_usage":[16,25,29,29,50,50],"damage_taken":[{"damage":0,"enemies":"2 Louse","floor":1,"turns":1},{"damage":0,"enemies":"Jaw Worm","floor":4,"turns":1},{"damage":0,"enemies":"Small Slimes","floor":5,"turns":1},{"damage":11,"enemies":"The Mushroom Lair","floor":7,"turns":4},{"damage":8,"enemies":"Lagavulin","floor":8,"turns":6},{"damage":3,"enemies":"Blue Slaver","floor":10,"turns":4},{"damage":11,"enemies":"Gremlin Gang","floor":11,"turns":3},{"damage":11,"enemies":"Lots of Slimes","floor":12,"turns":4},{"damage":1,"enemies":"Blue Slaver","floor":14,"turns":3},{"damage":3,"enemies":"Hexaghost","floor":16,"turns":9},{"damage":41,"enemies":"2 Thieves","floor":18,"turns":5},{"damage":8,"enemies":"3 Byrds","floor":21,"turns":6},{"damage":0,"enemies":"Shelled Parasite and Fungi","floor":22,"turns":5},{"damage":6,"enemies":"Book of Stabbing","floor":25,"turns":4},{"damage":3,"enemies":"Slavers","floor":29,"turns":6},{"damage":22,"enemies":"Champ","floor":33,"turns":10},{"damage":17,"enemies":"3 Shapes","floor":35,"turns":6},{"damage":1,"enemies":"Orb Walker","floor":36,"turns":4},{"damage":24,"enemies":"4 Shapes","floor":41,"turns":6},{"damage":17,"enemies":"Reptomancer","floor":46,"turns":5},{"damage":2,"enemies":"Spire Growth","floor":48,"turns":5},{"damage":23,"enemies":"Time Eater","floor":50,"turns":11}],"seed_played":"-7709086384942176596","potions_obtained":[{"floor":1,"key":"GamblersBrew"},{"floor":11,"key":"EssenceOfSteel"},{"floor":12,"key":"Block Potion"},{"floor":21,"key":"PowerPotion"},{"floor":25,"key":"EssenceOfSteel"},{"floor":33,"key":"SteroidPotion"},{"floor":34,"key":"Regen Potion"}],"is_trial":false,"path_per_floor":["M","?","?","M","M","R","?","E","T","M","M","M","R","M","R","B",null,"M","?","?","M","M","R","$","E","T","?","$","E","R","?","R","B",null,"M","M","?","$","?","R","M","R","T","R","T","M","R","M","R","B"],"character_chosen":"DEFECT","items_purchased":["Mayhem","Chaos","Capacitor+1","Panacea"],"campfire_rested":0,"item_purchase_floors":[24,24,38,38],"current_hp_per_floor":[75,75,75,75,75,75,64,56,56,53,42,31,31,30,30,27,63,22,22,22,14,14,29,29,23,23,23,23,20,37,37,37,25,39,32,41,41,41,41,42,28,42,42,42,42,42,42,42,42,34],"gold":184,"neow_bonus":"THREE_ENEMY_KILL","is_prod":false,"is_daily":false,"chose_seed":false,"campfire_upgraded":11,"win_rate":0,"timestamp":1537122906,"path_taken":["M","?","?","M","?","R","?","E","T","M","M","M","R","M","R","BOSS","M","?","?","?","M","R","$","E","T","?","$","E","R","?","R","BOSS","M","?","?","$","?","R","M","R","T","R","?","?","R","M","R","BOSS"],"build_version":"2018-09-06","purchased_purges":2,"victory":true,"max_hp_per_floor":[75,75,75,75,75,75,75,75,75,75,75,75,75,75,75,75,75,75,75,37,37,37,37,37,37,37,37,37,37,37,37,37,37,42,42,42,42,42,42,42,42,42,42,42,42,42,42,42,42,42],"card_choices":[{"not_picked":["Undo","Turbo"],"picked":"Conserve Battery","floor":1},{"not_picked":["Go for the Eyes","Melter"],"picked":"Auto Shields","floor":4},{"not_picked":["Chill","Force Field"],"picked":"Beam Cell","floor":5},{"not_picked":["Buffer","Hello World"],"picked":"Static Discharge","floor":7},{"not_picked":["Fusion","Lockon"],"picked":"Genetic Algorithm","floor":8},{"not_picked":["Recycle","FTL"],"picked":"Loop","floor":10},{"not_picked":["Beam Cell","Leap"],"picked":"Coolheaded","floor":11},{"not_picked":["Conserve Battery","Coolheaded"],"picked":"Compile Driver","floor":12},{"not_picked":["Compile Driver","FTL"],"picked":"Melter","floor":14},{"not_picked":["Electrodynamics","Rainbow"],"picked":"Echo Form","floor":16},{"not_picked":["Chill","Sunder"],"picked":"Streamline+1","floor":18},{"not_picked":["Go for the Eyes","Barrage+1"],"picked":"Conserve Battery+1","floor":21},{"not_picked":["Chill","Double Energy"],"picked":"Loop","floor":22},{"not_picked":["Reinforced Body","BootSequence"],"picked":"Rebound+1","floor":25},{"not_picked":["Cold Snap","Leap"],"picked":"Self Repair","floor":29},{"not_picked":["Biased Cognition+1","Rainbow"],"picked":"Creative AI+1","floor":33},{"not_picked":["Conserve Battery","Capacitor+1"],"picked":"Defragment+1","floor":34},{"not_picked":["Gash","Reprogram"],"picked":"Ball Lightning+1","floor":35},{"not_picked":["Ball Lightning+1","Scrape+1"],"picked":"Fusion+1","floor":36},{"not_picked":["Tempest","Turbo+1"],"picked":"Storm+1","floor":41},{"not_picked":["Compile Driver","Gash"],"picked":"Leap+1","floor":46},{"not_picked":["Heatsinks+1","Barrage+1"],"picked":"Biased Cognition+1","floor":48}],"player_experience":194642,"relics_obtained":[{"floor":7,"key":"Odd Mushroom"},{"floor":8,"key":"Bottled Flame"},{"floor":9,"key":"Blue Candle"},{"floor":25,"key":"Emotion Chip"},{"floor":26,"key":"Ancient Tea Set"},{"floor":29,"key":"Frozen Egg 2"},{"floor":43,"key":"Bottled Lightning"},{"floor":45,"key":"Sundial"}],"event_choices":[{"event_name":"Big Fish","player_choice":"Box","floor":2,"damage_taken":0},{"event_name":"Liars Game","player_choice":"disagreed","floor":3,"damage_taken":0},{"event_name":"Mushrooms","player_choice":"Fought Mushrooms","floor":7,"damage_taken":0},{"event_name":"Nest","player_choice":"Stole From Cult","floor":19,"damage_taken":0},{"event_name":"Ghosts","player_choice":"Became a Ghost","floor":20,"damage_taken":0},{"event_name":"Addict","player_choice":"Obtained Relic","floor":27,"damage_taken":0},{"event_name":"Back to Basics","player_choice":"Simplicity","floor":31,"damage_taken":0},{"event_name":"Accursed Blacksmith","player_choice":"Forge","floor":37,"damage_taken":0},{"event_name":"Transmorgrifier","player_choice":"Transform","floor":39,"damage_taken":0}],"is_beta":false,"boss_relics":[{"not_picked":["Velvet Choker","Snecko Eye"],"picked":"Eternal Feather"},{"not_picked":["Black Star","FrozenCore"],"picked":"Tiny House"}],"items_purged_floors":[24,28],"is_endless":false,"potions_floor_spawned":[1,11,12,14,21,25,33,41,48],"ascension_level":5}