{"gold_per_floor":[112,123,123,137,62,72,72,85,108,127,127,138,138,163,163,163],"floor_reached":16,"playtime":687,"items_purged":["Strike_R"],"score":96,"play_id":"54ee39f9-7d70-4d6a-989d-f2043dc11155","local_time":"20190101231207","is_ascension_mode":false,"campfire_choices":[{"data":"Body Slam","floor":7.0,"key":"SMITH"},{"data":"Corruption","floor":11.0,"key":"SMITH"},{"data":"Entrench","floor":15.0,"key":"SMITH"}],"neow_cost":"NONE","seed_source_timestamp":648517153499263,"circlet_count":0,"master_deck":["Strike_R","Strike_R","Strike_R","Defend_R","Defend_R","Defend_R","Defend_R","Bash","Corruption+1","Body Slam+1","Armaments","True Grit","Battle Trance","Entrench+1"],"special_seed":0,"relics":["Burning Blood","Vajra","Golden Idol"],"potions_floor_usage":[16],"damage_taken":[{"damage":8.0,"enemies":"Small Slimes","floor":1.0,"turns":5.0},{"damage":6.0,"enemies":"Cultist","floor":2.0,"turns":3.0},{"damage":2.0,"enemies":"Jaw Worm","floor":4.0,"turns":3.0},{"damage":13.0,"enemies":"Blue Slaver","floor":6.0,"turns":6.0},{"damage":0.0,"enemies":"2 Fungi Beasts","floor":8.0,"turns":3.0},{"damage":2.0,"enemies":"Lots of Slimes","floor":10.0,"turns":3.0},{"damage":2.0,"enemies":"Blue Slaver","floor":12.0,"turns":2.0},{"damage":2.0,"enemies":"Exordium Wildlife","floor":14.0,"turns":7.0},{"damage":74,"enemies":"Slime Boss","floor":16,"turns":11}],"seed_played":"1609277094541826625","potions_obtained":[{"floor":1.0,"key":"Weak Potion"},{"floor":2.0,"key":"Block Potion"},{"floor":8.0,"key":"AttackPotion"},{"floor":10.0,"key":"Energy Potion"},{"floor":14.0,"key":"LiquidBronze"}],"is_trial":false,"path_per_floor":["M","M","?","M","$","M","R","M","T","M","R","M","?","M","R","B"],"character_chosen":"IRONCLAD","items_purchased":[],"campfire_rested":0,"item_purchase_floors":[],"current_hp_per_floor":[86,86,86,88,88,81,81,87,87,88,88,88,66,70,70,0],"gold":163,"neow_bonus":"TEN_PERCENT_HP_BONUS","is_prod":false,"is_daily":false,"chose_seed":false,"campfire_upgraded":3,"win_rate":0,"timestamp":1546402327,"path_taken":["M","M","?","M","$","M","R","M","T","M","R","?","?","M","R","BOSS"],"build_version":"2018-12-20","purchased_purges":1,"victory":false,"max_hp_per_floor":[88,88,88,88,88,88,88,88,88,88,88,88,88,88,88,88],"card_choices":[{"not_picked":["Disarm","Metallicize"],"picked":"Corruption","floor":1.0},{"not_picked":["Flex","Carnage"],"picked":"Body Slam","floor":2.0},{"not_picked":["Hemokinesis","Perfected Strike","Thunderclap"],"picked":"SKIP","floor":4.0},{"not_picked":["Heavy Blade","True Grit"],"picked":"Armaments","floor":6.0},{"not_picked":["Havoc","Dropkick"],"picked":"True Grit","floor":8.0},{"not_picked":["Disarm","Rampage","Thunderclap"],"picked":"SKIP","floor":10.0},{"not_picked":["Rampage","Fire Breathing"],"picked":"Battle Trance","floor":12.0},{"not_picked":["Cleave","Thunderclap"],"picked":"Entrench","floor":14.0}],"player_experience":394081,"relics_obtained":[{"floor":9.0,"key":"Vajra"}],"event_choices":[{"cards_removed":["Strike_R"],"damage_healed":0.0,"max_hp_gain":0.0,"max_hp_loss":0.0,"gold_gain":0.0,"event_name":"Purifier","player_choice":"Purged","floor":3.0,"gold_loss":0.0,"damage_taken":0.0},{"damage_healed":0.0,"max_hp_gain":0.0,"max_hp_loss":0.0,"gold_gain":0.0,"event_name":"Golden Idol","player_choice":"Take Damage","floor":13.0,"gold_loss":0.0,"damage_taken":22.0,"relics_obtained":["Golden Idol"]}],"is_beta":false,"boss_relics":[],"items_purged_floors":[5],"is_endless":false,"potions_floor_spawned":[1,2,8,10,14],"killed_by":"Slime Boss","ascension_level":0}