{"gold_per_floor":[218,237,237,312,312,83,96,115,115,115,115],"floor_reached":11,"playtime":395,"items_purged":["Defend_R"],"score":72,"play_id":"02cebf43-a0c8-4d8b-9c42-73cf21554220","local_time":"20181108002229","is_ascension_mode":true,"campfire_choices":[{"data":"Spot Weakness","floor":10,"key":"SMITH"}],"neow_cost":"NONE","seed_source_timestamp":279126184383994,"circlet_count":0,"master_deck":["Strike_R","Strike_R","Strike_R","Strike_R","Defend_R","Defend_R","Defend_R","Bash","Fire Breathing","Evolve","Feel No Pain","Second Wind","Iron Wave","Spot Weakness+1"],"relics":["Burning Blood","Art of War","Frozen Egg 2"],"potions_floor_usage":[8],"damage_taken":[{"damage":0,"enemies":"2 Louse","floor":1,"turns":3},{"damage":10,"enemies":"Small Slimes","floor":2,"turns":4},{"damage":21,"enemies":"Jaw Worm","floor":7,"turns":4},{"damage":2,"enemies":"Looter","floor":8,"turns":4},{"damage":38,"enemies":"Large Slime","floor":11,"turns":5}],"seed_played":"-4504579847262991387","potions_obtained":[{"floor":1,"key":"Energy Potion"},{"floor":7,"key":"Ancient Potion"},{"floor":8,"key":"Dexterity Potion"}],"is_trial":false,"path_per_floor":["M","M","?","?","?","$","M","M","T","R","M"],"character_chosen":"IRONCLAD","items_purchased":["Feel No Pain","Second Wind"],"campfire_rested":0,"item_purchase_floors":[6,6],"current_hp_per_floor":[80,76,69,58,46,46,31,35,35,35,0],"gold":115,"neow_bonus":"HUNDRED_GOLD","is_prod":false,"is_daily":false,"chose_seed":false,"campfire_upgraded":1,"win_rate":0,"timestamp":1541665349,"path_taken":["M","M","?","?","?","$","M","M","T","R","M"],"build_version":"2018-11-01","purchased_purges":1,"victory":false,"max_hp_per_floor":[80,80,80,80,80,80,80,80,80,80,80],"card_choices":[{"not_picked":["Headbutt","Shrug It Off"],"picked":"Fire Breathing","floor":1},{"not_picked":["Perfected Strike","Pommel Strike"],"picked":"Evolve","floor":2},{"not_picked":["Ghostly Armor","Twin Strike"],"picked":"Iron Wave","floor":7},{"not_picked":["Wild Strike","Dual Wield"],"picked":"Spot Weakness","floor":8}],"player_experience":366942,"relics_obtained":[{"floor":9,"key":"Frozen Egg 2"}],"event_choices":[{"cards_removed":["Strike_R"],"damage_healed":0,"gold_gain":0,"player_choice":"Card Removal","damage_taken":7,"max_hp_gain":0,"max_hp_loss":0,"event_name":"Golden Wing","floor":3,"gold_loss":0},{"damage_healed":0,"gold_gain":75,"player_choice":"Gather Gold","damage_taken":11,"max_hp_gain":0,"max_hp_loss":0,"event_name":"World of Goop","floor":4,"gold_loss":0},{"damage_healed":0,"gold_gain":0,"player_choice":"Success","damage_taken":12,"relics_obtained":["Art of War"],"max_hp_gain":0,"max_hp_loss":0,"event_name":"Scrap Ooze","floor":5,"gold_loss":0}],"is_beta":false,"boss_relics":[],"items_purged_floors":[6],"is_endless":false,"potions_floor_spawned":[1,7,8],"killed_by":"Large Slime","ascension_level":3}