{"gold_per_floor":[114,128,203,117,135,135,135,167,194,33,43,61,61,61],"floor_reached":14,"playtime":241,"items_purged":[],"score":90,"play_id":"8382c9c0-189e-4d80-befb-4b1f7d8658a3","local_time":"20190226172458","is_ascension_mode":false,"campfire_choices":[{"data":"Inflame","floor":6,"key":"SMITH"}],"neow_cost":"NONE","seed_source_timestamp":1198677238578247,"circlet_count":0,"master_deck":["Strike_R","Strike_R","Strike_R","Strike_R","Strike_R","Defend_R","Defend_R","Defend_R","Bash","Flex","Cleave","Inflame+1","Flex","Iron Wave","Limit Break","Cleave","Flex"],"relics":["Burning Blood","NeowsBlessing","Happy Flower","Orichalcum"],"potions_floor_usage":[8],"damage_taken":[{"damage":0,"enemies":"2 Louse","floor":1,"turns":1},{"damage":0,"enemies":"Jaw Worm","floor":2,"turns":1},{"damage":0,"enemies":"Cultist","floor":5,"turns":1},{"damage":35,"enemies":"3 Sentries","floor":8,"turns":5},{"damage":4,"enemies":"Looter","floor":11,"turns":2},{"damage":12,"enemies":"Large Slime","floor":12,"turns":4}],"seed_played":"987957280087598717","potions_obtained":[{"floor":2,"key":"SteroidPotion"},{"floor":5,"key":"SneckoOil"},{"floor":12,"key":"Block Potion"}],"is_trial":false,"path_per_floor":["M","M","?","$","M","R","?","E","T","$","M","M","$","?"],"character_chosen":"IRONCLAD","items_purchased":["Inflame","Flex","Limit Break"],"campfire_rested":0,"item_purchase_floors":[4,4,10],"current_hp_per_floor":[80,80,69,69,75,75,68,39,39,39,41,35,35,0],"gold":61,"neow_bonus":"THREE_ENEMY_KILL","is_prod":false,"is_daily":false,"chose_seed":false,"campfire_upgraded":1,"win_rate":0,"timestamp":1551219898,"path_taken":["M","M","?","?","?","R","?","E","T","$","M","M","$","?"],"build_version":"2019-01-23","purchased_purges":0,"victory":false,"max_hp_per_floor":[80,80,80,80,80,80,80,80,80,80,80,80,80,80],"card_choices":[{"not_picked":["Iron Wave","Havoc"],"picked":"Flex","floor":1},{"not_picked":["Clash","Body Slam"],"picked":"Cleave","floor":2},{"not_picked":["Pommel Strike","Wild Strike","Clash"],"picked":"SKIP","floor":5},{"not_picked":["Thunderclap","Rupture"],"picked":"Iron Wave","floor":8},{"not_picked":["Armaments","Shockwave"],"picked":"Cleave","floor":11},{"not_picked":["Fiend Fire","Headbutt"],"picked":"Flex","floor":12}],"player_experience":489486,"relics_obtained":[{"floor":8,"key":"Happy Flower"},{"floor":9,"key":"Orichalcum"}],"event_choices":[{"damage_healed":0,"gold_gain":75,"player_choice":"Gather Gold","damage_taken":11,"max_hp_gain":0,"max_hp_loss":0,"event_name":"World of Goop","floor":3,"gold_loss":0},{"cards_removed":["Defend_R"],"damage_healed":0,"gold_gain":0,"player_choice":"Card Removal","damage_taken":7,"max_hp_gain":0,"max_hp_loss":0,"event_name":"Golden Wing","floor":7,"gold_loss":0}],"is_beta":false,"boss_relics":[],"items_purged_floors":[],"is_endless":false,"potions_floor_spawned":[2,5,12],"ascension_level":0}