{"gold_per_floor":[19,29,29,42,62,62,93,93,116,145,145,178,83,83,83,186,186,201,201,152,172,172,203,203,234,234,269,281,308,336,361,373,490,502,532,559,22,34,49,49,81,100,100,71,71,105,123,15,15,15],"floor_reached":50,"playtime":2309,"items_purged":[],"score":684,"play_id":"807b57b7-f08a-46db-a961-46bd95c7c72a","local_time":"20190121210740","is_ascension_mode":true,"campfire_choices":[{"floor":6,"key":"RECALL"},{"floor":8,"key":"REST"},{"floor":15,"key":"REST"},{"floor":24,"key":"REST"},{"floor":32,"key":"REST"},{"floor":40,"key":"REST"},{"floor":45,"key":"REST"},{"floor":49,"key":"REST"}],"neow_cost":"NO_GOLD","seed_source_timestamp":1113428658816125,"circlet_count":0,"master_deck":["Strike_R","Strike_R+1","Strike_R+1","Strike_R","Strike_R+1","Defend_R","Defend_R","Defend_R","Defend_R","Bash","Perfected Strike","Iron Wave","Cleave","True Grit+1","Thunderclap","Sever Soul","Clash","Spot Weakness","Perfected Strike","Fiend Fire","Clash","Flex","Heavy Blade","Shrug It Off","Sword Boomerang+1","Flame Barrier","Battle Trance+1","Sentinel","Disarm","Exhume","Flex","Shrug It Off+1","Inflame+1","Cleave","Havoc+1","Thunderclap+1","Cleave","Heavy Blade+1","Infernal Blade","Whirlwind","Iron Wave+1","Limit Break"],"relics":["Burning Blood","Lantern","Smiling Mask","Whetstone","Shuriken","Black Star","PreservedInsect","Frozen Egg 2","Centennial Puzzle","StoneCalendar","Charon\u0027s Ashes","Pear","MawBank","Ornamental Fan","Mark of Pain","Brimstone","Singing Bowl","The Courier","Bottled Flame","Bag of Preparation","Vajra","Ancient Tea Set"],"potions_floor_usage":[16,23,27,31,33,33,33,33,41,42],"damage_taken":[{"damage":7,"enemies":"Small Slimes","floor":1,"turns":4},{"damage":8,"enemies":"Jaw Worm","floor":2,"turns":3},{"damage":0,"enemies":"Cultist","floor":4,"turns":2},{"damage":16,"enemies":"Gremlin Gang","floor":5,"turns":5},{"damage":36,"enemies":"Lagavulin","floor":7,"turns":8},{"damage":23,"enemies":"3 Sentries","floor":10,"turns":7},{"damage":24,"enemies":"Gremlin Nob","floor":12,"turns":4},{"damage":53,"enemies":"Hexaghost","floor":16,"turns":10},{"damage":22,"enemies":"Spheric Guardian","floor":18,"turns":4},{"damage":5,"enemies":"Chosen","floor":21,"turns":3},{"damage":36,"enemies":"Book of Stabbing","floor":23,"turns":4},{"damage":23,"enemies":"Slavers","floor":25,"turns":4},{"damage":37,"enemies":"Book of Stabbing","floor":27,"turns":4},{"damage":15,"enemies":"Snecko","floor":29,"turns":4},{"damage":0,"enemies":"Snake Plant","floor":30,"turns":2},{"damage":0,"enemies":"Centurion and Healer","floor":31,"turns":3},{"damage":53,"enemies":"Champ","floor":33,"turns":9},{"damage":35,"enemies":"3 Darklings","floor":35,"turns":6},{"damage":18,"enemies":"Orb Walker","floor":36,"turns":3},{"damage":30,"enemies":"Maw","floor":38,"turns":6},{"damage":8,"enemies":"Spire Growth","floor":39,"turns":3},{"damage":9,"enemies":"Nemesis","floor":41,"turns":5},{"damage":36,"enemies":"3 Darklings","floor":42,"turns":3},{"damage":25,"enemies":"Giant Head","floor":46,"turns":4},{"damage":43,"enemies":"Writhing Mass","floor":47,"turns":3},{"damage":77,"enemies":"Awakened One","floor":50,"turns":5}],"seed_played":"-8175161094019827604","potions_obtained":[{"floor":2,"key":"Energy Potion"},{"floor":4,"key":"Strength Potion"},{"floor":10,"key":"EntropicBrew"},{"floor":25,"key":"SteroidPotion"},{"floor":27,"key":"LiquidBronze"},{"floor":29,"key":"Poison Potion"},{"floor":36,"key":"Ancient Potion"},{"floor":39,"key":"Block Potion"},{"floor":46,"key":"Ancient Potion"},{"floor":47,"key":"Explosive Potion"}],"is_trial":false,"path_per_floor":["M","M","?","M","M","R","E","R","T","E","?","E","$","T","R","B",null,"M","?","$","M","?","E","R","E","T","E","?","M","M","M","R","B",null,"M","M","$","M","M","R","E","M","T","$","R","E","M","$","R","B"],"character_chosen":"IRONCLAD","items_purchased":["Spot Weakness","Perfected Strike","Flex","Inflame+1","Brimstone","Cleave","Singing Bowl","Infernal Blade","Limit Break"],"campfire_rested":7,"item_purchase_floors":[13,13,20,37,37,37,37,44,48],"current_hp_per_floor":[95,93,93,96,86,86,56,84,84,67,48,30,30,30,58,11,96,80,80,80,81,62,32,62,45,55,24,24,15,21,27,60,13,111,82,70,70,46,44,77,74,44,44,44,77,58,21,21,54,0],"gold":15,"neow_bonus":"TWENTY_PERCENT_HP_BONUS","is_prod":false,"is_daily":false,"chose_seed":false,"campfire_upgraded":0,"win_rate":0,"timestamp":1548122860,"path_taken":["M","M","?","M","M","R","E","R","T","E","?","E","$","?","R","BOSS","M","?","$","M","?","E","R","E","T","E","?","?","M","?","R","BOSS","M","M","$","M","?","R","E","M","T","?","R","E","M","?","R","BOSS"],"build_version":"2019-01-17v2","purchased_purges":0,"victory":false,"max_hp_per_floor":[96,96,96,96,96,96,96,96,96,96,96,96,96,96,96,96,96,96,96,96,96,101,101,101,101,111,111,111,111,111,111,111,111,111,111,111,111,111,111,111,111,111,111,111,111,111,111,111,111,111],"card_choices":[{"not_picked":["Sword Boomerang","Feel No Pain"],"picked":"Perfected Strike","floor":1},{"not_picked":["Havoc","Seeing Red"],"picked":"Iron Wave","floor":2},{"not_picked":["Hemokinesis","Intimidate"],"picked":"Cleave","floor":4},{"not_picked":["Havoc","Carnage"],"picked":"True Grit","floor":5},{"not_picked":["Feel No Pain","Ghostly Armor"],"picked":"Thunderclap","floor":7},{"not_picked":["Exhume","Ghostly Armor"],"picked":"Sever Soul","floor":10},{"not_picked":["True Grit","Wild Strike"],"picked":"Clash","floor":12},{"not_picked":["Barricade","Berserk"],"picked":"Fiend Fire","floor":16},{"not_picked":["Armaments","Flame Barrier"],"picked":"Clash","floor":18},{"not_picked":["Corruption+1","Infernal Blade"],"picked":"Heavy Blade","floor":21},{"not_picked":["Reckless Charge","Spot Weakness"],"picked":"Shrug It Off","floor":23},{"not_picked":["Iron Wave+1","Shrug It Off+1"],"picked":"Sword Boomerang+1","floor":25},{"not_picked":["Sever Soul","Twin Strike"],"picked":"Flame Barrier","floor":27},{"not_picked":["Second Wind","Clash"],"picked":"Battle Trance+1","floor":29},{"not_picked":["Entrench","Exhume"],"picked":"Sentinel","floor":30},{"not_picked":["Anger+1","Pommel Strike"],"picked":"Disarm","floor":31},{"not_picked":["Double Tap","Brutality+1"],"picked":"Exhume","floor":33},{"not_picked":["Infernal Blade","Armaments+1"],"picked":"Flex","floor":35},{"not_picked":["Fire Breathing+1","Cleave"],"picked":"Shrug It Off+1","floor":36},{"not_picked":["Perfected Strike+1","Brutality+1"],"picked":"Havoc+1","floor":38},{"not_picked":["Warcry+1","Cleave"],"picked":"Thunderclap+1","floor":39},{"not_picked":["Anger+1","Blood for Blood+1"],"picked":"Cleave","floor":41},{"not_picked":["Entrench+1","Rage"],"picked":"Heavy Blade+1","floor":42},{"not_picked":["Twin Strike","Carnage+1"],"picked":"Whirlwind","floor":46},{"not_picked":["Seeing Red+1","Second Wind"],"picked":"Iron Wave+1","floor":47}],"player_experience":93365,"relics_obtained":[{"floor":7,"key":"Lantern"},{"floor":10,"key":"Smiling Mask"},{"floor":12,"key":"Whetstone"},{"floor":14,"key":"Shuriken"},{"floor":23,"key":"Frozen Egg 2"},{"floor":23,"key":"Centennial Puzzle"},{"floor":25,"key":"StoneCalendar"},{"floor":25,"key":"Charon\u0027s Ashes"},{"floor":26,"key":"Pear"},{"floor":27,"key":"MawBank"},{"floor":27,"key":"Ornamental Fan"},{"floor":41,"key":"The Courier"},{"floor":41,"key":"Bottled Flame"},{"floor":43,"key":"Bag of Preparation"},{"floor":46,"key":"Vajra"},{"floor":46,"key":"Ancient Tea Set"}],"event_choices":[{"damage_healed":0,"gold_gain":0,"player_choice":"Ignored","damage_taken":0,"max_hp_gain":0,"max_hp_loss":0,"event_name":"Golden Wing","floor":3,"gold_loss":0},{"damage_healed":0,"gold_gain":0,"player_choice":"Entered Light","damage_taken":19,"max_hp_gain":0,"max_hp_loss":0,"event_name":"Shining Light","floor":11,"gold_loss":0,"cards_upgraded":["Strike_R","True Grit"]},{"damage_healed":0,"gold_gain":0,"player_choice":"Opened","damage_taken":0,"relics_obtained":["PreservedInsect"],"max_hp_gain":0,"max_hp_loss":0,"event_name":"The Mausoleum","floor":19,"gold_loss":0},{"damage_healed":0,"gold_gain":0,"player_choice":"Shed Blood","damage_taken":24,"max_hp_gain":5,"max_hp_loss":0,"event_name":"Forgotten Altar","floor":22,"gold_loss":0},{"damage_healed":0,"gold_gain":0,"player_choice":"Ignored","damage_taken":0,"max_hp_gain":0,"max_hp_loss":0,"event_name":"Ghosts","floor":28,"gold_loss":0}],"is_beta":false,"boss_relics":[{"not_picked":["Calling Bell","White Beast Statue"],"picked":"Black Star"},{"not_picked":["Coffee Dripper","Astrolabe"],"picked":"Mark of Pain"}],"items_purged_floors":[],"is_endless":false,"potions_floor_spawned":[2,4,10,25,27,29,36,39,46,47],"killed_by":"Awakened One","ascension_level":1}