{"gold_per_floor":[117,127,5,5,21,21,34,44,93,108,123,141,141,66,66,164,164,180,35,134,152,171,171,171,28,28,28,104,28,41,51,51,156,156,173,186,186,39,49,68,68,83,160,172,172,172,186,199,199,199],"floor_reached":50,"playtime":2167,"items_purged":["Defend_R","Defend_R"],"score":467,"play_id":"1e4324a3-758c-4388-8a5c-704d525e23d2","local_time":"20180915050416","is_ascension_mode":false,"campfire_choices":[{"data":"Inflame","floor":6,"key":"SMITH"},{"data":"Clash","floor":15,"key":"SMITH"},{"data":"Limit Break","floor":23,"key":"SMITH"},{"data":"Whirlwind","floor":32,"key":"SMITH"},{"floor":41,"key":"REST"},{"floor":45,"key":"REST"},{"floor":49,"key":"REST"}],"neow_cost":"NONE","seed_source_timestamp":173829959762357,"circlet_count":0,"master_deck":["Strike_R","Strike_R","Strike_R","Strike_R","Rage","Inflame+1","Headbutt","Clash+1","Spot Weakness","Pommel Strike","Heavy Blade","Anger","Limit Break+1","Twin Strike","Headbutt","Flex","Whirlwind","Whirlwind+1","Inflame+1","Double Tap","Clash","Whirlwind","Clash+1","Rage","Seeing Red+1","Clash+1"],"relics":["Black Blood","Centennial Puzzle","Happy Flower","Gremlin Horn","Question Card","Empty Cage","Pocketwatch","Blood Vial","Sundial"],"potions_floor_usage":[16,16,21,21,22,31,33,36,42,47,48,48],"damage_taken":[{"damage":0,"enemies":"Small Slimes","floor":1,"turns":3},{"damage":11,"enemies":"2 Louse","floor":2,"turns":3},{"damage":0,"enemies":"Cultist","floor":5,"turns":3},{"damage":7,"enemies":"Exordium Wildlife","floor":7,"turns":3},{"damage":5,"enemies":"Looter","floor":8,"turns":3},{"damage":18,"enemies":"Blue Slaver","floor":10,"turns":5},{"damage":5,"enemies":"3 Louse","floor":11,"turns":3},{"damage":18,"enemies":"Exordium Wildlife","floor":12,"turns":3},{"damage":39,"enemies":"The Guardian","floor":16,"turns":7},{"damage":10,"enemies":"3 Byrds","floor":18,"turns":4},{"damage":20,"enemies":"2 Thieves","floor":21,"turns":3},{"damage":12,"enemies":"Snecko","floor":22,"turns":4},{"damage":16,"enemies":"Cultist and Chosen","floor":30,"turns":3},{"damage":6,"enemies":"Sentry and Sphere","floor":31,"turns":3},{"damage":14,"enemies":"Automaton","floor":33,"turns":4},{"damage":3,"enemies":"3 Shapes","floor":35,"turns":2},{"damage":15,"enemies":"Orb Walker","floor":36,"turns":2},{"damage":52,"enemies":"Mind Bloom Boss Battle","floor":37,"turns":5},{"damage":22,"enemies":"4 Shapes","floor":39,"turns":2},{"damage":22,"enemies":"Reptomancer","floor":40,"turns":3},{"damage":34,"enemies":"Maw","floor":42,"turns":5},{"damage":0,"enemies":"Transient","floor":44,"turns":5},{"damage":31,"enemies":"Reptomancer","floor":47,"turns":3},{"damage":22,"enemies":"Sphere and 2 Shapes","floor":48,"turns":2},{"damage":62,"enemies":"Time Eater","floor":50,"turns":3}],"seed_played":"-4410402180364240661","potions_obtained":[{"floor":1,"key":"Block Potion"},{"floor":5,"key":"Regen Potion"},{"floor":8,"key":"LiquidBronze"},{"floor":11,"key":"BloodPotion"},{"floor":16,"key":"Poison Potion"},{"floor":21,"key":"PowerPotion"},{"floor":30,"key":"EssenceOfSteel"},{"floor":31,"key":"AttackPotion"},{"floor":35,"key":"Strength Potion"},{"floor":39,"key":"EssenceOfSteel"},{"floor":42,"key":"EssenceOfSteel"},{"floor":44,"key":"SkillPotion"},{"floor":47,"key":"LiquidBronze"}],"is_trial":false,"path_per_floor":["M","M","$","?","M","R","M","M","T","M","M","M","?","$","R","B",null,"M","$","?","M","M","R","?","$","T","?","T","$","M","M","R","B",null,"M","M","?","$","M","M","R","M","T","M","R","?","M","M","R"],"character_chosen":"IRONCLAD","items_purchased":["Inflame","Headbutt","Twin Strike","Happy Flower","Whirlwind","Blood Vial"],"campfire_rested":3,"item_purchase_floors":[3,3,19,25,29,38],"current_hp_per_floor":[88,83,83,83,88,88,87,88,88,76,77,65,58,58,58,33,88,88,88,88,82,80,80,80,80,80,80,80,80,74,78,78,74,88,88,83,41,41,31,21,47,25,25,37,63,63,44,34,60,0],"gold":199,"neow_bonus":"TEN_PERCENT_HP_BONUS","is_prod":false,"is_daily":false,"chose_seed":false,"campfire_upgraded":4,"win_rate":0,"timestamp":1537002256,"path_taken":["M","M","$","?","M","R","?","M","T","M","M","M","?","$","R","BOSS","M","$","?","M","?","R","?","$","T","?","?","$","M","M","R","BOSS","M","M","?","$","M","M","R","?","T","M","R","?","M","M","R","BOSS"],"build_version":"2018-09-06","purchased_purges":2,"victory":false,"max_hp_per_floor":[88,88,88,88,88,88,88,88,88,88,88,88,88,88,88,88,88,88,88,88,88,88,88,88,88,88,88,88,88,88,88,88,88,88,88,88,88,88,88,88,88,88,88,88,88,88,88,88,88,88],"card_choices":[{"not_picked":["Intimidate","Blood for Blood","Rupture"],"picked":"SKIP","floor":1},{"not_picked":["Entrench","Carnage"],"picked":"Rage","floor":2},{"not_picked":["Searing Blow","Havoc"],"picked":"Clash","floor":5},{"not_picked":["True Grit","Armaments","Intimidate"],"picked":"SKIP","floor":7},{"not_picked":["Feel No Pain","Perfected Strike"],"picked":"Spot Weakness","floor":8},{"not_picked":["Wild Strike","Warcry"],"picked":"Pommel Strike","floor":10},{"not_picked":["Hemokinesis","Flex"],"picked":"Heavy Blade","floor":11},{"not_picked":["Dual Wield","Clothesline"],"picked":"Anger","floor":12},{"not_picked":["Barricade","Juggernaut"],"picked":"Limit Break","floor":16},{"not_picked":["Shrug It Off","Pummel","True Grit+1"],"picked":"SKIP","floor":18},{"not_picked":["Spot Weakness","Shrug It Off"],"picked":"Headbutt","floor":21},{"not_picked":["Hemokinesis+1","Warcry"],"picked":"Flex","floor":22},{"not_picked":["Feel No Pain","Havoc","Sword Boomerang","Sever Soul"],"picked":"SKIP","floor":30},{"not_picked":["Power Through","Warcry","Twin Strike+1"],"picked":"Inflame+1","floor":31},{"not_picked":["Juggernaut","Berserk","Limit Break"],"picked":"Double Tap","floor":33},{"not_picked":["Reckless Charge","Second Wind","Ghostly Armor"],"picked":"Clash","floor":35},{"not_picked":["Shrug It Off","Body Slam+1","Headbutt+1"],"picked":"Whirlwind","floor":36},{"not_picked":["Sentinel+1","Whirlwind+1","Havoc+1"],"picked":"Clash+1","floor":37},{"not_picked":["Cleave+1","Heavy Blade","Body Slam+1","Evolve+1"],"picked":"SKIP","floor":39},{"not_picked":["True Grit","Iron Wave+1","Battle Trance"],"picked":"Rage","floor":40},{"not_picked":["Shrug It Off","Burning Pact+1","True Grit"],"picked":"Seeing Red+1","floor":42},{"not_picked":["Body Slam","Pommel Strike","Blood for Blood","Carnage"],"picked":"SKIP","floor":44},{"not_picked":["Impervious","Rampage","Fire Breathing+1","Twin Strike+1"],"picked":"SKIP","floor":47},{"not_picked":["Flame Barrier","Sword Boomerang","Thunderclap"],"picked":"Clash+1","floor":48}],"player_experience":145745,"relics_obtained":[{"floor":9,"key":"Centennial Puzzle"},{"floor":26,"key":"Gremlin Horn"},{"floor":28,"key":"Question Card"},{"floor":37,"key":"Pocketwatch"},{"floor":43,"key":"Sundial"}],"event_choices":[{"event_name":"Liars Game","player_choice":"disagreed","floor":4,"damage_taken":0},{"event_name":"Golden Wing","player_choice":"Card Removal","floor":13,"damage_taken":0},{"event_name":"Nest","player_choice":"Stole From Cult","floor":20,"damage_taken":0},{"event_name":"The Library","player_choice":"Read","floor":24,"damage_taken":0},{"event_name":"Purifier","player_choice":"One Purge","floor":27,"damage_taken":0},{"event_name":"MindBloom","player_choice":"Fight","floor":37,"damage_taken":0},{"event_name":"Tomb of Lord Red Mask","player_choice":"Ignored","floor":46,"damage_taken":0}],"is_beta":false,"boss_relics":[{"not_picked":["Coffee Dripper","Astrolabe"],"picked":"Black Blood"},{"not_picked":["Velvet Choker","Runic Pyramid"],"picked":"Empty Cage"}],"items_purged_floors":[14,19],"is_endless":false,"potions_floor_spawned":[1,5,8,11,16,21,30,31,35,39,42,44,47],"killed_by":"Time Eater","ascension_level":0}