{"gold_per_floor":[109,34,34,54,54,88,88,127,127,127,166,166,201,276,276,370,370,383,383,63,63,0,39,64,64,64,104,19,32,48,81,81,171,171,185,185,203,221,554,586,598,285,367,367,386,400,400,420,420,420,420,420,420,11,36,36],"floor_reached":57,"playtime":3784,"items_purged":["Strike_G","Well Laid Plans","Strike_G","Strike_G","Doubt"],"score":3428,"play_id":"6c9fccc0-532b-4d5a-b8cd-27156c8094b2","local_time":"20190302084428","is_ascension_mode":true,"campfire_choices":[{"data":"Neutralize","floor":7.0,"key":"SMITH"},{"data":"Cloak And Dagger","floor":12.0,"key":"SMITH"},{"data":"Bouncing Flask","floor":15.0,"key":"SMITH"},{"data":"Ghostly","floor":25.0,"key":"SMITH"},{"data":"Ghostly","floor":32.0,"key":"SMITH"},{"data":"Ghostly","floor":41.0,"key":"SMITH"},{"data":"Calculated Gamble","floor":44.0,"key":"SMITH"},{"data":"Wraith Form v2","floor":47.0,"key":"SMITH"},{"floor":49.0,"key":"RECALL"},{"data":"Footwork","floor":53.0,"key":"SMITH"}],"neow_cost":"NONE","seed_source_timestamp":83171586019510,"circlet_count":0,"master_deck":["AscendersBane","Defend_G","Defend_G","Defend_G","Defend_G","Defend_G","Strike_G","Strike_G","Survivor","Neutralize+1","Endless Agony","Bouncing Flask+1","Dagger Throw","Cloak And Dagger+1","Deadly Poison","Adrenaline","Dagger Spray","Ghostly+1","Ghostly+1","Ghostly+1","PiercingWail","Footwork","Footwork","Noxious Fumes","Calculated Gamble+1","Corpse Explosion","Wraith Form v2+1","Dodge and Roll","Acrobatics","Doppelganger","Deadly Poison+1","Footwork+1","Bullet Time","Dodge and Roll","Endless Agony"],"special_seed":0,"relics":["Ring of the Snake","NeowsBlessing","Paper Crane","Letter Opener","Snake Skull","Matryoshka","Thread and Needle","Lantern","Runic Pyramid","Membership Card","Vajra","Bronze Scales","Ninja Scroll","Unceasing Top","Dodecahedron","Blood Vial","Cursed Key","MawBank","The Specimen","Orichalcum","Pen Nib","Medical Kit","Dead Branch","Art of War"],"potions_floor_usage":[56,56],"damage_taken":[{"damage":0.0,"enemies":"Small Slimes","floor":1.0,"turns":1.0},{"damage":0.0,"enemies":"2 Louse","floor":4.0,"turns":1.0},{"damage":0.0,"enemies":"3 Sentries","floor":6.0,"turns":1.0},{"damage":7.0,"enemies":"Gremlin Nob","floor":8.0,"turns":3.0},{"damage":0.0,"enemies":"Lagavulin","floor":11.0,"turns":7.0},{"damage":6.0,"enemies":"3 Sentries","floor":13.0,"turns":11.0},{"damage":19.0,"enemies":"Hexaghost","floor":16.0,"turns":8.0},{"damage":0.0,"enemies":"Chosen","floor":18.0,"turns":4.0},{"damage":0.0,"enemies":"Gremlin Leader","floor":23.0,"turns":7.0},{"damage":1.0,"enemies":"3 Byrds","floor":24.0,"turns":4.0},{"damage":2.0,"enemies":"Book of Stabbing","floor":27.0,"turns":5.0},{"damage":0.0,"enemies":"Sentry and Sphere","floor":29.0,"turns":7.0},{"damage":0.0,"enemies":"Chosen and Byrds","floor":30.0,"turns":7.0},{"damage":0.0,"enemies":"Gremlin Leader","floor":31.0,"turns":7.0},{"damage":0.0,"enemies":"Champ","floor":33.0,"turns":13.0},{"damage":0.0,"enemies":"3 Darklings","floor":35.0,"turns":2.0},{"damage":0.0,"enemies":"3 Shapes","floor":37.0,"turns":3.0},{"damage":0.0,"enemies":"Transient","floor":38.0,"turns":6.0},{"damage":0.0,"enemies":"Nemesis","floor":40.0,"turns":7.0},{"damage":0.0,"enemies":"Spire Growth","floor":45.0,"turns":4.0},{"damage":0.0,"enemies":"Sphere and 2 Shapes","floor":46.0,"turns":4.0},{"damage":0.0,"enemies":"Jaw Worm Horde","floor":48.0,"turns":3.0},{"damage":0.0,"enemies":"Awakened One","floor":50.0,"turns":14.0},{"damage":5.0,"enemies":"Donu and Deca","floor":51.0,"turns":8.0},{"damage":0.0,"enemies":"Shield and Spear","floor":55.0,"turns":5.0},{"damage":0,"enemies":"The Heart","floor":56,"turns":10}],"seed_played":"6821973739067295242","potions_obtained":[{"floor":6.0,"key":"SteroidPotion"},{"floor":13.0,"key":"SkillPotion"},{"floor":16.0,"key":"Strength Potion"},{"floor":23.0,"key":"Block Potion"},{"floor":27.0,"key":"Explosive Potion"},{"floor":30.0,"key":"Weak Potion"},{"floor":35.0,"key":"Poison Potion"},{"floor":38.0,"key":"LiquidBronze"}],"is_trial":false,"path_per_floor":["M","$","?","M","?","E","R","E","T","?","E","R","E","?","R","B",null,"M","?","$","?","$","E","M","R","T","E","?","M","M","E","R","B",null,"M","?","M","M","?","E","R","$","T","R","M","M","R","M","R","B","B",null,"R","$","E","B",null],"character_chosen":"THE_SILENT","items_purchased":["Membership Card","PiercingWail","Footwork","The Specimen","Orichalcum","Medical Kit","Dead Branch","Dodge and Roll","Block Potion"],"campfire_rested":0,"item_purchase_floors":[20,20,20,42,42,54,54,54,54],"current_hp_per_floor":[59,59,54,54,54,54,54,47,47,52,52,52,46,35,35,16,53,53,32,32,32,32,32,31,31,31,29,29,29,29,29,29,31,32,32,32,32,32,32,32,32,32,32,32,32,32,32,32,32,32,27,31,31,31,32,32],"gold":36,"neow_bonus":"THREE_ENEMY_KILL","is_prod":false,"is_daily":false,"chose_seed":false,"campfire_upgraded":9,"win_rate":0,"timestamp":1551534268,"path_taken":["M","$","?","M","?","E","R","E","T","?","E","R","E","?","R","BOSS","M","?","$","?","$","E","M","R","T","E","?","?","M","E","R","BOSS","M","?","M","M","?","E","R","$","T","R","M","M","R","M","R","BOSS","BOSS","R","$","E","BOSS"],"build_version":"2019-01-23","purchased_purges":5,"victory":true,"max_hp_per_floor":[66,66,66,66,60,60,60,60,60,65,65,65,65,65,65,65,65,65,32,32,32,32,32,32,32,32,32,32,32,32,32,32,32,32,32,32,32,32,32,32,32,32,32,32,32,32,32,32,32,32,32,32,32,32,32,32],"card_choices":[{"not_picked":["Acrobatics","Caltrops"],"picked":"Well Laid Plans","floor":1.0},{"not_picked":["Blade Dance","Riddle With Holes"],"picked":"Endless Agony","floor":4.0},{"not_picked":["Flying Knee","Prepared"],"picked":"Bouncing Flask","floor":6.0},{"not_picked":["Calculated Gamble","Venomology"],"picked":"Dagger Throw","floor":8.0},{"not_picked":["Deflect","Riddle With Holes"],"picked":"Cloak And Dagger","floor":11.0},{"not_picked":["Dagger Throw","Underhanded Strike"],"picked":"Deadly Poison","floor":13.0},{"not_picked":["Die Die Die","Burst"],"picked":"Adrenaline","floor":16.0},{"not_picked":["Blade Dance","Deadly Poison"],"picked":"Dagger Spray","floor":18.0},{"not_picked":["Bouncing Flask","Unload"],"picked":"Footwork","floor":23.0},{"not_picked":["Sucker Punch","Quick Slash"],"picked":"Noxious Fumes","floor":24.0},{"not_picked":["Terror","Acrobatics+1"],"picked":"Calculated Gamble","floor":27.0},{"not_picked":["Cloak And Dagger","Masterful Stab"],"picked":"Corpse Explosion","floor":29.0},{"not_picked":["Setup+1","Flying Knee","Blur"],"picked":"SKIP","floor":30.0},{"not_picked":["Cloak And Dagger","Escape Plan","Well Laid Plans"],"picked":"SKIP","floor":31.0},{"not_picked":["Venomology","Adrenaline"],"picked":"Wraith Form v2","floor":33.0},{"not_picked":["Heel Hook","Expertise"],"picked":"Dodge and Roll","floor":35.0},{"not_picked":["Underhanded Strike","Acrobatics","Quick Slash"],"picked":"SKIP","floor":37.0},{"not_picked":["Underhanded Strike","Quick Slash"],"picked":"Acrobatics","floor":37.0},{"not_picked":["Choke","Dagger Throw"],"picked":"Doppelganger","floor":38.0},{"not_picked":["Terror","Backstab"],"picked":"Deadly Poison+1","floor":40.0},{"not_picked":["Deadly Poison","Infinite Blades","Masterful Stab"],"picked":"SKIP","floor":45.0},{"not_picked":["Poisoned Stab+1","Setup"],"picked":"Footwork","floor":46.0},{"not_picked":["Underhanded Strike","Cloak And Dagger"],"picked":"Bullet Time","floor":48.0},{"not_picked":["Distraction","Sucker Punch+1"],"picked":"Endless Agony","floor":55.0}],"player_experience":633660,"relics_obtained":[{"floor":6.0,"key":"Letter Opener"},{"floor":8.0,"key":"Snake Skull"},{"floor":9.0,"key":"Matryoshka"},{"floor":11.0,"key":"Thread and Needle"},{"floor":13.0,"key":"Lantern"},{"floor":23.0,"key":"Vajra"},{"floor":26.0,"key":"Bronze Scales"},{"floor":26.0,"key":"Ninja Scroll"},{"floor":27.0,"key":"Unceasing Top"},{"floor":31.0,"key":"Blood Vial"},{"floor":40.0,"key":"MawBank"},{"floor":43.0,"key":"Pen Nib"},{"floor":55.0,"key":"Art of War"}],"event_choices":[{"damage_healed":0.0,"max_hp_gain":0.0,"max_hp_loss":0.0,"gold_gain":0.0,"event_name":"Scrap Ooze","player_choice":"Success","floor":3.0,"gold_loss":0.0,"damage_taken":5.0,"relics_obtained":["Paper Crane"]},{"damage_healed":0.0,"max_hp_gain":0.0,"max_hp_loss":6.0,"gold_gain":0.0,"event_name":"Golden Idol","player_choice":"Lose Max HP","floor":5.0,"gold_loss":0.0,"damage_taken":0.0,"relics_obtained":["Golden Idol"]},{"damage_healed":0.0,"max_hp_gain":5.0,"max_hp_loss":0.0,"gold_gain":0.0,"event_name":"Big Fish","player_choice":"Donut","floor":10.0,"gold_loss":0.0,"damage_taken":0.0},{"damage_healed":0.0,"max_hp_gain":0.0,"max_hp_loss":0.0,"gold_gain":75.0,"event_name":"World of Goop","player_choice":"Gather Gold","floor":14.0,"gold_loss":0.0,"damage_taken":11.0},{"damage_healed":0.0,"max_hp_gain":0.0,"max_hp_loss":33.0,"gold_gain":0.0,"event_name":"Ghosts","player_choice":"Became a Ghost","floor":19.0,"gold_loss":0.0,"damage_taken":0.0,"cards_obtained":["Ghostly","Ghostly","Ghostly"]},{"damage_healed":0.0,"max_hp_gain":0.0,"max_hp_loss":0.0,"gold_gain":0.0,"event_name":"Beggar","player_choice":"Ignored","floor":21.0,"gold_loss":0.0,"damage_taken":0.0},{"damage_healed":0.0,"max_hp_gain":0.0,"max_hp_loss":0.0,"gold_gain":0.0,"event_name":"Addict","player_choice":"Obtained Relic","floor":28.0,"gold_loss":85.0,"damage_taken":0.0,"relics_obtained":["Dodecahedron"]},{"damage_healed":0.0,"max_hp_gain":0.0,"max_hp_loss":0.0,"gold_gain":0.0,"event_name":"Tomb of Lord Red Mask","player_choice":"Ignored","floor":36.0,"gold_loss":0.0,"damage_taken":0.0},{"damage_healed":0.0,"max_hp_gain":0.0,"max_hp_loss":0.0,"gold_gain":333.0,"event_name":"The Moai Head","player_choice":"Gave Idol","floor":39.0,"relics_lost":["Golden Idol"],"gold_loss":0.0,"damage_taken":0.0}],"is_beta":false,"boss_relics":[{"not_picked":["Orrery","Astrolabe"],"picked":"Runic Pyramid"},{"not_picked":["Black Star","Ring of the Serpent"],"picked":"Cursed Key"}],"items_purged_floors":[2,20,22,42,54],"is_endless":false,"potions_floor_spawned":[6,13,16,23,27,30,33,35,37,38,45],"ascension_level":20}