{"gold_per_floor":[111,131,146,158,158,158,184,201,201,211,224,42,57,88,88,162,162,176,97,108,108,108,119,146,146,146,146,181,181,0,0,0,0],"floor_reached":33,"playtime":1203,"items_purged":["Strike_B"],"score":612,"play_id":"62ea57e6-297e-4388-bb9a-1d42c2e96ab0","local_time":"20190131130012","is_ascension_mode":true,"campfire_choices":[{"data":"Beam Cell","floor":6,"key":"SMITH"},{"floor":15,"key":"REST"},{"data":"Echo Form","floor":25,"key":"SMITH"},{"floor":27,"key":"REST"},{"floor":32,"key":"REST"}],"neow_cost":"NONE","seed_source_timestamp":1217138264507627,"circlet_count":0,"master_deck":["AscendersBane","Strike_B+1","Strike_B+1","Defend_B+1","Defend_B+1","Defend_B+1","Defend_B+1","Zap+1","Dualcast","Coolheaded","Beam Cell+1","Conserve Battery","Ball Lightning+1","Machine Learning","Hologram","Ball Lightning","Steam","Loop","Echo Form+1","Electrodynamics","Storm","BootSequence","FTL","Hologram","Capacitor"],"relics":["Cracked Core","Matryoshka","Letter Opener","Singing Bowl","Mummified Hand","Inserter","Juzu Bracelet","Gremlin Horn","Bottled Tornado","Kunai","Dream Catcher","MutagenicStrength"],"potions_floor_usage":[10,14,14,18,24],"damage_taken":[{"damage":7,"enemies":"2 Louse","floor":1,"turns":3},{"damage":0,"enemies":"Cultist","floor":2,"turns":3},{"damage":2,"enemies":"Jaw Worm","floor":3,"turns":3},{"damage":4,"enemies":"Looter","floor":4,"turns":3},{"damage":29,"enemies":"Gremlin Nob","floor":7,"turns":4},{"damage":3,"enemies":"3 Louse","floor":8,"turns":3},{"damage":7,"enemies":"Lots of Slimes","floor":10,"turns":3},{"damage":3,"enemies":"Exordium Wildlife","floor":11,"turns":2},{"damage":0,"enemies":"2 Fungi Beasts","floor":13,"turns":3},{"damage":17,"enemies":"3 Sentries","floor":14,"turns":6},{"damage":18,"enemies":"Hexaghost","floor":16,"turns":7},{"damage":20,"enemies":"Spheric Guardian","floor":18,"turns":5},{"damage":5,"enemies":"3 Byrds","floor":20,"turns":3},{"damage":25,"enemies":"Shelled Parasite and Fungi","floor":23,"turns":4},{"damage":0,"enemies":"Gremlin Leader","floor":24,"turns":4},{"damage":31,"enemies":"Book of Stabbing","floor":28,"turns":5},{"damage":32,"enemies":"Collector","floor":33,"turns":3}],"seed_played":"6490573012594096519","potions_obtained":[{"floor":4,"key":"SpeedPotion"},{"floor":8,"key":"SkillPotion"},{"floor":10,"key":"Regen Potion"},{"floor":13,"key":"SkillPotion"},{"floor":16,"key":"SkillPotion"},{"floor":20,"key":"PowerPotion"}],"is_trial":false,"path_per_floor":["M","M","M","M","?","R","E","M","T","M","M","$","M","E","R","B",null,"M","$","M","?","T","M","E","R","T","R","E","?","?","?","R","B"],"character_chosen":"DEFECT","items_purchased":["Ball Lightning","Steam","Storm"],"campfire_rested":3,"item_purchase_floors":[12,12,19],"current_hp_per_floor":[57,57,55,51,51,51,22,19,19,14,13,13,13,11,33,15,60,42,42,37,37,37,12,12,12,12,35,6,6,6,6,31,0],"gold":0,"neow_bonus":"UPGRADE_CARD","is_prod":false,"is_daily":false,"chose_seed":false,"campfire_upgraded":2,"win_rate":0,"timestamp":1548968412,"path_taken":["M","M","M","M","?","R","E","M","T","M","M","$","?","E","R","BOSS","M","$","M","?","?","M","E","R","T","R","E","?","?","?","R","BOSS"],"build_version":"2019-01-23","purchased_purges":1,"victory":false,"max_hp_per_floor":[71,71,71,71,71,71,71,71,71,73,75,75,75,75,75,75,75,77,77,77,77,77,77,77,77,77,77,79,79,79,79,81,81],"card_choices":[{"not_picked":["Turbo","Doom and Gloom"],"picked":"Coolheaded","floor":1},{"not_picked":["Turbo","Storm"],"picked":"Beam Cell","floor":2},{"not_picked":["Steam","Turbo"],"picked":"Conserve Battery","floor":3},{"not_picked":["Conserve Battery","Rip and Tear"],"picked":"Ball Lightning","floor":4},{"not_picked":["Meteor Strike","Rebound"],"picked":"Machine Learning","floor":7},{"not_picked":["Sweeping Beam","FTL"],"picked":"Hologram","floor":8},{"not_picked":["Tempest","Redo","Melter"],"picked":"Singing Bowl","floor":10},{"not_picked":["Go for the Eyes","Streamline","Redo"],"picked":"Singing Bowl","floor":11},{"not_picked":["Ball Lightning","Conserve Battery"],"picked":"Loop","floor":13},{"not_picked":["Double Energy","Heatsinks"],"picked":"Echo Form","floor":14},{"not_picked":["Rainbow","Hyperbeam"],"picked":"Electrodynamics","floor":16},{"not_picked":["Reinforced Body","Ball Lightning","Rebound+1"],"picked":"Singing Bowl","floor":18},{"not_picked":["Chill","Go for the Eyes"],"picked":"BootSequence","floor":20},{"not_picked":["Lockon+1","Compile Driver"],"picked":"FTL","floor":23},{"not_picked":["Force Field","Ball Lightning"],"picked":"Hologram","floor":24},{"not_picked":["Skim","Beam Cell","Redo"],"picked":"Singing Bowl","floor":28},{"not_picked":["Blizzard","Ball Lightning","Stack"],"picked":"Singing Bowl","floor":32}],"player_experience":608272,"relics_obtained":[{"floor":7,"key":"Matryoshka"},{"floor":9,"key":"Letter Opener"},{"floor":9,"key":"Singing Bowl"},{"floor":14,"key":"Mummified Hand"},{"floor":22,"key":"Juzu Bracelet"},{"floor":22,"key":"Gremlin Horn"},{"floor":24,"key":"Bottled Tornado"},{"floor":26,"key":"Kunai"},{"floor":28,"key":"Dream Catcher"}],"event_choices":[{"damage_healed":0,"gold_gain":0,"player_choice":"Upgraded","damage_taken":0,"max_hp_gain":0,"max_hp_loss":0,"event_name":"Upgrade Shrine","floor":5,"gold_loss":0,"cards_upgraded":["Ball Lightning"]},{"damage_healed":0,"gold_gain":0,"player_choice":"Simplicity","damage_taken":0,"max_hp_gain":0,"max_hp_loss":0,"event_name":"Back to Basics","floor":21,"gold_loss":0,"cards_upgraded":["Strike_B","Strike_B","Strike_B","Defend_B","Defend_B","Defend_B","Defend_B"]},{"damage_healed":0,"gold_gain":0,"player_choice":"Inject Mutagens","damage_taken":0,"relics_obtained":["MutagenicStrength"],"max_hp_gain":0,"max_hp_loss":0,"event_name":"Drug Dealer","floor":29,"gold_loss":0},{"damage_healed":0,"gold_gain":0,"player_choice":"Paid Fearfully","damage_taken":0,"max_hp_gain":0,"max_hp_loss":0,"event_name":"Masked Bandits","floor":30,"gold_loss":181},{"damage_healed":0,"gold_gain":0,"cards_transformed":["Strike_B"],"player_choice":"Transformed","damage_taken":0,"max_hp_gain":0,"max_hp_loss":0,"event_name":"Transmorgrifier","floor":31,"gold_loss":0,"cards_obtained":["Capacitor"]}],"is_beta":false,"boss_relics":[{"not_picked":["Eternal Feather","Lizard Tail"],"picked":"Inserter"}],"items_purged_floors":[12],"is_endless":false,"potions_floor_spawned":[4,8,10,13,16,20],"killed_by":"Collector","ascension_level":18}