{"gold_per_floor":[112,26,26,26,26,26,52,0,79,98,98],"floor_reached":11,"playtime":335,"items_purged":[],"score":135,"play_id":"2b820b00-4148-4a3e-901b-edbe2899c9e6","local_time":"20190115000527","is_ascension_mode":true,"campfire_choices":[{"data":"Deep Breath","floor":6,"key":"SMITH"}],"neow_cost":"NONE","seed_source_timestamp":506955542398616,"circlet_count":0,"master_deck":["AscendersBane","Strike_B","Strike_B","Strike_B","Strike_B","Defend_B","Defend_B","Defend_B","Defend_B","Zap","Dualcast+1","Deep Breath+1","Leap+1","Static Discharge","Regret","Beam Cell","Gash"],"relics":["Cracked Core","Shuriken","StoneCalendar","Cables"],"potions_floor_usage":[],"damage_taken":[{"damage":3,"enemies":"2 Louse","floor":1,"turns":3},{"damage":25,"enemies":"Lagavulin","floor":7,"turns":8},{"damage":0,"enemies":"Small Slimes","floor":10,"turns":2},{"damage":33,"enemies":"Gremlin Nob","floor":11,"turns":3}],"seed_played":"5719528672251462517","potions_obtained":[{"floor":7,"key":"Energy Potion"}],"is_trial":false,"path_per_floor":["M","$","?","?","?","R","E","?","T","M","E"],"character_chosen":"DEFECT","items_purchased":["Static Discharge"],"campfire_rested":0,"item_purchase_floors":[2],"current_hp_per_floor":[61,61,61,61,40,40,15,15,15,15,0],"gold":98,"neow_bonus":"RANDOM_COLORLESS","is_prod":false,"is_daily":false,"chose_seed":false,"campfire_upgraded":1,"win_rate":0,"timestamp":1547528727,"path_taken":["M","$","?","?","?","R","E","?","T","M","E"],"build_version":"2019-01-10","purchased_purges":0,"victory":false,"max_hp_per_floor":[71,71,71,71,71,71,71,71,71,71,71],"card_choices":[{"not_picked":["Turbo","Beam Cell"],"picked":"Leap","floor":1},{"not_picked":["Chaos","Rebound"],"picked":"Beam Cell","floor":7},{"not_picked":["Chill","Cold Snap"],"picked":"Gash","floor":10}],"player_experience":463079,"relics_obtained":[{"floor":7,"key":"StoneCalendar"},{"floor":9,"key":"Cables"}],"event_choices":[{"damage_healed":0,"gold_gain":0,"player_choice":"Leave","damage_taken":0,"max_hp_gain":0,"max_hp_loss":0,"event_name":"The Cleric","floor":3,"gold_loss":0},{"damage_healed":0,"gold_gain":0,"player_choice":"Box","damage_taken":0,"relics_obtained":["Shuriken"],"max_hp_gain":0,"max_hp_loss":0,"event_name":"Big Fish","floor":4,"gold_loss":0,"cards_obtained":["Regret"]},{"damage_healed":0,"gold_gain":0,"player_choice":"Entered Light","damage_taken":21,"max_hp_gain":0,"max_hp_loss":0,"event_name":"Shining Light","floor":5,"gold_loss":0,"cards_upgraded":["Dualcast","Leap"]},{"damage_healed":0,"gold_gain":0,"player_choice":"Left Gold","damage_taken":0,"max_hp_gain":0,"max_hp_loss":0,"event_name":"World of Goop","floor":8,"gold_loss":52}],"is_beta":true,"boss_relics":[],"items_purged_floors":[],"is_endless":false,"potions_floor_spawned":[7],"killed_by":"Gremlin Nob","ascension_level":19}