{"path_per_floor":["M","M","?","M","M","E","R","M","T","M","M","$","?","E","R","B",null,"M","?","$","$","M","E","?","E","T","R","M","M"],"character_chosen":"IRONCLAD","items_purchased":["Vajra","Shrug It Off"],"gold_per_floor":[119,129,129,142,153,188,188,207,231,242,253,32,32,60,60,163,163,163,163,39,39,39,39,39,39,39,39,39,39],"floor_reached":30,"campfire_rested":0,"playtime":2382,"current_hp_per_floor":[88,88,71,72,72,62,62,67,67,53,59,59,59,56,56,23,88,79,79,79,79,77,47,47,43,43,43,25,19],"items_purged":["Strike_R","Strike_R"],"gold":39,"play_id":"617c408c-4e90-411e-b850-05e30655b065","is_prod":false,"is_daily":false,"is_ascension_mode":false,"campfire_upgraded":3,"path_taken":["M","M","?","M","M","E","R","M","T","M","M","$","?","E","R","BOSS","M","?","?","$","M","E","?","E","T","R","M","M","?"],"build_version":"2018-01-25-PROD3","purchased_purges":2,"victory":false,"master_deck":["Strike_R","Defend_R","Defend_R","Defend_R+1","Defend_R+1","Bash+1","Iron Wave","Rampage+1","Metallicize","Headbutt","Dual Wield","Pommel Strike+1","Demon Form","Shockwave+1","Burning Pact","Shrug It Off","Sword Boomerang+1","Dropkick+1","Pommel Strike+1","Searing Blow+1","Armaments+1"],"max_hp_per_floor":[88,88,88,88,88,88,88,88,88,88,88,88,88,88,88,88,88,88,88,88,88,88,88,88,88,88,88,88,88],"relics":["Burning Blood","Oddly Smooth Stone","Molten Egg","Vajra","Centennial Puzzle","Ectoplasm","Prayer Wheel","Paper Frog","Sundial"],"card_choices":[{"not_picked":["Anger","Flex"],"picked":"Iron Wave"},{"not_picked":["Iron Wave","Armaments"],"picked":"Rampage"},{"not_picked":["Sword Boomerang","Flex"],"picked":"Metallicize"},{"not_picked":["Flex","Infernal Blade"],"picked":"Headbutt"},{"not_picked":["Fiend Fire","Fire Breathing"],"picked":"Dual Wield"},{"not_picked":["True Grit","Iron Wave"],"picked":"Pommel Strike"},{"not_picked":["Limit Break","Reaper"],"picked":"Demon Form"},{"not_picked":["Cleave","Warcry"],"picked":"Shockwave"},{"not_picked":["Body Slam","Brutality"],"picked":"Sword Boomerang"},{"not_picked":["Seeing Red","Brutality"],"picked":"Dropkick"},{"not_picked":["Anger","Perfected Strike"],"picked":"Pommel Strike"},{"not_picked":["Clash","Body Slam"],"picked":"Searing Blow"},{"not_picked":["Iron Wave","Disarm"],"picked":"Armaments"}],"player_experience":58618,"potions_floor_usage":[6,14,23,23,23,29,29],"damage_taken":[{"damage":1,"enemies":"Cultist","floor":1,"turns":3},{"damage":4,"enemies":"2 Louse","floor":2,"turns":3},{"damage":5,"enemies":"Jaw Worm","floor":4,"turns":3},{"damage":6,"enemies":"3 Louse","floor":5,"turns":3},{"damage":16,"enemies":"Gremlin Nob","floor":6,"turns":4},{"damage":1,"enemies":"Red Slaver","floor":8,"turns":4},{"damage":20,"enemies":"Exordium Thugs","floor":10,"turns":4},{"damage":0,"enemies":"Large Slime","floor":11,"turns":5},{"damage":21,"enemies":"3 Sentries","floor":14,"turns":6},{"damage":39,"enemies":"Hexaghost","floor":16,"turns":8},{"damage":15,"enemies":"Shell Parasite","floor":18,"turns":6},{"damage":8,"enemies":"Chosen","floor":22,"turns":5},{"damage":36,"enemies":"Slavers","floor":23,"turns":7},{"damage":10,"enemies":"Gremlin Leader","floor":25,"turns":6},{"damage":24,"enemies":"Snake Plant","floor":28,"turns":5},{"damage":12,"enemies":"Slaver and Parasite","floor":29,"turns":3},{"damage":19,"enemies":"Chosen and Byrds","floor":30,"turns":4}],"event_choices":[{"event_name":"Shining Light","player_choice":"Entered Light","floor":3,"damage_taken":0},{"event_name":"Transmorgrifier","player_choice":"Transform","floor":13,"damage_taken":0},{"event_name":"Transmorgrifier","player_choice":"Transform","floor":19,"damage_taken":0},{"event_name":"Purifier","player_choice":"One Purge","floor":24,"damage_taken":0}],"boss_relics":[{"not_picked":["Eternal Feather","Runic Pyramid"],"picked":"Ectoplasm"}],"potions_floor_spawned":[1,5,8,16,22,23,28],"seed_played":"5497082772825979361","killed_by":"Chosen and Byrds","ascension_level":0,"is_trial":false}