{"gold_per_floor":[110,60,60,77,88,88,115,148,225,252,271,297,51,67,67,169,169,189,104,115,115,133,133,161,161,185,212,228,228,278,178,178,273,273,293,303,320,334,354,385,385,417,417,433,81,81,109,126,126,126,126,126,8,41,41],"floor_reached":56,"playtime":4281,"items_purged":["Strike_B","Strike_B","Parasite","Strike_B"],"score":1471,"play_id":"22b23dd7-18c2-427f-9670-01e9383f6c2e","local_time":"20190129011403","is_ascension_mode":true,"campfire_choices":[{"data":"Dualcast","floor":6.0,"key":"SMITH"},{"floor":15.0,"key":"RECALL"},{"data":"Scrape","floor":23.0,"key":"SMITH"},{"floor":25.0,"key":"REST"},{"data":"Coolheaded","floor":32.0,"key":"SMITH"},{"data":"Beam Cell","floor":41.0,"key":"SMITH"},{"data":"Defragment","floor":49.0,"key":"SMITH"},{"data":"Heatsinks","floor":52.0,"key":"SMITH"}],"neow_cost":"NONE","seed_source_timestamp":416779220760319,"circlet_count":0,"master_deck":["Defend_B","Defend_B","Defend_B","Zap+1","Dualcast+1","Hello World","Scrape+1","Heatsinks+1","Steam","Coolheaded+1","Ball Lightning","FTL","Force Field","Leap","Glacier","Self Repair","Capacitor","Reboot","Compile Driver","Coolheaded+1","Beam Cell+1","Hologram+1","Chaos+1","Auto Shields","Seek","Coolheaded+1","Scrape","Steam","White Noise+1","Beam Cell+1","All For One","Defragment+1","Defragment+1","Doom and Gloom","Recycle","Conserve Battery+1"],"special_seed":0,"relics":["Cracked Core","Odd Mushroom","DataDisk","Symbiotic Virus","Mercury Hourglass","Centennial Puzzle","Inserter","Matryoshka","Blue Candle","Dodecahedron","Regal Pillow","Ancient Tea Set","Ice Cream","Cursed Key","Gremlin Horn","Bottled Flame","Toy Ornithopter","Smiling Mask","Art of War"],"potions_floor_usage":[55,55,55],"damage_taken":[{"damage":3.0,"enemies":"Small Slimes","floor":1.0,"turns":2.0},{"damage":7.0,"enemies":"Jaw Worm","floor":4.0,"turns":4.0},{"damage":1.0,"enemies":"Cultist","floor":5.0,"turns":3.0},{"damage":10.0,"enemies":"The Mushroom Lair","floor":7.0,"turns":3.0},{"damage":19.0,"enemies":"Lagavulin","floor":8.0,"turns":6.0},{"damage":10.0,"enemies":"3 Sentries","floor":10.0,"turns":5.0},{"damage":0.0,"enemies":"Exordium Wildlife","floor":11.0,"turns":2.0},{"damage":3.0,"enemies":"Gremlin Nob","floor":12.0,"turns":3.0},{"damage":0.0,"enemies":"3 Louse","floor":14.0,"turns":2.0},{"damage":4.0,"enemies":"Hexaghost","floor":16.0,"turns":11.0},{"damage":0.0,"enemies":"Spheric Guardian","floor":18.0,"turns":3.0},{"damage":0.0,"enemies":"Chosen","floor":20.0,"turns":3.0},{"damage":4.0,"enemies":"Snake Plant","floor":22.0,"turns":4.0},{"damage":28.0,"enemies":"Book of Stabbing","floor":24.0,"turns":6.0},{"damage":25.0,"enemies":"Slavers","floor":27.0,"turns":7.0},{"damage":0.0,"enemies":"Snecko","floor":28.0,"turns":4.0},{"damage":24.0,"enemies":"Automaton","floor":33.0,"turns":9.0},{"damage":0.0,"enemies":"Orb Walker","floor":35.0,"turns":3.0},{"damage":0.0,"enemies":"3 Shapes","floor":36.0,"turns":3.0},{"damage":5.0,"enemies":"3 Darklings","floor":37.0,"turns":7.0},{"damage":0.0,"enemies":"Jaw Worm Horde","floor":38.0,"turns":4.0},{"damage":0.0,"enemies":"Sphere and 2 Shapes","floor":39.0,"turns":4.0},{"damage":11.0,"enemies":"Giant Head","floor":40.0,"turns":7.0},{"damage":22.0,"enemies":"Nemesis","floor":42.0,"turns":6.0},{"damage":0.0,"enemies":"Writhing Mass","floor":44.0,"turns":7.0},{"damage":0.0,"enemies":"Giant Head","floor":47.0,"turns":8.0},{"damage":9.0,"enemies":"3 Darklings","floor":48.0,"turns":4.0},{"damage":21.0,"enemies":"Time Eater","floor":50.0,"turns":10.0},{"damage":30.0,"enemies":"Shield and Spear","floor":54.0,"turns":8.0},{"damage":23,"enemies":"The Heart","floor":55,"turns":10}],"seed_played":"-9206642688794263046","potions_obtained":[{"floor":4.0,"key":"GamblersBrew"},{"floor":5.0,"key":"LiquidBronze"},{"floor":7.0,"key":"SpeedPotion"},{"floor":8.0,"key":"Dexterity Potion"},{"floor":11.0,"key":"Energy Potion"},{"floor":27.0,"key":"Swift Potion"},{"floor":28.0,"key":"Energy Potion"},{"floor":33.0,"key":"Weak Potion"},{"floor":38.0,"key":"Regen Potion"},{"floor":39.0,"key":"FocusPotion"},{"floor":47.0,"key":"LiquidBronze"},{"floor":54.0,"key":"SteroidPotion"}],"is_trial":false,"path_per_floor":["M","?","?","M","M","R","?","E","T","E","M","E","$","M","R","B",null,"M","?","M","T","M","R","E","R","T","E","M","?","?","$","R","B",null,"M","M","M","M","M","E","R","E","T","M","$","?","E","M","R","B",null,"R","$","E","B",null],"character_chosen":"DEFECT","items_purchased":["Leap","Glacier","Self Repair","Defragment","Toy Ornithopter","Recycle"],"campfire_rested":1,"item_purchase_floors":[13,13,13,45,45,53],"current_hp_per_floor":[72,72,75,68,67,67,57,38,38,28,28,25,25,25,25,28,75,75,75,75,75,75,75,54,75,75,57,64,64,64,64,64,47,75,75,75,75,75,75,71,71,56,56,63,63,63,68,68,68,54,68,68,68,45,37],"gold":41,"neow_bonus":"UPGRADE_CARD","is_prod":false,"is_daily":false,"chose_seed":false,"campfire_upgraded":6,"win_rate":0,"timestamp":1548742443,"path_taken":["M","?","?","?","M","R","?","E","T","E","M","E","$","M","R","BOSS","M","?","M","?","M","R","E","R","T","E","M","?","?","$","R","BOSS","M","M","?","M","M","E","R","E","T","M","$","?","E","M","R","BOSS","R","$","E","BOSS"],"build_version":"2019-01-23","purchased_purges":4,"victory":true,"max_hp_per_floor":[75,75,75,75,75,75,75,75,75,75,75,75,75,75,75,75,75,75,75,75,75,75,75,75,75,75,75,75,75,75,75,75,75,75,75,75,75,75,75,75,75,75,75,75,72,68,68,68,68,68,68,68,68,68,68],"card_choices":[{"not_picked":["Barrage","Redo"],"picked":"Hello World","floor":1.0},{"not_picked":["Turbo","Sweeping Beam"],"picked":"Scrape","floor":4.0},{"not_picked":["Conserve Battery","Go for the Eyes"],"picked":"Heatsinks","floor":5.0},{"not_picked":["Beam Cell","Stack"],"picked":"Steam","floor":7.0},{"not_picked":["Fission","Hologram"],"picked":"Coolheaded","floor":8.0},{"not_picked":["Lockon","Reprogram"],"picked":"Ball Lightning","floor":10.0},{"not_picked":["Stack","Hello World"],"picked":"FTL","floor":11.0},{"not_picked":["Doom and Gloom","Streamline"],"picked":"Force Field","floor":12.0},{"not_picked":["Multi-Cast","Beam Cell"],"picked":"Capacitor","floor":14.0},{"not_picked":["Thunder Strike","Fission"],"picked":"Reboot","floor":16.0},{"not_picked":["Auto Shields","Sweeping Beam+1"],"picked":"Compile Driver","floor":18.0},{"not_picked":["Redo","Rebound"],"picked":"Coolheaded+1","floor":20.0},{"not_picked":["Turbo","Reinforced Body"],"picked":"Beam Cell","floor":22.0},{"not_picked":["Ball Lightning","Beam Cell+1"],"picked":"Hologram+1","floor":24.0},{"not_picked":["Turbo","Creative AI"],"picked":"Chaos+1","floor":27.0},{"not_picked":["Melter","Beam Cell"],"picked":"Auto Shields","floor":28.0},{"not_picked":["Hyperbeam","Electrodynamics"],"picked":"Seek","floor":33.0},{"not_picked":["Redo","Hologram"],"picked":"Coolheaded+1","floor":35.0},{"not_picked":["Conserve Battery+1","Streamline"],"picked":"Scrape","floor":36.0},{"not_picked":["Heatsinks","Thunder Strike"],"picked":"Steam","floor":37.0},{"not_picked":["Turbo+1","Sweeping Beam"],"picked":"White Noise+1","floor":38.0},{"not_picked":["Rebound","Sweeping Beam","Turbo"],"picked":"SKIP","floor":39.0},{"not_picked":["Leap+1","Barrage"],"picked":"Beam Cell+1","floor":40.0},{"not_picked":["Force Field","Cold Snap+1"],"picked":"All For One","floor":42.0},{"not_picked":["Turbo+1","Sweeping Beam"],"picked":"Defragment+1","floor":44.0},{"not_picked":["Biased Cognition","Turbo"],"picked":"Doom and Gloom","floor":47.0},{"not_picked":["Barrage","Compile Driver+1","Doom and Gloom"],"picked":"SKIP","floor":48.0},{"not_picked":["Rebound+1","All For One"],"picked":"Conserve Battery+1","floor":54.0}],"player_experience":221289,"relics_obtained":[{"floor":7.0,"key":"Odd Mushroom"},{"floor":8.0,"key":"DataDisk"},{"floor":9.0,"key":"Symbiotic Virus"},{"floor":10.0,"key":"Mercury Hourglass"},{"floor":12.0,"key":"Centennial Puzzle"},{"floor":21.0,"key":"Blue Candle"},{"floor":21.0,"key":"Dodecahedron"},{"floor":24.0,"key":"Regal Pillow"},{"floor":26.0,"key":"Ancient Tea Set"},{"floor":27.0,"key":"Ice Cream"},{"floor":40.0,"key":"Gremlin Horn"},{"floor":42.0,"key":"Bottled Flame"},{"floor":47.0,"key":"Smiling Mask"},{"floor":54.0,"key":"Art of War"}],"event_choices":[{"cards_removed":["Strike_B"],"damage_healed":0.0,"max_hp_gain":0.0,"max_hp_loss":0.0,"gold_gain":0.0,"event_name":"The Cleric","player_choice":"Card Removal","floor":2.0,"gold_loss":50.0,"damage_taken":0.0},{"damage_healed":3.0,"max_hp_gain":0.0,"max_hp_loss":0.0,"gold_gain":0.0,"event_name":"Wheel of Change","player_choice":"Full Heal","floor":3.0,"gold_loss":0.0,"damage_taken":0.0},{"damage_healed":0.0,"max_hp_gain":0.0,"max_hp_loss":0.0,"gold_gain":0.0,"event_name":"Mushrooms","player_choice":"Fought Mushrooms","floor":7.0,"gold_loss":0.0,"damage_taken":0.0},{"damage_healed":0.0,"max_hp_gain":0.0,"max_hp_loss":0.0,"gold_gain":0.0,"event_name":"Addict","player_choice":"Obtained Relic","floor":19.0,"gold_loss":85.0,"damage_taken":0.0,"relics_obtained":["Matryoshka"]},{"cards_removed":["Defend_B"],"damage_healed":0.0,"max_hp_gain":0.0,"max_hp_loss":0.0,"gold_gain":0.0,"event_name":"Back to Basics","player_choice":"Elegance","floor":29.0,"gold_loss":0.0,"damage_taken":0.0},{"damage_healed":0.0,"max_hp_gain":0.0,"max_hp_loss":0.0,"gold_gain":100.0,"event_name":"The Joust","player_choice":"Bet on Murderer","floor":30.0,"gold_loss":50.0,"damage_taken":0.0},{"damage_healed":0.0,"max_hp_gain":0.0,"max_hp_loss":4.0,"gold_gain":0.0,"event_name":"Winding Halls","player_choice":"Max HP","floor":46.0,"gold_loss":0.0,"damage_taken":0.0}],"is_beta":false,"boss_relics":[{"not_picked":["Calling Bell","FrozenCore"],"picked":"Inserter"},{"not_picked":["Black Star","Eternal Feather"],"picked":"Cursed Key"}],"items_purged_floors":[13,31,45,53],"is_endless":false,"potions_floor_spawned":[4,5,7,8,11,20,27,28,33,35,36,38,39,47,54],"ascension_level":4}