{"gold_per_floor":[115,130,141,153,66,95,95,20,20,20,20,55,73,88,88,159,159,130,45,62,75,95,120,120,120,145,145,180,180,180,192,192,192],"floor_reached":33,"playtime":1934,"items_purged":[],"score":750,"play_id":"755f5e0b-7826-4b14-addd-a6aa64c0a51c","local_time":"20190203193504","is_ascension_mode":true,"campfire_choices":[{"data":"Defragment","floor":7,"key":"SMITH"},{"data":"Glacier","floor":10,"key":"SMITH"},{"data":"Echo Form","floor":15,"key":"SMITH"},{"data":"Self Repair","floor":24,"key":"SMITH"},{"floor":27,"key":"REST"},{"data":"Capacitor","floor":32,"key":"SMITH"}],"neow_cost":"NONE","seed_source_timestamp":89437392537300,"circlet_count":0,"master_deck":["AscendersBane","Zap","Dualcast","Rebound","Glacier+1","Conserve Battery","Ball Lightning","Turbo","Rebound","Cold Snap","Skim","Sweeping Beam","Hologram","Defragment+1","Coolheaded","Self Repair+1","Echo Form+1","Capacitor+1","Amplify","Gash","Stack","Shame","Reboot","Decay","Conserve Battery"],"relics":["Pandora\u0027s Box","Kunai","FossilizedHelix","Mango","Cursed Key","Vajra","Mummified Hand","Bronze Scales","Strawberry"],"potions_floor_usage":[16,16,21],"damage_taken":[{"damage":5,"enemies":"2 Louse","floor":1,"turns":3},{"damage":0,"enemies":"Small Slimes","floor":2,"turns":3},{"damage":0,"enemies":"Cultist","floor":3,"turns":2},{"damage":0,"enemies":"Blue Slaver","floor":4,"turns":3},{"damage":17,"enemies":"Gremlin Nob","floor":6,"turns":5},{"damage":0,"enemies":"3 Sentries","floor":12,"turns":13},{"damage":7,"enemies":"3 Louse","floor":13,"turns":2},{"damage":0,"enemies":"Large Slime","floor":14,"turns":5},{"damage":0,"enemies":"Hexaghost","floor":16,"turns":13},{"damage":11,"enemies":"2 Thieves","floor":18,"turns":4},{"damage":0,"enemies":"Spheric Guardian","floor":20,"turns":5},{"damage":27,"enemies":"3 Cultists","floor":21,"turns":6},{"damage":22,"enemies":"Snake Plant","floor":22,"turns":7},{"damage":41,"enemies":"Book of Stabbing","floor":23,"turns":8},{"damage":37,"enemies":"Slavers","floor":28,"turns":5},{"damage":2,"enemies":"Chosen and Byrds","floor":31,"turns":7},{"damage":54,"enemies":"Collector","floor":33,"turns":9}],"seed_played":"-1230538140548280320","potions_obtained":[{"floor":2,"key":"SteroidPotion"},{"floor":12,"key":"PowerPotion"},{"floor":14,"key":"Weak Potion"},{"floor":18,"key":"Fire Potion"},{"floor":23,"key":"Weak Potion"},{"floor":28,"key":"SteroidPotion"}],"is_trial":false,"path_per_floor":["M","M","M","M","$","E","R","?","T","R","?","E","M","M","R","B",null,"M","?","M","M","M","E","R","?","T","R","E","?","T","M","R","B"],"character_chosen":"DEFECT","items_purchased":["Defragment"],"campfire_rested":1,"item_purchase_floors":[5],"current_hp_per_floor":[59,59,59,59,59,42,42,42,42,42,42,63,56,63,63,77,83,85,85,85,72,64,37,37,37,37,62,35,35,42,50,50,0],"gold":192,"neow_bonus":"BOSS_RELIC","is_prod":false,"is_daily":false,"chose_seed":false,"campfire_upgraded":5,"win_rate":0,"timestamp":1549251304,"path_taken":["M","M","M","M","$","E","R","?","T","R","?","E","M","?","R","BOSS","M","?","M","M","M","E","R","?","T","R","E","?","?","M","R","BOSS"],"build_version":"2019-01-23","purchased_purges":0,"victory":false,"max_hp_per_floor":[71,71,71,71,71,71,71,71,71,71,71,85,85,85,85,85,85,85,85,85,85,85,85,85,85,85,85,85,85,92,92,92,92],"card_choices":[{"not_picked":["Sweeping Beam","Ball Lightning"],"picked":"Cold Snap","floor":1},{"not_picked":["Aggregate","Heatsinks"],"picked":"Skim","floor":2},{"not_picked":["Turbo","Streamline"],"picked":"Sweeping Beam","floor":3},{"not_picked":["Streamline","Stack"],"picked":"Hologram","floor":4},{"not_picked":["Streamline","Storm"],"picked":"Coolheaded","floor":6},{"not_picked":["Beam Cell","Hologram","Go for the Eyes"],"picked":"SKIP","floor":12},{"not_picked":["Redo","Beam Cell"],"picked":"Echo Form","floor":13},{"not_picked":["Sweeping Beam","Redo"],"picked":"Capacitor","floor":14},{"not_picked":["Rainbow","Core Surge"],"picked":"Amplify","floor":16},{"not_picked":["Conserve Battery","Cold Snap"],"picked":"Gash","floor":18},{"not_picked":["Steam","Compile Driver","Beam Cell"],"picked":"SKIP","floor":20},{"not_picked":["Steam","Beam Cell","Stack+1"],"picked":"SKIP","floor":21},{"not_picked":["Conserve Battery","Go for the Eyes","Leap"],"picked":"SKIP","floor":22},{"not_picked":["Steam Power","Genetic Algorithm"],"picked":"Stack","floor":23},{"not_picked":["FTL","Coolheaded"],"picked":"Reboot","floor":28},{"not_picked":["Scrape","Beam Cell"],"picked":"Conserve Battery","floor":31}],"player_experience":615582,"relics_obtained":[{"floor":6,"key":"Kunai"},{"floor":9,"key":"FossilizedHelix"},{"floor":12,"key":"Mango"},{"floor":23,"key":"Mummified Hand"},{"floor":28,"key":"Bronze Scales"},{"floor":30,"key":"Strawberry"}],"event_choices":[{"cards_removed":["Melter"],"damage_healed":0,"gold_gain":0,"player_choice":"Card Removal","damage_taken":0,"max_hp_gain":0,"max_hp_loss":0,"event_name":"The Cleric","floor":8,"gold_loss":75},{"damage_healed":0,"gold_gain":0,"cards_transformed":["Double Energy"],"player_choice":"Transformed","damage_taken":0,"max_hp_gain":0,"max_hp_loss":0,"event_name":"Transmorgrifier","floor":11,"gold_loss":0,"cards_obtained":["Self Repair"]},{"damage_healed":0,"gold_gain":0,"player_choice":"Obtained Relic","damage_taken":0,"relics_obtained":["Vajra"],"max_hp_gain":0,"max_hp_loss":0,"event_name":"Addict","floor":19,"gold_loss":85},{"damage_healed":0,"gold_gain":0,"player_choice":"Ignored","damage_taken":0,"max_hp_gain":0,"max_hp_loss":0,"event_name":"Ghosts","floor":25,"gold_loss":0},{"damage_healed":0,"gold_gain":0,"player_choice":"Ignored","damage_taken":0,"max_hp_gain":0,"max_hp_loss":0,"event_name":"Vampires","floor":29,"gold_loss":0}],"is_beta":false,"boss_relics":[{"not_picked":["Eternal Feather","Busted Crown"],"picked":"Cursed Key"}],"items_purged_floors":[],"is_endless":false,"potions_floor_spawned":[2,12,14,18,23,28],"killed_by":"Collector","ascension_level":19}