{"gold_per_floor":[114,74,88,88,88,121,121,135,135,170,170,189,189,189,189,290,290,303,315,315,345,356,356,386,386,413,413,446,457,482,499,499,499],"floor_reached":33,"playtime":1903,"items_purged":[],"score":406,"play_id":"2f28528c-6f40-4bcf-9297-3d8d49b3413e","local_time":"20190120022951","is_ascension_mode":true,"campfire_choices":[{"floor":7,"key":"REST"},{"data":"After Image","floor":11,"key":"SMITH"},{"data":"Neutralize","floor":13,"key":"SMITH"},{"data":"Cloak And Dagger","floor":15,"key":"SMITH"},{"data":"After Image","floor":23,"key":"SMITH"},{"floor":27,"key":"REST"},{"data":"Night Terror","floor":32,"key":"SMITH"}],"neow_cost":"PERCENT_DAMAGE","seed_source_timestamp":812813117739600,"circlet_count":0,"master_deck":["Survivor","Neutralize+1","After Image+1","Blade Dance","Dagger Spray","Cloak And Dagger+1","Poisoned Stab","Choke","Poisoned Stab","Die Die Die","After Image+1","Envenom","Quick Slash","Venomology","Tactician","Prepared","Footwork","Venomology","Finisher","PiercingWail","Calculated Gamble","Noxious Fumes+1","Blade Dance","Burst","Night Terror+1","Infinite Blades","Blade Dance+1","PiercingWail"],"relics":["Ring of the Snake","Ninja Scroll","Meat on the Bone","Gambling Chip","Letter Opener","Pandora\u0027s Box","MutagenicStrength","Red Mask","Lantern","FaceOfCleric","PreservedInsect","FossilizedHelix","Juzu Bracelet"],"potions_floor_usage":[2,6,16,19,22,22,24,24,29,30,33,33],"damage_taken":[{"damage":0,"enemies":"2 Louse","floor":1,"turns":3},{"damage":1,"enemies":"Cultist","floor":3,"turns":4},{"damage":50,"enemies":"Gremlin Nob","floor":6,"turns":5},{"damage":0,"enemies":"Small Slimes","floor":8,"turns":3},{"damage":18,"enemies":"Lagavulin","floor":10,"turns":7},{"damage":7,"enemies":"Looter","floor":12,"turns":2},{"damage":4,"enemies":"Hexaghost","floor":16,"turns":8},{"damage":3,"enemies":"Chosen","floor":18,"turns":3},{"damage":12,"enemies":"Spheric Guardian","floor":19,"turns":6},{"damage":13,"enemies":"Masked Bandits","floor":21,"turns":3},{"damage":20,"enemies":"Centurion and Healer","floor":22,"turns":6},{"damage":43,"enemies":"Gremlin Leader","floor":24,"turns":5},{"damage":0,"enemies":"Slavers","floor":28,"turns":3},{"damage":0,"enemies":"Cultist and Chosen","floor":29,"turns":4},{"damage":12,"enemies":"Gremlin Leader","floor":30,"turns":6},{"damage":0,"enemies":"Snecko","floor":31,"turns":7},{"damage":61,"enemies":"Collector","floor":33,"turns":6}],"seed_played":"7455992798226563581","potions_obtained":[{"floor":2,"key":"GamblersBrew"},{"floor":2,"key":"SkillPotion"},{"floor":2,"key":"Fruit Juice"},{"floor":10,"key":"PowerPotion"},{"floor":12,"key":"Block Potion"},{"floor":16,"key":"Regen Potion"},{"floor":21,"key":"Explosive Potion"},{"floor":28,"key":"Fire Potion"}],"is_trial":false,"path_per_floor":["M","?","M","?","?","E","R","M","T","E","R","M","R","?","R","B",null,"M","M","?","?","M","R","E","?","T","R","E","M","E","M","R","B"],"character_chosen":"THE_SILENT","items_purchased":[],"campfire_rested":2,"item_purchase_floors":[],"current_hp_per_floor":[49,54,53,58,58,8,32,32,32,26,26,31,31,31,31,39,80,77,65,65,52,46,46,15,15,15,39,52,53,54,55,55,0],"gold":499,"neow_bonus":"THREE_RARE_CARDS","is_prod":false,"is_daily":false,"chose_seed":false,"campfire_upgraded":5,"win_rate":0,"timestamp":1547980191,"path_taken":["M","?","?","?","?","E","R","M","T","E","R","M","R","?","R","BOSS","M","?","?","?","M","R","E","?","T","R","E","?","E","M","R","BOSS"],"build_version":"2019-01-17v2","purchased_purges":0,"victory":false,"max_hp_per_floor":[70,75,75,80,80,80,80,80,80,80,80,80,80,80,80,80,80,80,80,80,80,80,80,80,80,80,80,81,82,83,84,84,84],"card_choices":[{"not_picked":["Wraith Form v2","Tools of the Trade"],"picked":"After Image","floor":0},{"not_picked":["Acrobatics","Dagger Spray"],"picked":"Blade Dance","floor":1},{"not_picked":["Acrobatics","Flechettes"],"picked":"Dagger Spray","floor":3},{"not_picked":["Expertise","Dodge and Roll"],"picked":"Cloak And Dagger","floor":6},{"not_picked":["Bouncing Flask","Blur"],"picked":"Poisoned Stab","floor":8},{"not_picked":["Distraction","Dagger Spray"],"picked":"Choke","floor":10},{"not_picked":["Acrobatics","Concentrate"],"picked":"Poisoned Stab","floor":12},{"not_picked":["Doppelganger","Phantasmal Killer"],"picked":"Die Die Die","floor":16},{"not_picked":["Slice","Sucker Punch"],"picked":"Calculated Gamble","floor":18},{"not_picked":["Well Laid Plans","Dagger Throw"],"picked":"Noxious Fumes+1","floor":19},{"not_picked":["Underhanded Strike+1","Quick Slash+1"],"picked":"Blade Dance","floor":22},{"not_picked":["Phantasmal Killer","Calculated Gamble+1"],"picked":"Burst","floor":24},{"not_picked":["Catalyst","Expertise"],"picked":"Night Terror","floor":28},{"not_picked":["Poisoned Stab+1","Leg Sweep+1"],"picked":"Infinite Blades","floor":29},{"not_picked":["Prepared","Quick Slash"],"picked":"Blade Dance+1","floor":30},{"not_picked":["Masterful Stab","Eviscerate+1"],"picked":"PiercingWail","floor":31}],"player_experience":565450,"relics_obtained":[{"floor":6,"key":"Ninja Scroll"},{"floor":9,"key":"Meat on the Bone"},{"floor":10,"key":"Gambling Chip"},{"floor":21,"key":"Red Mask"},{"floor":24,"key":"Lantern"},{"floor":26,"key":"PreservedInsect"},{"floor":28,"key":"FossilizedHelix"},{"floor":30,"key":"Juzu Bracelet"}],"event_choices":[{"damage_healed":0,"gold_gain":0,"player_choice":"Bought 3 Potions","damage_taken":0,"max_hp_gain":0,"max_hp_loss":0,"event_name":"The Woman in Blue","floor":2,"gold_loss":0},{"damage_healed":0,"gold_gain":0,"player_choice":"Donut","damage_taken":0,"max_hp_gain":5,"max_hp_loss":0,"event_name":"Big Fish","floor":4,"gold_loss":0},{"damage_healed":0,"gold_gain":0,"player_choice":"Ignored","damage_taken":0,"max_hp_gain":0,"max_hp_loss":0,"event_name":"Liars Game","floor":5,"gold_loss":0},{"damage_healed":0,"gold_gain":0,"player_choice":"Gave Potion","damage_taken":0,"relics_obtained":["Letter Opener"],"max_hp_gain":0,"max_hp_loss":0,"event_name":"WeMeetAgain","floor":14,"gold_loss":0},{"damage_healed":0,"gold_gain":0,"player_choice":"Inject Mutagens","damage_taken":0,"relics_obtained":["MutagenicStrength"],"max_hp_gain":0,"max_hp_loss":0,"event_name":"Drug Dealer","floor":20,"gold_loss":0},{"damage_healed":0,"gold_gain":0,"player_choice":"Fought Bandits","damage_taken":0,"max_hp_gain":0,"max_hp_loss":0,"event_name":"Masked Bandits","floor":21,"gold_loss":0},{"damage_healed":0,"gold_gain":0,"player_choice":"Trade","damage_taken":0,"relics_obtained":["FaceOfCleric"],"max_hp_gain":0,"max_hp_loss":0,"event_name":"FaceTrader","floor":25,"gold_loss":0}],"is_beta":false,"boss_relics":[{"not_picked":["Philosopher\u0027s Stone","White Beast Statue"],"picked":"Pandora\u0027s Box"}],"items_purged_floors":[],"is_endless":false,"potions_floor_spawned":[10,12,16,19,21,28],"killed_by":"Collector","ascension_level":4}