{"gold_per_floor":[111,186,199,199,211,211,226,226,280,130,142,167,10,26,26,99,99,99,39,39,39],"floor_reached":21,"playtime":927,"items_purged":["Strike_G"],"score":366,"play_id":"08ecad42-d8de-4f23-9476-cffd2d3c4630","local_time":"20190304203818","is_ascension_mode":true,"campfire_choices":[{"floor":6.0,"key":"REST"},{"floor":8.0,"key":"REST"},{"data":"Noxious Fumes","floor":15.0,"key":"SMITH"}],"neow_cost":"NONE","seed_source_timestamp":0,"circlet_count":0,"master_deck":["AscendersBane","Defend_G","Defend_G","Defend_G","Defend_G","Strike_G","Strike_G","Survivor","Neutralize","Predator+1","Blade Dance+1","PiercingWail","Noxious Fumes+1","Doppelganger","Cloak And Dagger","Cloak And Dagger","Backstab+1"],"special_seed":0,"relics":["Astrolabe","Regal Pillow","PreservedInsect","Orichalcum","Ectoplasm"],"potions_floor_usage":[19,21,21],"damage_taken":[{"damage":2.0,"enemies":"Jaw Worm","floor":1.0,"turns":3.0},{"damage":3.0,"enemies":"Small Slimes","floor":3.0,"turns":3.0},{"damage":7.0,"enemies":"2 Louse","floor":5.0,"turns":3.0},{"damage":7.0,"enemies":"Large Slime","floor":7.0,"turns":5.0},{"damage":2.0,"enemies":"Lots of Slimes","floor":11.0,"turns":5.0},{"damage":17.0,"enemies":"Lagavulin","floor":12.0,"turns":5.0},{"damage":13.0,"enemies":"Exordium Wildlife","floor":14.0,"turns":4.0},{"damage":24.0,"enemies":"The Guardian","floor":16.0,"turns":14.0},{"damage":14,"enemies":"Spheric Guardian","floor":18,"turns":6},{"damage":9,"enemies":"2 Thieves","floor":19,"turns":4},{"damage":19,"enemies":"Sentry and Sphere","floor":20,"turns":6},{"damage":20,"enemies":"Cultist and Chosen","floor":21,"turns":7}],"seed_played":"-9095588764054456466","potions_obtained":[{"floor":1.0,"key":"SpeedPotion"},{"floor":3.0,"key":"FearPotion"},{"floor":7.0,"key":"GhostInAJar"},{"floor":14.0,"key":"Regen Potion"},{"floor":18,"key":"Poison Potion"},{"floor":19,"key":"GhostInAJar"},{"floor":20,"key":"SpeedPotion"}],"is_trial":false,"path_per_floor":["M","?","M","?","M","R","M","R","T","$","M","E","$","M","R","B",null,"M","M","M","M"],"character_chosen":"THE_SILENT","items_purchased":["Noxious Fumes","Orichalcum"],"campfire_rested":2,"item_purchase_floors":[10,13],"current_hp_per_floor":[57,46,43,36,29,48,41,60,60,60,58,41,41,28,28,19,54,40,31,12,0],"gold":39,"neow_bonus":"BOSS_RELIC","is_prod":false,"is_daily":false,"chose_seed":false,"campfire_upgraded":1,"win_rate":0,"timestamp":1551760698,"path_taken":["M","?","M","?","M","R","M","R","T","$","M","E","$","M","R","BOSS","M","M","M","M"],"build_version":"2019-01-23","purchased_purges":1,"victory":false,"max_hp_per_floor":[66,66,66,66,66,66,66,66,66,66,66,66,66,66,66,66,66,66,66,66,66],"card_choices":[{"not_picked":["Tactician","Choke","Outmaneuver"],"picked":"SKIP","floor":1.0},{"not_picked":["Deflect","Underhanded Strike","Dagger Spray"],"picked":"SKIP","floor":3.0},{"not_picked":["Outmaneuver","Distraction"],"picked":"PiercingWail","floor":5.0},{"not_picked":["Tactician","Flechettes","Eviscerate"],"picked":"SKIP","floor":7.0},{"not_picked":["Heel Hook","Quick Slash","Bane"],"picked":"SKIP","floor":11.0},{"not_picked":["Masterful Stab","Finisher","PiercingWail"],"picked":"SKIP","floor":12.0},{"not_picked":["Dagger Throw","Flying Knee","Sucker Punch"],"picked":"SKIP","floor":14.0},{"not_picked":["Grand Finale","Unload"],"picked":"Doppelganger","floor":16.0},{"not_picked":["Reflex","Riddle With Holes+1"],"picked":"Cloak And Dagger","floor":18},{"not_picked":["Escape Plan+1","Sucker Punch"],"picked":"Cloak And Dagger","floor":19},{"not_picked":["PiercingWail","Dash"],"picked":"Backstab+1","floor":20}],"player_experience":735832,"relics_obtained":[{"floor":9.0,"key":"Regal Pillow"},{"floor":12.0,"key":"PreservedInsect"}],"event_choices":[{"damage_healed":0.0,"max_hp_gain":0.0,"max_hp_loss":0.0,"gold_gain":75.0,"event_name":"World of Goop","player_choice":"Gather Gold","floor":2.0,"gold_loss":0.0,"damage_taken":11.0},{"cards_removed":["Outmaneuver"],"damage_healed":0.0,"max_hp_gain":0.0,"max_hp_loss":0.0,"gold_gain":0.0,"event_name":"Golden Wing","player_choice":"Card Removal","floor":4.0,"gold_loss":0.0,"damage_taken":7.0}],"is_beta":false,"boss_relics":[{"not_picked":["Black Star","Empty Cage"],"picked":"Ectoplasm"}],"items_purged_floors":[10],"is_endless":false,"potions_floor_spawned":[1,3,7,14,18,19,20],"killed_by":"Cultist and Chosen","ascension_level":20}