{"gold_per_floor":[112,26,26,26,41,73,73,90,90,101,116,142,142],"floor_reached":13,"playtime":333,"items_purged":[],"score":228,"play_id":"6e367efd-1c56-4d8e-a57b-eb7d4e06f43c","local_time":"20190122014851","is_ascension_mode":true,"campfire_choices":[{"data":"Zap","floor":7,"key":"SMITH"}],"neow_cost":"NONE","seed_source_timestamp":984723850973300,"circlet_count":0,"master_deck":["AscendersBane","Strike_B","Strike_B","Strike_B","Defend_B","Defend_B","Defend_B","Defend_B","Zap+1","Dualcast","Sweeping Beam","Storm","Capacitor","Ball Lightning","Coolheaded","Force Field","Heatsinks","Consume"],"relics":["Cracked Core","NeowsBlessing","Symbiotic Virus","Question Card","Bottled Tornado"],"potions_floor_usage":[8,13,13],"damage_taken":[{"damage":0,"enemies":"Cultist","floor":1,"turns":1},{"damage":0,"enemies":"2 Louse","floor":5,"turns":1},{"damage":0,"enemies":"Gremlin Nob","floor":6,"turns":1},{"damage":0,"enemies":"Small Slimes","floor":8,"turns":2},{"damage":13,"enemies":"Red Slaver","floor":10,"turns":3},{"damage":7,"enemies":"Large Slime","floor":11,"turns":3},{"damage":14,"enemies":"Lagavulin","floor":12,"turns":6},{"damage":33,"enemies":"Exordium Thugs","floor":13,"turns":3}],"seed_played":"2609984595589792060","potions_obtained":[{"floor":5,"key":"FocusPotion"},{"floor":6,"key":"Swift Potion"},{"floor":10,"key":"Ancient Potion"}],"is_trial":false,"path_per_floor":["M","$","?","?","M","E","R","M","T","M","M","E","M"],"character_chosen":"DEFECT","items_purchased":["Storm"],"campfire_rested":0,"item_purchase_floors":[2],"current_hp_per_floor":[64,64,64,64,64,64,64,64,64,51,44,30,0],"gold":142,"neow_bonus":"THREE_ENEMY_KILL","is_prod":false,"is_daily":false,"chose_seed":false,"campfire_upgraded":1,"win_rate":0,"timestamp":1548150531,"path_taken":["M","$","?","?","M","E","R","M","T","M","?","E","M"],"build_version":"2019-01-17v2","purchased_purges":0,"victory":false,"max_hp_per_floor":[71,71,71,71,71,71,71,71,71,71,71,71,71],"card_choices":[{"not_picked":["Recycle","Barrage"],"picked":"Sweeping Beam","floor":1},{"not_picked":["Undo","Recycle"],"picked":"Capacitor","floor":5},{"not_picked":["Barrage","Skim"],"picked":"Ball Lightning","floor":6},{"not_picked":["Skim","Ball Lightning"],"picked":"Coolheaded","floor":8},{"not_picked":["Stack","Turbo","Scrape"],"picked":"Force Field","floor":10},{"not_picked":["Loop","Skim","Gash"],"picked":"Heatsinks","floor":11},{"not_picked":["Sweeping Beam","Coolheaded","Beam Cell"],"picked":"Consume","floor":12}],"player_experience":580767,"relics_obtained":[{"floor":6,"key":"Symbiotic Virus"},{"floor":9,"key":"Question Card"},{"floor":12,"key":"Bottled Tornado"}],"event_choices":[{"damage_healed":0,"gold_gain":0,"player_choice":"Ignored","damage_taken":0,"max_hp_gain":0,"max_hp_loss":0,"event_name":"Liars Game","floor":3,"gold_loss":0},{"cards_removed":["Strike_B"],"damage_healed":0,"gold_gain":0,"player_choice":"Offered Basic","damage_taken":0,"max_hp_gain":0,"max_hp_loss":0,"event_name":"Bonfire Elementals","floor":4,"gold_loss":0}],"is_beta":false,"boss_relics":[],"items_purged_floors":[],"is_endless":false,"potions_floor_spawned":[5,6,10],"killed_by":"Exordium Thugs","ascension_level":18}