{"gold_per_floor":[118,118,118,134,153,184,184,210,210,210,223,241,275,201,201,201],"floor_reached":16,"playtime":411,"items_purged":[],"score":120,"play_id":"572aec7e-6a05-4c07-86d4-2665541b96d8","local_time":"20181218075252","is_ascension_mode":false,"campfire_choices":[{"floor":7,"key":"REST"},{"data":"Thunderclap","floor":10,"key":"SMITH"},{"data":"Offering","floor":15,"key":"SMITH"}],"neow_cost":"NONE","seed_source_timestamp":444703456770721,"circlet_count":0,"master_deck":["Strike_R","Strike_R","Strike_R","Strike_R","Strike_R","Defend_R","Defend_R","Defend_R","Defend_R","Bash","Anger","Seeing Red","Flex","Thunderclap+1","Anger","Clash","Offering+1"],"special_seed":0,"relics":["Burning Blood","NeowsBlessing","Dodecahedron","Ice Cream","Turnip","Oddly Smooth Stone","Juzu Bracelet"],"potions_floor_usage":[12,13],"damage_taken":[{"damage":0.0,"enemies":"Cultist","floor":1.0,"turns":1.0},{"damage":0.0,"enemies":"Small Slimes","floor":4.0,"turns":1.0},{"damage":0.0,"enemies":"Jaw Worm","floor":5.0,"turns":1.0},{"damage":38,"enemies":"3 Sentries","floor":6,"turns":9},{"damage":20,"enemies":"Gremlin Nob","floor":8,"turns":4},{"damage":7,"enemies":"Blue Slaver","floor":11,"turns":2},{"damage":0,"enemies":"Large Slime","floor":12,"turns":3},{"damage":7,"enemies":"Lagavulin","floor":13,"turns":5},{"damage":69,"enemies":"The Guardian","floor":16,"turns":8}],"seed_played":"2553515448375393706","potions_obtained":[{"floor":6,"key":"Dexterity Potion"},{"floor":11,"key":"Explosive Potion"},{"floor":12,"key":"Weak Potion"}],"is_trial":false,"path_per_floor":["M","T","?","M","M","E","R","E","T","R","M","M","E","$","R","B"],"character_chosen":"IRONCLAD","items_purchased":["Offering"],"campfire_rested":1,"item_purchase_floors":[14],"current_hp_per_floor":[80,80,85,85,85,53,78,64,64,64,63,69,68,68,68,0],"gold":201,"neow_bonus":"THREE_ENEMY_KILL","is_prod":false,"is_daily":false,"chose_seed":false,"campfire_upgraded":2,"win_rate":0,"timestamp":1545137572,"path_taken":["M","?","?","M","M","E","R","E","T","R","M","M","E","$","R","BOSS"],"build_version":"2018-12-13","purchased_purges":0,"victory":false,"max_hp_per_floor":[80,80,85,85,85,85,85,85,85,85,85,85,85,85,85,85],"card_choices":[{"not_picked":["Warcry","Carnage"],"picked":"Anger","floor":1.0},{"not_picked":["Clothesline","Entrench"],"picked":"Seeing Red","floor":4.0},{"not_picked":["Iron Wave","Second Wind"],"picked":"Flex","floor":5.0},{"not_picked":["Shrug It Off","Perfected Strike","Power Through"],"picked":"SKIP","floor":6},{"not_picked":["Burning Pact","Hemokinesis"],"picked":"Thunderclap","floor":8},{"not_picked":["Havoc","Infernal Blade"],"picked":"Anger","floor":11},{"not_picked":["Wild Strike","Anger"],"picked":"Clash","floor":12},{"not_picked":["Headbutt","Uppercut","Body Slam"],"picked":"SKIP","floor":13}],"player_experience":324926,"relics_obtained":[{"floor":2.0,"key":"Dodecahedron"},{"floor":6,"key":"Ice Cream"},{"floor":8,"key":"Turnip"},{"floor":9,"key":"Oddly Smooth Stone"},{"floor":13,"key":"Juzu Bracelet"}],"event_choices":[{"damage_healed":0.0,"max_hp_gain":5.0,"max_hp_loss":0.0,"gold_gain":0.0,"event_name":"Big Fish","player_choice":"Donut","floor":3.0,"gold_loss":0.0,"damage_taken":0.0}],"is_beta":false,"boss_relics":[],"items_purged_floors":[],"is_endless":false,"potions_floor_spawned":[6,11,12],"killed_by":"The Guardian","ascension_level":0}