{"gold_per_floor":[117,128,142,157,122,148,148,180,252,252,282,299,299,326,326,426,426,408,508,607,607,620,620,620,620,620,653,667,700,700,716,716,817,817,835,835,849,864,864,897,528,528,528,563,581,593,593,350,350,350,350,350,34,60,60],"floor_reached":56,"playtime":2921,"items_purged":["Defend_B","Defend_B","Strike_B"],"score":1322,"play_id":"4116d317-139d-4b67-bfda-ca3cdabe5860","local_time":"20190223213801","is_ascension_mode":true,"campfire_choices":[{"data":"Defragment","floor":7,"key":"SMITH"},{"floor":10,"key":"REST"},{"data":"Static Discharge","floor":13,"key":"SMITH"},{"data":"Echo Form","floor":15,"key":"SMITH"},{"floor":23,"key":"REST"},{"floor":25,"key":"RECALL"},{"data":"Defragment","floor":30,"key":"SMITH"},{"floor":32,"key":"REST"},{"floor":49,"key":"REST"},{"data":"Rainbow","floor":52,"key":"SMITH"}],"neow_cost":"NONE","seed_source_timestamp":784759516761093,"circlet_count":0,"master_deck":["Strike_B","Defend_B+1","Defend_B","Zap+1","Dualcast","Cold Snap","Auto Shields","Redo","Defragment+1","Conserve Battery+1","Echo Form+1","Beam Cell","Static Discharge+1","Loop","Coolheaded","Cold Snap+1","Defragment+1","Loop","Electrodynamics+1","Undo","Rainbow+1","Darkness+1","Conserve Battery+1","Finesse","Reinforced Body"],"relics":["Cracked Core","Regal Pillow","Incense Burner","Bottled Flame","Omamori","FossilizedHelix","Inserter","Gambling Chip","Pear","Bottled Tornado","War Paint","Mercury Hourglass","Sozu","Boot","Membership Card","Cables","Gremlin Horn","Oddly Smooth Stone","Letter Opener","Anchor","ClockworkSouvenir","Centennial Puzzle","Art of War"],"potions_floor_usage":[19,19,45,55,55],"damage_taken":[{"damage":0,"enemies":"Small Slimes","floor":1,"turns":2},{"damage":12,"enemies":"2 Louse","floor":2,"turns":2},{"damage":6,"enemies":"Jaw Worm","floor":3,"turns":4},{"damage":1,"enemies":"2 Fungi Beasts","floor":4,"turns":3},{"damage":19,"enemies":"Lagavulin","floor":6,"turns":7},{"damage":15,"enemies":"3 Sentries","floor":8,"turns":9},{"damage":20,"enemies":"Lagavulin","floor":11,"turns":6},{"damage":2,"enemies":"Red Slaver","floor":12,"turns":3},{"damage":12,"enemies":"Gremlin Nob","floor":14,"turns":4},{"damage":12,"enemies":"Hexaghost","floor":16,"turns":8},{"damage":16,"enemies":"2 Thieves","floor":18,"turns":5},{"damage":1,"enemies":"Colosseum Slavers","floor":19,"turns":5},{"damage":23,"enemies":"Colosseum Nobs","floor":19,"turns":6},{"damage":12,"enemies":"Spheric Guardian","floor":22,"turns":4},{"damage":15,"enemies":"Slavers","floor":27,"turns":3},{"damage":9,"enemies":"3 Cultists","floor":28,"turns":6},{"damage":5,"enemies":"Book of Stabbing","floor":29,"turns":6},{"damage":8,"enemies":"Snake Plant","floor":31,"turns":4},{"damage":50,"enemies":"Collector","floor":33,"turns":7},{"damage":11,"enemies":"3 Darklings","floor":35,"turns":3},{"damage":0,"enemies":"3 Shapes","floor":37,"turns":2},{"damage":0,"enemies":"Transient","floor":38,"turns":5},{"damage":1,"enemies":"Giant Head","floor":40,"turns":8},{"damage":0,"enemies":"Nemesis","floor":44,"turns":7},{"damage":18,"enemies":"Writhing Mass","floor":45,"turns":4},{"damage":0,"enemies":"4 Shapes","floor":46,"turns":5},{"damage":41,"enemies":"Awakened One","floor":50,"turns":9},{"damage":11,"enemies":"Shield and Spear","floor":54,"turns":4},{"damage":31,"enemies":"The Heart","floor":55,"turns":11}],"seed_played":"8064819092623217925","potions_obtained":[{"floor":2,"key":"FearPotion"},{"floor":3,"key":"EssenceOfSteel"},{"floor":11,"key":"Dexterity Potion"},{"floor":16,"key":"Weak Potion"},{"floor":19,"key":"EssenceOfSteel"},{"floor":29,"key":"Fire Potion"},{"floor":31,"key":"PowerPotion"}],"is_trial":false,"path_per_floor":["M","M","M","M","?","E","R","E","T","R","E","M","R","E","R","B",null,"M","?","?","?","M","R","?","R","T","E","M","E","R","M","R","B",null,"M","?","M","M","?","E","$","?","T","E","M","M","?","$","R","B",null,"R","$","E","B",null],"character_chosen":"DEFECT","items_purchased":["Membership Card","Cables","Oddly Smooth Stone","Letter Opener","Anchor","ClockworkSouvenir","Centennial Puzzle"],"campfire_rested":4,"item_purchase_floors":[41,41,48,48,53,53,53],"current_hp_per_floor":[75,63,57,56,74,55,55,40,40,75,55,53,53,41,41,29,75,59,45,45,45,33,73,95,95,95,80,71,66,66,58,95,45,95,84,84,84,84,84,83,83,83,83,83,65,65,65,65,95,54,95,95,95,84,53],"gold":60,"neow_bonus":"UPGRADE_CARD","is_prod":false,"is_daily":false,"chose_seed":false,"campfire_upgraded":5,"win_rate":0,"timestamp":1550975881,"path_taken":["M","M","M","M","?","E","R","E","T","R","E","M","R","E","R","BOSS","M","?","?","?","?","R","?","R","T","E","M","E","R","M","R","BOSS","M","?","?","M","?","E","$","?","T","E","M","?","?","$","R","BOSS","R","$","E","BOSS"],"build_version":"2019-01-23","purchased_purges":3,"victory":true,"max_hp_per_floor":[75,75,75,75,75,75,75,75,75,75,75,75,75,75,75,75,75,75,85,85,85,85,85,95,95,95,95,95,95,95,95,95,95,95,95,95,95,95,95,95,95,95,95,95,95,95,95,95,95,95,95,95,95,95,95],"card_choices":[{"not_picked":["Consume","Compile Driver"],"picked":"Cold Snap","floor":1},{"not_picked":["Conserve Battery","White Noise"],"picked":"Auto Shields","floor":2},{"not_picked":["Hologram","Coolheaded"],"picked":"Redo","floor":3},{"not_picked":["Steam","Leap"],"picked":"Defragment","floor":4},{"not_picked":["Go for the Eyes","Hello World"],"picked":"Conserve Battery","floor":6},{"not_picked":["Redo","Genetic Algorithm"],"picked":"Echo Form","floor":8},{"not_picked":["Turbo","Barrage"],"picked":"Beam Cell","floor":11},{"not_picked":["Aggregate","Hello World"],"picked":"Static Discharge","floor":12},{"not_picked":["Go for the Eyes","Recycle"],"picked":"Loop","floor":14},{"not_picked":["Hyperbeam","Meteor Strike"],"picked":"Reboot","floor":16},{"not_picked":["Genetic Algorithm","Cold Snap"],"picked":"Coolheaded","floor":18},{"not_picked":["Conserve Battery","Rip and Tear"],"picked":"Cold Snap+1","floor":22},{"not_picked":["Chaos","Fusion","Beam Cell"],"picked":"SKIP","floor":27},{"not_picked":["Barrage","Gash","Turbo"],"picked":"SKIP","floor":28},{"not_picked":["Barrage","Loop"],"picked":"Defragment","floor":29},{"not_picked":["Ball Lightning","Recycle"],"picked":"Loop","floor":31},{"not_picked":["Rainbow","Core Surge"],"picked":"Electrodynamics","floor":33},{"not_picked":["Fusion","Aggregate"],"picked":"Undo","floor":35},{"not_picked":["Reprogram+1","Fusion+1","Heatsinks"],"picked":"SKIP","floor":37},{"not_picked":["Loop","Coolheaded+1","Turbo+1"],"picked":"SKIP","floor":38},{"not_picked":["FTL+1","Stack+1"],"picked":"Rainbow","floor":40},{"not_picked":["Skim","Turbo","Rebound"],"picked":"SKIP","floor":44},{"not_picked":["Streamline","Conserve Battery+1"],"picked":"Darkness+1","floor":45},{"not_picked":["Reinforced Body","Capacitor+1"],"picked":"Conserve Battery+1","floor":46},{"not_picked":["Mind Blast","Swift Strike"],"picked":"Finesse","floor":47},{"not_picked":["Hologram","Capacitor+1"],"picked":"Reinforced Body","floor":54}],"player_experience":229845,"relics_obtained":[{"floor":6,"key":"Regal Pillow"},{"floor":8,"key":"Incense Burner"},{"floor":9,"key":"Bottled Flame"},{"floor":11,"key":"Omamori"},{"floor":14,"key":"FossilizedHelix"},{"floor":19,"key":"Gambling Chip"},{"floor":19,"key":"Pear"},{"floor":26,"key":"Bottled Tornado"},{"floor":27,"key":"War Paint"},{"floor":29,"key":"Mercury Hourglass"},{"floor":40,"key":"Boot"},{"floor":44,"key":"Gremlin Horn"},{"floor":54,"key":"Art of War"}],"event_choices":[{"damage_healed":18,"gold_gain":0,"player_choice":"Healed","damage_taken":0,"max_hp_gain":0,"max_hp_loss":0,"event_name":"The Cleric","floor":5,"gold_loss":35},{"damage_healed":0,"gold_gain":0,"player_choice":"Fight","damage_taken":0,"max_hp_gain":0,"max_hp_loss":0,"event_name":"Colosseum","floor":19,"gold_loss":0},{"damage_healed":0,"gold_gain":0,"player_choice":"Fought Nobs","damage_taken":0,"max_hp_gain":0,"max_hp_loss":0,"event_name":"Colosseum","floor":19,"gold_loss":0},{"damage_healed":0,"gold_gain":99,"player_choice":"Stole From Cult","damage_taken":0,"max_hp_gain":0,"max_hp_loss":0,"event_name":"Nest","floor":20,"gold_loss":0},{"cards_removed":["Strike_B"],"damage_healed":0,"gold_gain":0,"player_choice":"Purged","damage_taken":0,"max_hp_gain":0,"max_hp_loss":0,"event_name":"Purifier","floor":21,"gold_loss":0},{"cards_removed":["Reboot"],"damage_healed":12,"gold_gain":0,"player_choice":"Offered Rare","damage_taken":0,"max_hp_gain":10,"max_hp_loss":0,"event_name":"Bonfire Elementals","floor":24,"gold_loss":0},{"damage_healed":0,"gold_gain":0,"player_choice":"Forge","damage_taken":0,"max_hp_gain":0,"max_hp_loss":0,"event_name":"Accursed Blacksmith","floor":36,"gold_loss":0,"cards_upgraded":["Electrodynamics"]},{"cards_removed":["Strike_B"],"damage_healed":0,"gold_gain":0,"player_choice":"Removed Attack","damage_taken":0,"max_hp_gain":0,"max_hp_loss":0,"event_name":"Falling","floor":39,"gold_loss":0},{"damage_healed":0,"gold_gain":0,"player_choice":"Got Potions","damage_taken":0,"max_hp_gain":0,"max_hp_loss":0,"event_name":"Lab","floor":42,"gold_loss":0},{"damage_healed":0,"gold_gain":0,"player_choice":"Memory 1","damage_taken":0,"max_hp_gain":0,"max_hp_loss":0,"event_name":"SensoryStone","floor":47,"gold_loss":0}],"is_beta":false,"boss_relics":[{"not_picked":["White Beast Statue","Pandora\u0027s Box"],"picked":"Inserter"},{"not_picked":["Runic Dome","Lizard Tail"],"picked":"Sozu"}],"items_purged_floors":[41,48,53],"is_endless":false,"potions_floor_spawned":[2,3,11,16,19,19,29,31,33,35,38,44,45],"ascension_level":1}