{"path_per_floor":["M","?","?","M","M","E","M","?","T","M","$","M","?","$","R","B",null,"M","?","$","T","M","M","?","R","T","T","?","M","T","$","R","B",null,"M","M","?","T","M","R","M","$","T","T","$","M","M","M","R","B"],"character_chosen":"IRONCLAD","items_purchased":["Apotheosis","Heavy Blade","Corruption","Whetstone","Shrug It Off"],"gold_per_floor":[117,117,67,86,104,132,151,151,177,190,12,28,58,35,35,130,130,150,150,75,75,92,108,108,108,131,161,161,176,199,25,25,121,121,134,149,149,149,168,168,185,40,40,87,61,74,87,99,99,99],"floor_reached":51,"campfire_rested":4,"playtime":1308,"current_hp_per_floor":[80,85,85,85,85,77,69,69,69,67,67,73,51,51,51,21,87,83,83,83,83,71,49,31,59,61,63,63,57,59,59,90,17,106,94,82,68,70,51,85,76,76,76,76,76,76,84,61,97,72],"items_purged":["True Grit","Perfected Strike"],"gold":99,"score":574,"play_id":"7197ff52-b161-4460-aee9-07f493f83399","is_prod":false,"is_daily":false,"is_ascension_mode":false,"campfire_upgraded":1,"path_taken":["M","?","?","?","M","E","M","?","T","M","$","M","?","?","R","BOSS","M","?","$","?","M","M","?","R","T","?","?","?","?","$","R","BOSS","M","M","?","?","M","R","M","?","T","?","$","M","?","M","R","BOSS"],"build_version":"2018-02-22-PROD2","purchased_purges":2,"victory":true,"master_deck":["Bash+1","Pommel Strike","Flex","Double Tap","Inflame","Apotheosis+1","Heavy Blade","Headbutt","Heavy Blade","Feed","Inflame","Hemokinesis+1","True Grit","True Grit","True Grit","Anger","Whirlwind+1","Battle Trance","Corruption","Flex+1","Madness","Madness","Seeing Red+1","Whirlwind+1","Shrug It Off","Limit Break"],"max_hp_per_floor":[80,85,85,85,85,87,87,87,87,87,87,87,87,87,87,87,87,87,87,87,87,89,91,96,96,98,100,100,102,104,104,104,106,106,106,108,108,110,116,116,118,118,118,118,118,120,122,122,122,126],"relics":["Burning Blood","Singing Bowl","Vajra","Odd Mushroom","Pandora\u0027s Box","Prayer Wheel","Oddly Smooth Stone","Tiny Chest","Nloth\u0027s Gift","Happy Flower","Runic Dome","Bird Faced Urn","Whetstone","Peace Pipe","Anchor"],"card_choices":[{"not_picked":["Iron Wave","Sever Soul"],"picked":"Pommel Strike"},{"not_picked":["Flame Barrier","Iron Wave"],"picked":"Flex"},{"not_picked":["True Grit","Body Slam"],"picked":"Perfected Strike"},{"not_picked":["Havoc","Fire Breathing"],"picked":"Double Tap"},{"not_picked":["Flame Barrier","Sword Boomerang"],"picked":"Inflame"},{"not_picked":["Blood for Blood","Thunderclap"],"picked":"Heavy Blade"},{"not_picked":["Havoc","Pommel Strike"],"picked":"Headbutt"},{"not_picked":["Brutality","Impervious"],"picked":"Feed"},{"not_picked":["Iron Wave","Evolve"],"picked":"Whirlwind"},{"not_picked":["Twin Strike","Juggernaut"],"picked":"Flex"},{"not_picked":["Havoc","Immolate"],"picked":"Seeing Red"},{"not_picked":["Thunderclap","Iron Wave"],"picked":"Whirlwind"},{"not_picked":["Cleave","Sever Soul"],"picked":"Limit Break"}],"player_experience":230439,"potions_floor_usage":[10,10,16,50,50,50],"damage_taken":[{"damage":0,"enemies":"2 Louse","floor":1,"turns":1},{"damage":0,"enemies":"Small Slimes","floor":4,"turns":1},{"damage":0,"enemies":"Jaw Worm","floor":5,"turns":1},{"damage":16,"enemies":"Gremlin Nob","floor":6,"turns":3},{"damage":14,"enemies":"Exordium Thugs","floor":7,"turns":4},{"damage":8,"enemies":"Lots of Slimes","floor":10,"turns":3},{"damage":0,"enemies":"Large Slime","floor":12,"turns":4},{"damage":28,"enemies":"The Mushroom Lair","floor":13,"turns":4},{"damage":36,"enemies":"Hexaghost","floor":16,"turns":5},{"damage":10,"enemies":"Chosen","floor":18,"turns":3},{"damage":20,"enemies":"Shell Parasite","floor":22,"turns":3},{"damage":30,"enemies":"Cultist and Chosen","floor":23,"turns":6},{"damage":14,"enemies":"Centurion and Healer","floor":29,"turns":5},{"damage":81,"enemies":"Automaton","floor":33,"turns":8},{"damage":18,"enemies":"Orb Walker","floor":35,"turns":3},{"damage":20,"enemies":"3 Shapes","floor":36,"turns":1},{"damage":37,"enemies":"Maw","floor":39,"turns":4},{"damage":21,"enemies":"4 Shapes","floor":41,"turns":2},{"damage":8,"enemies":"Sphere and 2 Shapes","floor":46,"turns":3},{"damage":0,"enemies":"3 Darklings","floor":47,"turns":1},{"damage":31,"enemies":"4 Shapes","floor":48,"turns":2},{"damage":41,"enemies":"Donu and Deca","floor":50,"turns":5}],"event_choices":[{"event_name":"Big Fish","player_choice":"Donut","floor":2,"damage_taken":0},{"event_name":"The Cleric","player_choice":"Card Removal","floor":3,"damage_taken":0},{"event_name":"Living Wall","player_choice":"Forget","floor":8,"damage_taken":0},{"event_name":"Mushrooms","player_choice":"Fought Mushrooms","floor":13,"damage_taken":0},{"event_name":"The Library","player_choice":"Read","floor":19,"damage_taken":0},{"event_name":"Forgotten Altar","player_choice":"Shed Blood","floor":24,"damage_taken":0},{"event_name":"N\u0027loth","player_choice":"Traded a NeowsBlessing","floor":28,"damage_taken":0},{"event_name":"Winding Halls","player_choice":"Embrace Madness","floor":37,"damage_taken":0}],"boss_relics":[{"not_picked":["Runic Cube","White Beast Statue"],"picked":"Pandora\u0027s Box"},{"not_picked":["Snecko Eye","Astrolabe"],"picked":"Runic Dome"}],"potions_floor_spawned":[4,6,7,10,18,22,35,41,46,48],"seed_played":"-5453227448872593054","ascension_level":0,"is_trial":false}