{"gold_per_floor":[111,2,12,29,41,74,93,93,117,147,147,166,181,256,256,360,360,380,394,410,410,31,31,31,44,44,61,61,61],"floor_reached":29,"playtime":2002,"items_purged":["Injury","Decay"],"score":264,"play_id":"ce9a734d-b6f5-42e0-ac96-5c6499cb79dc","local_time":"20190303154839","is_ascension_mode":false,"campfire_choices":[{"data":"Chen:Copycat","floor":8,"key":"SMITH"},{"data":"Chen:GlitterPoke","floor":15,"key":"SMITH"},{"floor":23,"key":"REST"}],"neow_cost":"CURSE","seed_source_timestamp":2179694559585900,"circlet_count":0,"master_deck":["Chen:Defend","Chen:Defend","Chen:Defend","Chen:Defend","Chen:PounceTurnTail","Chen:GlitterPoke+1","Chen:Shapeshift","Chen:Unpredictable","Chen:StudySharpen","Chen:FollowUp","Chen:Spray","Chen:Sidestep","Chen:SurpriseAttack","Chen:Copycat+1","Chen:RapidfireEvasive+1","Chen:MisdirectSwipe","Chen:MeditateFrenzy","Chen:Nimbleness","Parasite","Injury","Chen:Frivolous","Chen:StudySharpen","Bite","Bite","Bite","Bite","Bite","Chen:Lacerate+1","Chen:Panic+1"],"relics":["Chen:Catnip","Lantern","Orichalcum","Anchor","Calling Bell","Pen Nib","Darkstone Periapt","Unceasing Top","Blood Vial","Tiny Chest","Mercury Hourglass"],"potions_floor_usage":[7,16,25,25],"damage_taken":[{"damage":0,"enemies":"Jaw Worm","floor":1,"turns":3},{"damage":0,"enemies":"2 Louse","floor":3,"turns":3},{"damage":8,"enemies":"Small Slimes","floor":4,"turns":3},{"damage":14,"enemies":"Looter","floor":5,"turns":4},{"damage":15,"enemies":"3 Sentries","floor":6,"turns":9},{"damage":0,"enemies":"Lots of Slimes","floor":7,"turns":2},{"damage":10,"enemies":"Lagavulin","floor":10,"turns":7},{"damage":0,"enemies":"Large Slime","floor":12,"turns":6},{"damage":0,"enemies":"Exordium Wildlife","floor":13,"turns":5},{"damage":7,"enemies":"The Guardian","floor":16,"turns":7},{"damage":18,"enemies":"3 Byrds","floor":18,"turns":6},{"damage":25,"enemies":"Chosen","floor":19,"turns":5},{"damage":20,"enemies":"Snecko","floor":20,"turns":4},{"damage":15,"enemies":"Snake Plant","floor":25,"turns":4},{"damage":21,"enemies":"3 Cultists","floor":27,"turns":4},{"damage":19,"enemies":"Cultist and Chosen","floor":29,"turns":4}],"seed_played":"-5946517544329903360","potions_obtained":[{"floor":5,"key":"GamblersBrew"},{"floor":7,"key":"LiquidBronze"},{"floor":10,"key":"Explosive Potion"},{"floor":13,"key":"SpeedPotion"},{"floor":19,"key":"Explosive Potion"}],"is_trial":false,"path_per_floor":["M","$","M","M","M","E","M","R","T","E","?","M","M","?","R","B",null,"M","M","M","?","$","R","$","M","T","M","?","M"],"character_chosen":"CHEN","items_purchased":["Chen:StudySharpen","Blood Vial","Tiny Chest"],"campfire_rested":1,"item_purchase_floors":[2,22,22],"current_hp_per_floor":[70,70,70,62,48,33,33,33,33,23,23,23,23,12,12,5,70,52,27,7,7,7,21,21,14,14,5,5,0],"gold":61,"neow_bonus":"THREE_RARE_CARDS","is_prod":false,"is_daily":false,"chose_seed":false,"campfire_upgraded":2,"win_rate":0.0,"timestamp":1551656919,"path_taken":["M","$","M","M","M","E","M","R","T","E","?","M","M","?","R","BOSS","M","M","M","?","$","R","$","M","T","M","?","M"],"build_version":"2019-01-23","purchased_purges":2,"victory":false,"max_hp_per_floor":[70,70,70,70,70,70,70,70,70,70,70,70,70,70,70,70,70,70,70,70,49,49,49,49,49,49,49,49,49],"card_choices":[{"not_picked":["Chen:Kimontonkou","Chen:RapidfireEvasive"],"picked":"Chen:Shapeshift","floor":0},{"not_picked":["Chen:GuardCounter","Chen:Spray"],"picked":"Chen:Unpredictable","floor":1},{"not_picked":["Chen:Sneak","Chen:StudySharpen"],"picked":"Chen:FollowUp","floor":3},{"not_picked":["Chen:Knockout","Chen:Shot"],"picked":"Chen:Spray","floor":4},{"not_picked":["Chen:Knockout","Chen:Sneak"],"picked":"Chen:Sidestep","floor":5},{"not_picked":["Chen:Sneak","Chen:Sidestep"],"picked":"Chen:SurpriseAttack","floor":6},{"not_picked":["Chen:CatPunch","Chen:ResistTemptation"],"picked":"Chen:Copycat","floor":7},{"not_picked":["Chen:Catseye","Chen:Assault"],"picked":"Chen:RapidfireEvasive","floor":10},{"not_picked":["Chen:Sweep","Chen:CatPunch"],"picked":"Chen:MisdirectSwipe","floor":12},{"not_picked":["Chen:Assault","Chen:BlueOniRedOni"],"picked":"Chen:MeditateFrenzy","floor":13},{"not_picked":["Chen:Shapeshift","Chen:WhateverWorks"],"picked":"Chen:Nimbleness","floor":16},{"not_picked":["Chen:Copycat","Chen:Panic","Chen:Flicker"],"picked":"SKIP","floor":18},{"not_picked":["Chen:RecklessLeap","Chen:Recuperate"],"picked":"Chen:Frivolous","floor":19},{"not_picked":["Chen:Sweep","Chen:CatPunch+1"],"picked":"Chen:StudySharpen","floor":20},{"not_picked":["Chen:Scratch+1","Chen:UnstableBoundary"],"picked":"Chen:Lacerate+1","floor":25},{"not_picked":["Chen:Tear","Chen:Instinct"],"picked":"Chen:Panic+1","floor":27}],"player_experience":801579,"relics_obtained":[{"floor":6,"key":"Lantern"},{"floor":9,"key":"Orichalcum"},{"floor":10,"key":"Anchor"},{"floor":17,"key":"Pen Nib"},{"floor":17,"key":"Darkstone Periapt"},{"floor":17,"key":"Unceasing Top"},{"floor":26,"key":"Mercury Hourglass"}],"event_choices":[{"damage_healed":0,"gold_gain":0,"player_choice":"Grow","damage_taken":0,"max_hp_gain":0,"max_hp_loss":0,"event_name":"Living Wall","floor":11,"gold_loss":0,"cards_upgraded":["Chen:RapidfireEvasive"]},{"damage_healed":0,"gold_gain":75,"player_choice":"Gather Gold","damage_taken":11,"max_hp_gain":0,"max_hp_loss":0,"event_name":"World of Goop","floor":14,"gold_loss":0},{"damage_healed":0,"gold_gain":0,"player_choice":"Became a vampire","damage_taken":0,"max_hp_gain":0,"max_hp_loss":21,"event_name":"Vampires","floor":21,"gold_loss":0,"cards_obtained":["Bite","Bite","Bite","Bite","Bite"]},{"damage_healed":0,"gold_gain":0,"player_choice":"Bought 0 Potions","damage_taken":0,"max_hp_gain":0,"max_hp_loss":0,"event_name":"The Woman in Blue","floor":28,"gold_loss":0}],"is_beta":false,"boss_relics":[{"not_picked":["Orrery","Busted Crown"],"picked":"Calling Bell"}],"items_purged_floors":[2,22],"is_endless":false,"potions_floor_spawned":[5,7,10,13,19],"killed_by":"Cultist and Chosen","ascension_level":0}