{"path_per_floor":["M","?","M","M","?","E","M","R","T","R","?"],"character_chosen":"IRONCLAD","items_purchased":[],"gold_per_floor":[119,119,134,150,150,190,204,204,204,204,242,242],"floor_reached":12,"campfire_rested":0,"playtime":898,"item_purchase_floors":[],"current_hp_per_floor":[76,56,62,53,53,22,26,26,26,26,23,0],"items_purged":[],"gold":242,"score":78,"play_id":"bc4b6ce1-3f39-4165-bb54-b42029ffc706","local_time":"20180605125450","is_prod":false,"is_daily":false,"chose_seed":false,"is_ascension_mode":false,"campfire_upgraded":2,"win_rate":0.0,"timestamp":1528228490,"campfire_choices":[{"data":"Perfected Strike","floor":8,"key":"SMITH"},{"data":"Double Tap","floor":10,"key":"SMITH"}],"path_taken":["M","?","M","M","?","E","?","R","T","R","?","E"],"build_version":"2018-05-31","seed_source_timestamp":8468357978879573,"purchased_purges":0,"victory":false,"master_deck":["Strike_R","Strike_R","Strike_R","Strike_R","Strike_R","Defend_R","Defend_R","Defend_R","Defend_R","Bash","Dark Embrace","Perfected Strike+1","Flame Barrier","Dual Wield","Double Tap+1","Infernal Blade","Rampage"],"max_hp_per_floor":[80,80,80,80,80,80,80,80,80,80,80,80],"relics":["Burning Blood","Golden Idol","Bag of Marbles","Centennial Puzzle","Odd Mushroom"],"card_choices":[{"not_picked":["Pommel Strike","Armaments"],"picked":"Perfected Strike","floor":1},{"not_picked":["Clash","Body Slam"],"picked":"Flame Barrier","floor":3},{"not_picked":["Feel No Pain","Entrench"],"picked":"Dual Wield","floor":4},{"not_picked":["Intimidate","Dark Embrace"],"picked":"Double Tap","floor":6},{"not_picked":["Bloodletting","Warcry"],"picked":"Infernal Blade","floor":7},{"not_picked":["Uppercut","Thunderclap"],"picked":"Rampage","floor":11}],"player_experience":14550,"potions_floor_usage":[6,12,12,12],"damage_taken":[{"damage":10,"enemies":"Small Slimes","floor":1,"turns":4},{"damage":0,"enemies":"2 Louse","floor":3,"turns":2},{"damage":15,"enemies":"Cultist","floor":4,"turns":4},{"damage":37,"enemies":"Lagavulin","floor":6,"turns":8},{"damage":2,"enemies":"Blue Slaver","floor":7,"turns":3},{"damage":9,"enemies":"The Mushroom Lair","floor":11,"turns":5},{"damage":23,"enemies":"3 Sentries","floor":12,"turns":4}],"relics_obtained":[{"floor":6,"key":"Bag of Marbles"},{"floor":9,"key":"Centennial Puzzle"},{"floor":11,"key":"Odd Mushroom"}],"event_choices":[{"event_name":"Golden Idol","player_choice":"Take Damage","floor":2,"damage_taken":0},{"event_name":"The Lab","player_choice":"Got Potions","floor":5,"damage_taken":0},{"event_name":"Mushrooms","player_choice":"Fought Mushrooms","floor":11,"damage_taken":0}],"boss_relics":[],"items_purged_floors":[],"potions_floor_spawned":[3,11],"seed_played":"-5830474521531306792","killed_by":"3 Sentries","ascension_level":0,"potions_obtained":[{"floor":3,"key":"Dexterity Potion"},{"floor":5,"key":"Strength Potion"},{"floor":5,"key":"SteroidPotion"},{"floor":5,"key":"PowerPotion"},{"floor":11,"key":"Block Potion"}],"is_trial":false}