{"gold_per_floor":[110,129,129,73,93,93,110,110,110,144,164,164,164,52,52,126,126,140,166,216,232,245,245,280,280,305,305,319,2,2,32,32,109,109,128,42,42,53,72,72,72],"floor_reached":41,"playtime":2772,"items_purged":["Strike_B","Strike_B"],"score":858,"play_id":"5dad4ba6-485f-4c02-84f0-3371507b065e","local_time":"20190123154830","is_ascension_mode":true,"campfire_choices":[{"data":"Electrodynamics","floor":6,"key":"SMITH"},{"data":"Conserve Battery","floor":8,"key":"SMITH"},{"data":"Storm","floor":12,"key":"SMITH"},{"floor":15,"key":"REST"},{"data":"Storm","floor":23,"key":"SMITH"},{"floor":27,"key":"REST"},{"data":"Defragment","floor":32,"key":"SMITH"},{"floor":40,"key":"REST"}],"neow_cost":"NONE","seed_source_timestamp":1252335267529765,"circlet_count":0,"master_deck":["AscendersBane","Defend_B","Defend_B","Defend_B","Zap","Dualcast","Electrodynamics+1","Conserve Battery+1","Beam Cell","Cold Snap","Rebound","Cold Snap","Storm+1","Storm+1","Thunder Strike","Coolheaded","Coolheaded+1","Defragment+1","Creative AI","Recycle","Hyperbeam","Compile Driver+1","Coolheaded+1"],"relics":["Cracked Core","Meat on the Bone","Bottled Lightning","Snecko Eye","Centennial Puzzle","Unceasing Top","Pen Nib","Lee\u0027s Waffle","Omamori","Sozu"],"potions_floor_usage":[24,33],"damage_taken":[{"damage":0,"enemies":"Cultist","floor":1,"turns":3},{"damage":11,"enemies":"2 Louse","floor":2,"turns":3},{"damage":0,"enemies":"Jaw Worm","floor":5,"turns":3},{"damage":9,"enemies":"Red Slaver","floor":7,"turns":3},{"damage":20,"enemies":"Lagavulin","floor":10,"turns":6},{"damage":14,"enemies":"Exordium Wildlife","floor":11,"turns":3},{"damage":19,"enemies":"Slime Boss","floor":16,"turns":8},{"damage":4,"enemies":"Spheric Guardian","floor":18,"turns":3},{"damage":1,"enemies":"3 Byrds","floor":21,"turns":2},{"damage":13,"enemies":"Sentry and Sphere","floor":22,"turns":4},{"damage":29,"enemies":"Slavers","floor":24,"turns":2},{"damage":17,"enemies":"Colosseum Slavers","floor":25,"turns":2},{"damage":8,"enemies":"Centurion and Healer","floor":28,"turns":3},{"damage":24,"enemies":"Gremlin Leader","floor":31,"turns":4},{"damage":39,"enemies":"Automaton","floor":33,"turns":7},{"damage":14,"enemies":"3 Darklings","floor":35,"turns":2},{"damage":21,"enemies":"3 Shapes","floor":38,"turns":2},{"damage":2,"enemies":"3 Darklings","floor":39,"turns":3},{"damage":95,"enemies":"Nemesis","floor":41,"turns":5}],"seed_played":"-6169482284974514246","potions_obtained":[{"floor":2,"key":"Swift Potion"},{"floor":5,"key":"Dexterity Potion"},{"floor":21,"key":"GamblersBrew"}],"is_trial":false,"path_per_floor":["M","M","?","$","M","R","M","R","T","E","M","R","?","$","R","B",null,"M","T","?","M","M","R","E","?","T","R","M","$","?","E","R","B",null,"M","$","?","M","M","R","E"],"character_chosen":"DEFECT","items_purchased":["Cold Snap","Storm","Lee\u0027s Waffle","Recycle"],"campfire_rested":3,"item_purchase_floors":[4,14,29,36],"current_hp_per_floor":[64,53,53,53,53,53,44,44,44,36,34,34,27,27,48,41,64,60,60,60,59,46,46,29,24,24,45,37,78,78,54,54,27,65,51,51,51,42,40,63,0],"gold":72,"neow_bonus":"ONE_RANDOM_RARE_CARD","is_prod":false,"is_daily":false,"chose_seed":false,"campfire_upgraded":5,"win_rate":0,"timestamp":1548276510,"path_taken":["M","?","?","$","M","R","M","R","T","E","M","R","?","?","R","BOSS","M","?","?","M","M","R","E","?","T","R","M","$","?","E","R","BOSS","M","$","?","M","?","R","E"],"build_version":"2019-01-23","purchased_purges":2,"victory":false,"max_hp_per_floor":[71,71,71,71,71,71,71,71,71,71,71,71,71,71,71,71,71,71,71,71,71,71,71,71,71,71,71,71,78,78,78,78,78,78,78,78,78,78,78,78,78],"card_choices":[{"not_picked":["Stack","Hologram"],"picked":"Conserve Battery","floor":1},{"not_picked":["Reprogram","Redo","Fusion"],"picked":"SKIP","floor":2},{"not_picked":["Redo","Leap"],"picked":"Rebound","floor":5},{"not_picked":["Static Discharge","Stack"],"picked":"Cold Snap","floor":7},{"not_picked":["Compile Driver","Hyperbeam"],"picked":"Storm","floor":10},{"not_picked":["Compile Driver","Reprogram","Gash"],"picked":"SKIP","floor":11},{"not_picked":["Multi-Cast","Creative AI"],"picked":"Thunder Strike","floor":16},{"not_picked":["Steam","Ball Lightning","Darkness"],"picked":"SKIP","floor":18},{"not_picked":["Barrage","Redo"],"picked":"Coolheaded","floor":21},{"not_picked":["Beam Cell","Hello World","Cold Snap"],"picked":"SKIP","floor":22},{"not_picked":["Chill","Capacitor"],"picked":"Coolheaded","floor":24},{"not_picked":["Gash+1","Genetic Algorithm","Sweeping Beam"],"picked":"SKIP","floor":28},{"not_picked":["Steam Power","Hello World"],"picked":"Defragment","floor":31},{"not_picked":["Biased Cognition","Electrodynamics"],"picked":"Creative AI","floor":33},{"not_picked":["Go for the Eyes+1","Turbo","Rebound"],"picked":"SKIP","floor":35},{"not_picked":["Steam+1","Beam Cell"],"picked":"Compile Driver+1","floor":38},{"not_picked":["Sweeping Beam","Recycle+1"],"picked":"Coolheaded+1","floor":39}],"player_experience":495562,"relics_obtained":[{"floor":9,"key":"Meat on the Bone"},{"floor":10,"key":"Bottled Lightning"},{"floor":19,"key":"Centennial Puzzle"},{"floor":24,"key":"Unceasing Top"},{"floor":26,"key":"Pen Nib"},{"floor":31,"key":"Omamori"}],"event_choices":[{"damage_healed":0,"gold_gain":0,"cards_transformed":["Strike_B"],"player_choice":"Change","damage_taken":0,"max_hp_gain":0,"max_hp_loss":0,"event_name":"Living Wall","floor":3,"gold_loss":0,"cards_obtained":["Beam Cell"]},{"cards_removed":["Strike_B"],"damage_healed":0,"gold_gain":0,"player_choice":"Card Removal","damage_taken":7,"max_hp_gain":0,"max_hp_loss":0,"event_name":"Golden Wing","floor":13,"gold_loss":0},{"damage_healed":0,"gold_gain":50,"player_choice":"Stole From Cult","damage_taken":0,"max_hp_gain":0,"max_hp_loss":0,"event_name":"Nest","floor":20,"gold_loss":0},{"damage_healed":0,"gold_gain":0,"player_choice":"Fight","damage_taken":0,"max_hp_gain":0,"max_hp_loss":0,"event_name":"Colosseum","floor":25,"gold_loss":0},{"damage_healed":0,"gold_gain":0,"player_choice":"Fled From Nobs","damage_taken":0,"max_hp_gain":0,"max_hp_loss":0,"event_name":"Colosseum","floor":25,"gold_loss":0},{"damage_healed":0,"gold_gain":0,"player_choice":"Forge","damage_taken":0,"max_hp_gain":0,"max_hp_loss":0,"event_name":"Accursed Blacksmith","floor":30,"gold_loss":0,"cards_upgraded":["Coolheaded"]},{"damage_healed":0,"gold_gain":0,"cards_transformed":["Defend_B"],"player_choice":"Transformed","damage_taken":0,"max_hp_gain":0,"max_hp_loss":0,"event_name":"Transmorgrifier","floor":37,"gold_loss":0,"cards_obtained":["Hyperbeam"]}],"is_beta":true,"boss_relics":[{"not_picked":["Fusion Hammer","Lizard Tail"],"picked":"Snecko Eye"},{"not_picked":["Orrery","White Beast Statue"],"picked":"Sozu"}],"items_purged_floors":[14,29],"is_endless":false,"potions_floor_spawned":[2,5,21,22,35],"killed_by":"Nemesis","ascension_level":20}