{"gold_per_floor":[115,115,134,150,1,34,34,48,93,106,106,106,119,70,70,199,199,218,237,237,336,359,395,395,436,436,451,451],"floor_reached":28,"playtime":1212,"items_purged":["Regret"],"score":258,"play_id":"821904d2-4860-4c21-8ac4-0f2b8cc08137","local_time":"20190206162747","is_ascension_mode":false,"campfire_choices":[{"floor":7,"key":"REST"},{"floor":12,"key":"REST"},{"data":"Defragment","floor":15,"key":"SMITH"},{"floor":24,"key":"REST"}],"neow_cost":"CURSE","seed_source_timestamp":4502890889142717,"circlet_count":0,"master_deck":["Strike_B","Strike_B","Strike_B","Strike_B","Defend_B","Defend_B","Defend_B","Defend_B","Zap","Dualcast","Conserve Battery","Defragment+1","Auto Shields","Defragment","Conserve Battery","Beam Cell","Seek","Coolheaded","Electrodynamics","Loop","Streamline","BootSequence+1","Auto Shields"],"relics":["Cracked Core","Dead Branch","Golden Idol","Blue Candle","Sozu","Lantern","Pen Nib","Cables","Du-Vu Doll"],"potions_floor_usage":[16,16,16],"damage_taken":[{"damage":0,"enemies":"Small Slimes","floor":1,"turns":3},{"damage":4,"enemies":"2 Louse","floor":3,"turns":2},{"damage":5,"enemies":"Jaw Worm","floor":4,"turns":4},{"damage":13,"enemies":"Lagavulin","floor":6,"turns":8},{"damage":8,"enemies":"Exordium Wildlife","floor":8,"turns":5},{"damage":4,"enemies":"Blue Slaver","floor":10,"turns":4},{"damage":5,"enemies":"Looter","floor":13,"turns":3},{"damage":33,"enemies":"Slime Boss","floor":16,"turns":11},{"damage":4,"enemies":"Shell Parasite","floor":18,"turns":7},{"damage":17,"enemies":"2 Thieves","floor":19,"turns":4},{"damage":45,"enemies":"Book of Stabbing","floor":23,"turns":7},{"damage":28,"enemies":"Slavers","floor":25,"turns":4},{"damage":0,"enemies":"Snecko","floor":27,"turns":6},{"damage":3,"enemies":"Sentry and Sphere","floor":28,"turns":2}],"seed_played":"-7903924053492903983","potions_obtained":[{"floor":3,"key":"Ancient Potion"},{"floor":4,"key":"Explosive Potion"},{"floor":6,"key":"Fire Potion"},{"floor":8,"key":"Energy Potion"}],"is_trial":false,"path_per_floor":["M","?","M","M","$","E","R","M","T","M","?","R","M","$","R","B",null,"M","M","?","?","T","E","R","E","T","M","M"],"character_chosen":"DEFECT","items_purchased":["Defragment","Coolheaded"],"campfire_rested":3,"item_purchase_floors":[5,14],"current_hp_per_floor":[75,57,53,48,48,35,57,49,49,45,45,67,62,62,62,29,75,71,54,54,54,54,9,31,3,3,3,0],"gold":451,"neow_bonus":"ONE_RARE_RELIC","is_prod":false,"is_daily":false,"chose_seed":false,"campfire_upgraded":1,"win_rate":0,"timestamp":1549488467,"path_taken":["M","?","M","M","$","E","R","M","T","M","?","R","M","$","R","BOSS","M","M","?","?","?","E","R","E","T","M","M"],"build_version":"2019-01-23","purchased_purges":1,"victory":false,"max_hp_per_floor":[75,75,75,75,75,75,75,75,75,75,75,75,75,75,75,75,75,75,75,75,75,75,75,75,75,75,75,75],"card_choices":[{"not_picked":["Steam Power","Redo"],"picked":"Conserve Battery","floor":1},{"not_picked":["Hello World","Recycle"],"picked":"Defragment","floor":3},{"not_picked":["Reprogram","Steam"],"picked":"Auto Shields","floor":4},{"not_picked":["Auto Shields","Compile Driver"],"picked":"Conserve Battery","floor":6},{"not_picked":["Steam","FTL"],"picked":"Beam Cell","floor":8},{"not_picked":["Chill","Steam"],"picked":"Seek","floor":10},{"not_picked":["Conserve Battery","Doom and Gloom","Redo"],"picked":"SKIP","floor":13},{"not_picked":["Meteor Strike","Core Surge"],"picked":"Electrodynamics","floor":16},{"not_picked":["Compile Driver","Chaos"],"picked":"Loop","floor":18},{"not_picked":["Gash","Hello World"],"picked":"Streamline","floor":19},{"not_picked":["Storm","Streamline"],"picked":"BootSequence+1","floor":23},{"not_picked":["Beam Cell+1","Storm"],"picked":"Auto Shields","floor":25},{"not_picked":["Barrage","Scrape","Cold Snap"],"picked":"SKIP","floor":27}],"player_experience":67058,"relics_obtained":[{"floor":6,"key":"Blue Candle"},{"floor":22,"key":"Lantern"},{"floor":23,"key":"Pen Nib"},{"floor":25,"key":"Cables"},{"floor":26,"key":"Du-Vu Doll"}],"event_choices":[{"damage_healed":0,"gold_gain":0,"player_choice":"Take Damage","damage_taken":18,"relics_obtained":["Golden Idol"],"max_hp_gain":0,"max_hp_loss":0,"event_name":"Golden Idol","floor":2,"gold_loss":0},{"damage_healed":0,"gold_gain":0,"player_choice":"Searched \u00270\u0027 times","damage_taken":0,"max_hp_gain":0,"max_hp_loss":0,"event_name":"Dead Adventurer","floor":11,"gold_loss":0},{"damage_healed":0,"gold_gain":0,"player_choice":"Ignored","damage_taken":0,"max_hp_gain":0,"max_hp_loss":0,"event_name":"Vampires","floor":20,"gold_loss":0},{"damage_healed":0,"gold_gain":99,"player_choice":"Stole From Cult","damage_taken":0,"max_hp_gain":0,"max_hp_loss":0,"event_name":"Nest","floor":21,"gold_loss":0}],"is_beta":false,"boss_relics":[{"not_picked":["Ectoplasm","Inserter"],"picked":"Sozu"}],"items_purged_floors":[5],"is_endless":false,"potions_floor_spawned":[3,4,6,8,10,19,23],"killed_by":"Sentry and Sphere","ascension_level":0}