{"gold_per_floor":[19,30,46,46,60,60,75,108,108,135,135,135,166,166],"floor_reached":14,"playtime":537,"items_purged":[],"score":127,"play_id":"141457a6-4584-4d59-83c7-6b94e88054c6","local_time":"20181012024128","is_ascension_mode":true,"campfire_choices":[{"data":"Limit Break","floor":6,"key":"SMITH"},{"data":"Spot Weakness","floor":11,"key":"SMITH"}],"neow_cost":"NO_GOLD","seed_source_timestamp":84272490445420,"circlet_count":0,"master_deck":["Strike_R","Strike_R","Strike_R","Strike_R","Defend_R","Defend_R","Defend_R","Defend_R","Bash","Limit Break+1","Shockwave","Headbutt","Cleave","Spot Weakness+1","Combust","Headbutt","Rupture+1","Limit Break"],"relics":["Burning Blood","Gremlin Horn","Frozen Egg 2","Meat on the Bone","Paper Frog"],"potions_floor_usage":[10,10,14],"damage_taken":[{"damage":6,"enemies":"Cultist","floor":1,"turns":3},{"damage":4,"enemies":"2 Louse","floor":2,"turns":3},{"damage":12,"enemies":"Jaw Worm","floor":3,"turns":3},{"damage":17,"enemies":"Looter","floor":5,"turns":4},{"damage":15,"enemies":"2 Fungi Beasts","floor":7,"turns":3},{"damage":22,"enemies":"Gremlin Nob","floor":8,"turns":4},{"damage":7,"enemies":"3 Sentries","floor":10,"turns":3},{"damage":33,"enemies":"Lagavulin","floor":13,"turns":6},{"damage":36,"enemies":"Gremlin Nob","floor":14,"turns":3}],"seed_played":"8787525156953991916","potions_obtained":[{"floor":1,"key":"SpeedPotion"},{"floor":7,"key":"Energy Potion"},{"floor":8,"key":"Poison Potion"},{"floor":10,"key":"Ancient Potion"}],"is_trial":false,"path_per_floor":["M","M","M","?","M","R","M","E","T","E","R","?","E"],"character_chosen":"IRONCLAD","items_purchased":[],"campfire_rested":0,"item_purchase_floors":[],"current_hp_per_floor":[80,80,74,74,63,63,54,38,38,37,37,37,22,0],"gold":166,"neow_bonus":"THREE_RARE_CARDS","is_prod":false,"is_daily":false,"chose_seed":false,"campfire_upgraded":2,"win_rate":0,"timestamp":1539337288,"path_taken":["M","?","M","?","?","R","M","E","T","E","R","?","E","?"],"build_version":"2018-10-11","purchased_purges":0,"victory":false,"max_hp_per_floor":[80,80,80,80,80,80,80,80,80,80,80,80,80,80],"card_choices":[{"not_picked":["Double Tap","Feed"],"picked":"Limit Break","floor":0},{"not_picked":["Pummel","Heavy Blade"],"picked":"Shockwave","floor":1},{"not_picked":["Twin Strike","Corruption"],"picked":"Headbutt","floor":2},{"not_picked":["Pommel Strike","Iron Wave"],"picked":"Cleave","floor":3},{"not_picked":["Intimidate","Corruption"],"picked":"Spot Weakness","floor":5},{"not_picked":["Warcry","Thunderclap"],"picked":"Combust","floor":7},{"not_picked":["Fire Breathing","Searing Blow"],"picked":"Headbutt","floor":8},{"not_picked":["Uppercut","Havoc"],"picked":"Rupture+1","floor":10},{"not_picked":["Cleave","Shockwave"],"picked":"Limit Break","floor":13}],"player_experience":236925,"relics_obtained":[{"floor":8,"key":"Gremlin Horn"},{"floor":9,"key":"Frozen Egg 2"},{"floor":10,"key":"Meat on the Bone"},{"floor":13,"key":"Paper Frog"}],"event_choices":[{"event_name":"The Cleric","player_choice":"Leave","floor":4,"damage_taken":0},{"event_name":"Wheel of Change","player_choice":"Card Removal","floor":12,"damage_taken":0},{"event_name":"Dead Adventurer","player_choice":"Searched \u00271\u0027 times","floor":14,"damage_taken":0}],"is_beta":false,"boss_relics":[],"items_purged_floors":[],"is_endless":false,"potions_floor_spawned":[1,7,8,10],"killed_by":"Gremlin Nob","ascension_level":3}