{"gold_per_floor":[118,293,311,139,151,151,71,71,148,166,166,180,52,63,63,159,159,169,46,65,82,99,99,198,198,223,242,242,258,258,336,336,336],"floor_reached":33,"playtime":1240,"items_purged":["Doubt"],"score":266,"play_id":"77dcfc7b-9f9b-4d14-8152-05db1e727660","local_time":"20181212173906","is_ascension_mode":false,"campfire_choices":[{"data":"Catalyst","floor":6,"key":"SMITH"},{"data":"Corpse Explosion","floor":11,"key":"SMITH"},{"floor":15,"key":"REST"},{"floor":23,"key":"REST"},{"floor":28,"key":"REST"},{"floor":32,"key":"REST"}],"neow_cost":"NONE","seed_source_timestamp":1105512727346057,"circlet_count":0,"master_deck":["Defend_G","Defend_G","Defend_G+1","Defend_G","Defend_G","Strike_G","Strike_G","Strike_G","Strike_G","Strike_G","Survivor","Neutralize","Corpse Explosion+1","Catalyst+1","Blur+1","Poisoned Stab","Cloak And Dagger","Poisoned Stab","Noxious Fumes","Deadly Poison","Cloak And Dagger","Noxious Fumes","Cloak And Dagger","Bullet Time","Poisoned Stab+1","Accuracy","Blade Dance","Poisoned Stab","Catalyst+1","Infinite Blades"],"relics":["Ring of the Snake","Tiny Chest","Runic Dome","War Paint","Singing Bowl"],"potions_floor_usage":[12,12,14,18,20,27,30],"damage_taken":[{"damage":0,"enemies":"Jaw Worm","floor":1,"turns":5},{"damage":0,"enemies":"2 Louse","floor":3,"turns":2},{"damage":0,"enemies":"Cultist","floor":5,"turns":5},{"damage":13,"enemies":"Large Slime","floor":10,"turns":6},{"damage":0,"enemies":"3 Louse","floor":12,"turns":1},{"damage":17,"enemies":"Exordium Thugs","floor":14,"turns":5},{"damage":20,"enemies":"Slime Boss","floor":16,"turns":6},{"damage":3,"enemies":"Shell Parasite","floor":18,"turns":3},{"damage":23,"enemies":"3 Byrds","floor":20,"turns":4},{"damage":0,"enemies":"Cultist and Chosen","floor":21,"turns":3},{"damage":32,"enemies":"Snake Plant","floor":22,"turns":5},{"damage":33,"enemies":"Shelled Parasite and Fungi","floor":27,"turns":5},{"damage":20,"enemies":"Sentry and Sphere","floor":29,"turns":4},{"damage":0,"enemies":"Centurion and Healer","floor":30,"turns":1},{"damage":36,"enemies":"Automaton","floor":33,"turns":4}],"seed_played":"-3283579518500573751","potions_obtained":[{"floor":3,"key":"Dexterity Potion"},{"floor":5,"key":"Explosive Potion"},{"floor":10,"key":"Explosive Potion"},{"floor":12,"key":"SteroidPotion"},{"floor":18,"key":"GamblersBrew"},{"floor":21,"key":"FearPotion"},{"floor":22,"key":"SmokeBomb"},{"floor":25,"key":"Fruit Juice"},{"floor":25,"key":"SmokeBomb"}],"is_trial":false,"path_per_floor":["M","?","M","$","M","R","$","?","T","M","R","M","$","M","R","B",null,"M","$","M","M","M","R","?","?","T","M","R","M","M","T","R","B"],"character_chosen":"THE_SILENT","items_purchased":["Poisoned Stab","Cloak And Dagger","Noxious Fumes","Noxious Fumes","Cloak And Dagger","Accuracy","Blade Dance"],"campfire_rested":4,"item_purchase_floors":[4,4,7,13,13,19,19],"current_hp_per_floor":[70,70,70,70,70,70,70,70,70,57,57,57,57,40,61,41,70,67,67,44,44,12,33,33,33,33,5,27,7,7,7,29,0],"gold":336,"neow_bonus":"ONE_RANDOM_RARE_CARD","is_prod":false,"is_daily":false,"chose_seed":false,"campfire_upgraded":2,"win_rate":0.0,"timestamp":1544654346,"path_taken":["M","?","M","$","M","R","$","?","T","M","R","?","$","M","R","BOSS","M","$","M","M","M","R","?","?","T","M","R","?","?","?","R","BOSS"],"build_version":"2018-12-06","purchased_purges":1,"victory":false,"max_hp_per_floor":[70,70,70,70,70,70,70,70,70,70,70,70,70,70,70,70,70,70,70,70,70,70,70,70,70,70,75,75,75,75,75,75,75],"card_choices":[{"not_picked":["Outmaneuver","Choke"],"picked":"Catalyst","floor":1},{"not_picked":["Dagger Throw","Setup"],"picked":"Blur","floor":3},{"not_picked":["Prepared","Cloak And Dagger"],"picked":"Poisoned Stab","floor":5},{"not_picked":["Leg Sweep","Slice"],"picked":"Deadly Poison","floor":10},{"not_picked":["Flying Knee","Caltrops"],"picked":"Cloak And Dagger","floor":12},{"not_picked":["Expertise","PiercingWail","Choke"],"picked":"SKIP","floor":14},{"not_picked":["Burst","Malaise"],"picked":"Bullet Time","floor":16},{"not_picked":["Acrobatics","Escape Plan"],"picked":"Poisoned Stab+1","floor":18},{"not_picked":["Setup","Dodge and Roll"],"picked":"Poisoned Stab","floor":20},{"not_picked":["Predator","Caltrops","Distraction"],"picked":"SKIP","floor":21},{"not_picked":["Blade Dance","Prepared"],"picked":"Catalyst+1","floor":22},{"not_picked":["Well Laid Plans","Concentrate","Prepared"],"picked":"SKIP","floor":27},{"not_picked":["Grand Finale","Poisoned Stab"],"picked":"Infinite Blades","floor":29}],"player_experience":260435,"relics_obtained":[{"floor":9,"key":"Tiny Chest"},{"floor":26,"key":"War Paint"},{"floor":31,"key":"Singing Bowl"}],"event_choices":[{"damage_healed":0,"gold_gain":175,"player_choice":"AGREE","damage_taken":0,"max_hp_gain":0,"max_hp_loss":0,"event_name":"Liars Game","floor":2,"gold_loss":0,"cards_obtained":["Doubt"]},{"damage_healed":0,"gold_gain":0,"player_choice":"Ignored","damage_taken":0,"max_hp_gain":0,"max_hp_loss":0,"event_name":"NoteForYourself","floor":8,"gold_loss":0},{"damage_healed":0,"gold_gain":99,"player_choice":"Stole From Cult","damage_taken":0,"max_hp_gain":0,"max_hp_loss":0,"event_name":"Nest","floor":24,"gold_loss":0},{"damage_healed":0,"gold_gain":0,"player_choice":"Got Potions","damage_taken":0,"max_hp_gain":0,"max_hp_loss":0,"event_name":"Lab","floor":25,"gold_loss":0}],"is_beta":false,"boss_relics":[{"not_picked":["Ring of the Serpent","WristBlade"],"picked":"Runic Dome"}],"items_purged_floors":[4],"is_endless":false,"potions_floor_spawned":[3,5,10,12,18,21,22,30],"killed_by":"Automaton","ascension_level":0}