{"gold_per_floor":[109,11,11,11,29,62,78,92,115,141,161,161,161,175,175,280,280,260,273,285,303,303,303],"floor_reached":23,"playtime":2774,"items_purged":["Strike_B"],"score":205,"play_id":"c629a747-35a5-4756-8074-b41f3365b0b7","local_time":"20180707235706","is_ascension_mode":false,"campfire_choices":[{"data":"Gash","floor":12,"key":"SMITH"},{"floor":15,"key":"REST"}],"neow_cost":"","seed_source_timestamp":297688894128287,"circlet_count":0,"master_deck":["Zap","Dualcast","Conserve Battery","Gash+1","Capacitor","Steam","Hologram","Glacier","Thunder Strike","Turbo","Streamline","Genetic Algorithm","Capacitor","Hologram","Defragment+1","Coolheaded+1","Beam Cell","Conserve Battery+1","Normality"],"relics":["Cracked Core","Bag of Preparation","Happy Flower","Singing Bowl","Pandora\u0027s Box","Boot"],"potions_floor_usage":[11,11,16,16,16,20,21,23],"damage_taken":[{"damage":7,"enemies":"Small Slimes","floor":1,"turns":4},{"damage":0,"enemies":"Cultist","floor":5,"turns":4},{"damage":55,"enemies":"Gremlin Nob","floor":6,"turns":6},{"damage":0,"enemies":"Jaw Worm","floor":7,"turns":6},{"damage":0,"enemies":"Looter","floor":8,"turns":5},{"damage":7,"enemies":"3 Sentries","floor":10,"turns":12},{"damage":5,"enemies":"Gremlin Gang","floor":11,"turns":9},{"damage":0,"enemies":"Blue Slaver","floor":14,"turns":3},{"damage":23,"enemies":"Slime Boss","floor":16,"turns":18},{"damage":27,"enemies":"2 Thieves","floor":18,"turns":4},{"damage":15,"enemies":"Shell Parasite","floor":19,"turns":5},{"damage":1,"enemies":"Snecko","floor":20,"turns":6},{"damage":20,"enemies":"Centurion and Healer","floor":21,"turns":6},{"damage":34,"enemies":"Slavers","floor":23,"turns":4}],"seed_played":"4797763329035855269","potions_obtained":[{"floor":1,"key":"Weak Potion"},{"floor":5,"key":"Poison Potion"},{"floor":7,"key":"SpeedPotion"},{"floor":8,"key":"Block Potion"},{"floor":13,"key":"EssenceOfSteel"},{"floor":13,"key":"Explosive Potion"},{"floor":16,"key":"EssenceOfSteel"},{"floor":18,"key":"Energy Potion"},{"floor":19,"key":"SkillPotion"}],"is_trial":false,"path_per_floor":["M","$","?","?","M","E","M","M","T","E","M","R","?","M","R","B",null,"M","M","M","M","?"],"character_chosen":"DEFECT","items_purchased":["Gash"],"campfire_rested":1,"item_purchase_floors":[2],"current_hp_per_floor":[68,68,68,68,68,13,13,13,13,8,5,5,5,7,31,8,81,54,39,38,18,18,0],"gold":303,"neow_bonus":"","is_prod":false,"is_daily":false,"chose_seed":false,"campfire_upgraded":1,"win_rate":0,"timestamp":1531033026,"path_taken":["M","$","?","?","M","E","M","M","T","E","M","R","?","M","R","BOSS","M","M","M","M","?","E"],"build_version":"2018-07-05","purchased_purges":1,"victory":false,"max_hp_per_floor":[75,75,75,75,75,75,75,75,75,77,79,79,79,81,81,81,81,81,81,81,81,81,81],"card_choices":[{"not_picked":["Skim","Leap"],"picked":"Conserve Battery","floor":1},{"not_picked":["Heatsinks","Compile Driver"],"picked":"Capacitor","floor":5},{"not_picked":["Doom and Gloom","Blizzard"],"picked":"Steam","floor":6},{"not_picked":["Fusion","Recycle"],"picked":"Hologram","floor":7},{"not_picked":["Streamline","Barrage"],"picked":"Glacier","floor":8},{"not_picked":["Compile Driver","Darkness","Redo"],"picked":"Singing Bowl","floor":10},{"not_picked":["Hologram","Steam","Rip and Tear"],"picked":"Singing Bowl","floor":11},{"not_picked":["Undo","Redo","Coolheaded"],"picked":"Singing Bowl","floor":14},{"not_picked":["Reboot","Hyperbeam"],"picked":"Thunder Strike","floor":16},{"not_picked":["Redo","Ball Lightning"],"picked":"Defragment+1","floor":18},{"not_picked":["Turbo","Conserve Battery"],"picked":"Coolheaded+1","floor":19},{"not_picked":["Cold Snap","Barrage+1"],"picked":"Beam Cell","floor":20},{"not_picked":["Ball Lightning","Steam"],"picked":"Conserve Battery+1","floor":21}],"player_experience":125296,"relics_obtained":[{"floor":6,"key":"Bag of Preparation"},{"floor":9,"key":"Happy Flower"},{"floor":10,"key":"Singing Bowl"}],"event_choices":[{"event_name":"Purifier","player_choice":"One Purge","floor":3,"damage_taken":0},{"event_name":"Bonfire Elementals","player_choice":"BASIC","floor":4,"damage_taken":0},{"event_name":"The Lab","player_choice":"Got Potions","floor":13,"damage_taken":0},{"event_name":"Accursed Blacksmith","player_choice":"Rummage","floor":22,"damage_taken":0}],"boss_relics":[{"not_picked":["Calling Bell","Coffee Dripper"],"picked":"Pandora\u0027s Box"}],"items_purged_floors":[2],"is_endless":false,"potions_floor_spawned":[1,5,7,8,14,16,18,19],"killed_by":"Slavers","ascension_level":0}