{"gold_per_floor":[115,115,115,131,32,65,35,35,115,80,124,124,148,166,166,259,259,277,277,29,29,47,47,88,88],"floor_reached":25,"playtime":825,"items_purged":[],"score":479,"play_id":"5b89aa1e-ec19-4577-851c-124befe1db49","local_time":"20190121002726","is_ascension_mode":true,"campfire_choices":[{"floor":8,"key":"REST"},{"data":"Zap","floor":15,"key":"SMITH"},{"floor":23,"key":"REST"}],"neow_cost":"NONE","seed_source_timestamp":892946379524500,"circlet_count":0,"master_deck":["AscendersBane","Strike_B","Strike_B","Strike_B","Defend_B","Defend_B","Defend_B","Defend_B","Zap+1","Dualcast","Conserve Battery","Ball Lightning+1","Capacitor","Cold Snap","Steam","Coolheaded","Core Surge","Ball Lightning","Ball Lightning","Creative AI","Fusion","Necronomicurse","Self Repair","Rebound","Static Discharge+1","Consume"],"relics":["Cracked Core","NeowsBlessing","Vajra","Golden Idol","Boot","Kunai","Bag of Preparation","Cursed Key","Necronomicon","Oddly Smooth Stone","Shuriken"],"potions_floor_usage":[16,16,18,24],"damage_taken":[{"damage":0,"enemies":"2 Louse","floor":1,"turns":1},{"damage":0,"enemies":"Jaw Worm","floor":4,"turns":1},{"damage":0,"enemies":"Lagavulin","floor":6,"turns":1},{"damage":13,"enemies":"3 Sentries","floor":11,"turns":10},{"damage":0,"enemies":"Cultist","floor":13,"turns":2},{"damage":0,"enemies":"2 Fungi Beasts","floor":14,"turns":2},{"damage":13,"enemies":"Hexaghost","floor":16,"turns":6},{"damage":8,"enemies":"2 Thieves","floor":18,"turns":3},{"damage":24,"enemies":"3 Byrds","floor":22,"turns":5},{"damage":32,"enemies":"Slavers","floor":24,"turns":6},{"damage":14,"enemies":"Snake Plant","floor":25,"turns":2}],"seed_played":"-7009939187867890085","potions_obtained":[{"floor":6,"key":"Poison Potion"},{"floor":14,"key":"FocusPotion"},{"floor":16,"key":"SkillPotion"},{"floor":18,"key":"FearPotion"}],"is_trial":false,"path_per_floor":["M","?","?","M","$","E","$","R","T","?","E","?","M","M","R","B",null,"M","?","$","?","M","R","E","M"],"character_chosen":"DEFECT","items_purchased":["Capacitor","Cold Snap","Coolheaded","Oddly Smooth Stone","Self Repair"],"campfire_rested":2,"item_purchase_floors":[5,5,7,20,20],"current_hp_per_floor":[64,38,14,14,14,14,14,35,35,52,39,39,39,39,39,26,60,52,31,31,31,14,35,10,0],"gold":88,"neow_bonus":"THREE_ENEMY_KILL","is_prod":false,"is_daily":false,"chose_seed":false,"campfire_upgraded":1,"win_rate":0,"timestamp":1548059246,"path_taken":["M","?","?","?","?","E","$","R","T","?","E","?","M","M","R","BOSS","M","?","$","?","M","R","E","?"],"build_version":"2019-01-17v2","purchased_purges":0,"victory":false,"max_hp_per_floor":[71,71,71,71,71,71,71,71,71,71,71,71,71,71,71,71,71,71,71,71,71,71,71,71,71],"card_choices":[{"not_picked":["Go for the Eyes","Auto Shields"],"picked":"Conserve Battery","floor":1},{"not_picked":["Rebound","White Noise"],"picked":"Ball Lightning","floor":4},{"not_picked":["Force Field","Turbo"],"picked":"Steam","floor":6},{"not_picked":["Loop","Turbo"],"picked":"Core Surge","floor":11},{"not_picked":["Rip and Tear","Cold Snap"],"picked":"Ball Lightning","floor":13},{"not_picked":["Chill","Conserve Battery"],"picked":"Ball Lightning","floor":14},{"not_picked":["All For One","Buffer"],"picked":"Creative AI","floor":16},{"not_picked":["Streamline","Force Field"],"picked":"Fusion","floor":18},{"not_picked":["Stack","Turbo"],"picked":"Static Discharge+1","floor":22},{"not_picked":["Turbo","Steam+1"],"picked":"Consume","floor":24}],"player_experience":573014,"relics_obtained":[{"floor":6,"key":"Boot"},{"floor":9,"key":"Kunai"},{"floor":11,"key":"Bag of Preparation"},{"floor":19,"key":"Necronomicon"},{"floor":24,"key":"Shuriken"}],"event_choices":[{"damage_healed":0,"gold_gain":0,"player_choice":"Success","damage_taken":26,"relics_obtained":["Vajra"],"max_hp_gain":0,"max_hp_loss":0,"event_name":"Scrap Ooze","floor":2,"gold_loss":0},{"damage_healed":0,"gold_gain":0,"player_choice":"Take Damage","damage_taken":24,"relics_obtained":["Golden Idol"],"max_hp_gain":0,"max_hp_loss":0,"event_name":"Golden Idol","floor":3,"gold_loss":0},{"damage_healed":17,"gold_gain":0,"player_choice":"Healed","damage_taken":0,"max_hp_gain":0,"max_hp_loss":0,"event_name":"The Cleric","floor":10,"gold_loss":35},{"damage_healed":0,"gold_gain":0,"player_choice":"Forge","damage_taken":0,"max_hp_gain":0,"max_hp_loss":0,"event_name":"Accursed Blacksmith","floor":12,"gold_loss":0,"cards_upgraded":["Ball Lightning"]},{"damage_healed":0,"gold_gain":0,"player_choice":"Obtained Book","damage_taken":21,"max_hp_gain":0,"max_hp_loss":0,"event_name":"Cursed Tome","floor":19,"gold_loss":0},{"damage_healed":0,"gold_gain":0,"cards_transformed":["Strike_B"],"player_choice":"Transformed","damage_taken":0,"max_hp_gain":0,"max_hp_loss":0,"event_name":"Transmorgrifier","floor":21,"gold_loss":0,"cards_obtained":["Rebound"]}],"is_beta":false,"boss_relics":[{"not_picked":["Astrolabe","Runic Pyramid"],"picked":"Cursed Key"}],"items_purged_floors":[],"is_endless":false,"potions_floor_spawned":[6,14,16,18],"killed_by":"Snake Plant","ascension_level":18}