{"path_per_floor":["M","M","M","?","M","E","M","R","T","$","R","M","R","T","R","B",null,"M","M","M","?","$","R","M","M","T","?","$","R","?","M","R"],"character_chosen":"THE_SILENT","items_purchased":["Noxious Fumes","Cloak And Dagger"],"gold_per_floor":[16,29,48,48,58,84,103,103,103,28,28,46,46,46,46,142,142,161,171,184,184,10,10,25,35,60,60,8,8,8,20,20],"floor_reached":33,"campfire_rested":2,"playtime":2104,"current_hp_per_floor":[70,70,70,56,49,33,33,33,33,33,33,29,29,29,50,38,70,69,49,43,34,34,34,24,22,22,22,22,22,22,7,29],"items_purged":["Strike_G","Dash"],"gold":20,"play_id":"ab3e83df-c0e7-4cc7-bfa3-51acba5b4d50","is_prod":false,"is_daily":false,"is_ascension_mode":true,"campfire_upgraded":5,"path_taken":["M","M","M","?","M","E","M","R","T","$","R","M","R","?","R","BOSS","M","M","M","?","$","R","?","M","T","?","$","R","?","M","R","BOSS"],"build_version":"2018-02-01-PROD3","purchased_purges":2,"victory":false,"master_deck":["Defend_G","Defend_G+1","Defend_G","Strike_G+1","Survivor","Neutralize+1","Bouncing Flask+1","Acrobatics","PiercingWail","Bouncing Flask+1","Backflip+1","Noxious Fumes+1","Quick Slash+1","After Image+1","Burst+1","Heel Hook+1","Noxious Fumes+1","Cloak And Dagger+1","Corpse Explosion","Escape Plan"],"max_hp_per_floor":[70,70,70,70,70,70,70,70,70,70,70,70,70,70,70,70,70,70,70,70,75,75,75,75,75,75,75,75,75,75,75,75],"relics":["Ring of the Snake","Whetstone","Darkstone Periapt","Dream Catcher","Astrolabe","Orichalcum"],"card_choices":[{"not_picked":["Backflip","Deflect"],"picked":"Bouncing Flask"},{"not_picked":["Deflect","Calculated Gamble"],"picked":"Acrobatics"},{"not_picked":["Slice","Acrobatics"],"picked":"PiercingWail"},{"not_picked":["Dodge and Roll","Bullet Time"],"picked":"Bouncing Flask"},{"not_picked":["Underhanded Strike","Terror"],"picked":"Backflip"},{"not_picked":["Sucker Punch","Accuracy"],"picked":"Noxious Fumes"},{"not_picked":["Heel Hook","Blur"],"picked":"Dash"},{"not_picked":["Outmaneuver","Dagger Spray"],"picked":"Heel Hook"},{"not_picked":["Quick Slash","Predator"],"picked":"Corpse Explosion"},{"not_picked":["PiercingWail","Reflex"],"picked":"Escape Plan"}],"player_experience":113908,"potions_floor_usage":[6,18,20,20,24,25],"damage_taken":[{"damage":0,"enemies":"Small Slimes","floor":1,"turns":4},{"damage":0,"enemies":"2 Louse","floor":2,"turns":3},{"damage":0,"enemies":"Cultist","floor":3,"turns":3},{"damage":7,"enemies":"Large Slime","floor":5,"turns":6},{"damage":16,"enemies":"Gremlin Nob","floor":6,"turns":3},{"damage":0,"enemies":"2 Fungi Beasts","floor":7,"turns":3},{"damage":4,"enemies":"3 Louse","floor":12,"turns":4},{"damage":12,"enemies":"The Guardian","floor":16,"turns":6},{"damage":1,"enemies":"Shell Parasite","floor":18,"turns":6},{"damage":20,"enemies":"2 Thieves","floor":19,"turns":5},{"damage":21,"enemies":"Chosen and Byrds","floor":20,"turns":6},{"damage":10,"enemies":"Snake Plant","floor":24,"turns":3},{"damage":2,"enemies":"Centurion and Healer","floor":25,"turns":6},{"damage":15,"enemies":"Snecko","floor":31,"turns":4},{"damage":29,"enemies":"Automaton","floor":33,"turns":8}],"event_choices":[{"event_name":"Shining Light","player_choice":"Entered Light","floor":4,"damage_taken":0},{"event_name":"Forgotten Altar","player_choice":"Shed Blood","floor":21,"damage_taken":0},{"event_name":"Addict","player_choice":"Ignored","floor":27,"damage_taken":0},{"event_name":"Beggar","player_choice":"Ignored","floor":30,"damage_taken":0}],"boss_relics":[{"not_picked":["Black Star","Ectoplasm"],"picked":"Astrolabe"}],"potions_floor_spawned":[2,5,7,16,19,24,31],"seed_played":"-5695296785040530073","killed_by":"Automaton","ascension_level":2,"is_trial":false}