{"path_per_floor":["M","M","?","M","?","E","M","M","T","M","R","$","M","M","R","B",null,"M","?","M","?","M","E","R","E","T","$","M","R","M","M","R","B",null,"M","M","?","?","?","R","T","M","T","R","M","R","M","M","R"],"character_chosen":"IRONCLAD","items_purchased":["Inflame","Dropkick"],"gold_per_floor":[112,132,132,144,144,174,190,205,277,293,293,71,81,99,99,195,195,205,205,224,124,140,171,171,200,224,124,141,141,151,171,171,274,274,291,307,307,0,0,0,0,12,36,36,52,52,63,80,80],"floor_reached":50,"campfire_rested":5,"playtime":2005,"current_hp_per_floor":[77,80,80,80,73,48,43,49,49,53,53,53,54,54,54,40,80,72,57,49,49,47,27,52,36,36,36,19,44,44,41,66,8,85,85,60,60,60,60,60,60,30,30,30,15,40,37,39,64],"items_purged":["Strike_R","Strike_R"],"gold":80,"score":465,"play_id":"98abffac-dd24-4fe6-9d9d-e40ae9032d64","is_prod":false,"is_daily":false,"is_ascension_mode":false,"campfire_upgraded":4,"path_taken":["M","M","?","M","?","E","M","M","T","M","R","$","M","M","R","BOSS","M","?","M","?","M","E","R","E","T","$","?","R","M","M","R","BOSS","M","M","?","?","?","R","?","M","T","R","M","R","M","M","R","BOSS"],"build_version":"2018-02-15-PROD1","purchased_purges":2,"victory":false,"master_deck":["Strike_R","Strike_R+1","Defend_R","Defend_R","Defend_R","Bash+1","Flex","Heavy Blade+1","Cleave","Shrug It Off","Headbutt","Inflame","Dropkick+1","Metallicize+1","Impervious","Shockwave","Dropkick+1","J.A.X.","Metallicize+1","Whirlwind+1","Demon Form+1","Warcry+1"],"max_hp_per_floor":[80,80,80,80,80,80,80,80,80,80,80,80,80,80,80,80,80,80,85,85,85,85,85,85,85,85,85,85,85,85,85,85,85,85,85,85,85,85,85,85,85,85,85,85,85,85,85,85,85],"relics":["Burning Blood","Paper Frog","Darkstone Periapt","Runic Dome","Whetstone","Oddly Smooth Stone","Art of War","Velvet Choker","Red Mask","Champion Belt","Juzu Bracelet"],"card_choices":[{"not_picked":["Uppercut","Thunderclap"],"picked":"Flex"},{"not_picked":["Seeing Red","Corruption"],"picked":"Heavy Blade"},{"not_picked":["Reckless Charge","Corruption"],"picked":"Cleave"},{"not_picked":["Heavy Blade","Flex"],"picked":"Shrug It Off"},{"not_picked":["Reckless Charge","Dark Embrace"],"picked":"Headbutt"},{"not_picked":["Fire Breathing","Thunderclap"],"picked":"Metallicize"},{"not_picked":["Immolate","Bludgeon"],"picked":"Impervious"},{"not_picked":["Havoc","Perfected Strike"],"picked":"Shockwave"},{"not_picked":["Perfected Strike","Immolate"],"picked":"Dropkick"},{"not_picked":["Havoc","Rage"],"picked":"Metallicize"},{"not_picked":["Bloodletting","Armaments"],"picked":"Whirlwind"},{"not_picked":["Power Through","Ghostly Armor"],"picked":"Demon Form"},{"not_picked":["Fiend Fire","Impervious"],"picked":"Limit Break"},{"not_picked":["Pummel","Havoc"],"picked":"Warcry"}],"player_experience":187493,"potions_floor_usage":[50,50,50],"damage_taken":[{"damage":9.0,"enemies":"Jaw Worm","floor":1.0,"turns":4.0},{"damage":0.0,"enemies":"Cultist","floor":2.0,"turns":2.0},{"damage":0.0,"enemies":"2 Louse","floor":4.0,"turns":3.0},{"damage":31.0,"enemies":"Lagavulin","floor":6.0,"turns":5.0},{"damage":11.0,"enemies":"Blue Slaver","floor":7.0,"turns":4.0},{"damage":0.0,"enemies":"3 Louse","floor":8.0,"turns":4.0},{"damage":2.0,"enemies":"2 Fungi Beasts","floor":10.0,"turns":3.0},{"damage":5.0,"enemies":"Looter","floor":13.0,"turns":2.0},{"damage":6.0,"enemies":"Blue Slaver","floor":14.0,"turns":4.0},{"damage":20.0,"enemies":"Hexaghost","floor":16.0,"turns":6.0},{"damage":14.0,"enemies":"Spheric Guardian","floor":18.0,"turns":4.0},{"damage":14.0,"enemies":"Chosen","floor":20.0,"turns":5.0},{"damage":14.0,"enemies":"Snake Plant","floor":22.0,"turns":3.0},{"damage":26.0,"enemies":"Slavers","floor":23.0,"turns":6.0},{"damage":22.0,"enemies":"Gremlin Leader","floor":25.0,"turns":4.0},{"damage":35.0,"enemies":"Slaver and Parasite","floor":28.0,"turns":5.0},{"damage":6.0,"enemies":"3 Cultists","floor":30.0,"turns":3.0},{"damage":9.0,"enemies":"Snake Plant","floor":31.0,"turns":2.0},{"damage":64.0,"enemies":"Automaton","floor":33.0,"turns":8.0},{"damage":2.0,"enemies":"3 Shapes","floor":35.0,"turns":5.0},{"damage":31.0,"enemies":"3 Darklings","floor":36.0,"turns":5.0},{"damage":36.0,"enemies":"Sphere and 2 Shapes","floor":42.0,"turns":6.0},{"damage":21.0,"enemies":"Maw","floor":45.0,"turns":6.0},{"damage":9,"enemies":"3 Darklings","floor":47,"turns":5},{"damage":4,"enemies":"4 Shapes","floor":48,"turns":2},{"damage":83,"enemies":"Donu and Deca","floor":50,"turns":5}],"event_choices":[{"event_name":"Purifier","player_choice":"One Purge","floor":3.0,"damage_taken":0.0},{"event_name":"Golden Wing","player_choice":"Card Removal","floor":5.0,"damage_taken":0.0},{"event_name":"Forgotten Altar","player_choice":"Shed Blood","floor":19.0,"damage_taken":0.0},{"event_name":"Drug Dealer","player_choice":"Got JAXXED","floor":21.0,"damage_taken":0.0},{"event_name":"Tomb of Lord Red Mask","player_choice":"Paid","floor":38.0,"damage_taken":0.0},{"event_name":"Mysterious Sphere","player_choice":"Ignore","floor":39.0,"damage_taken":0.0}],"boss_relics":[],"potions_floor_spawned":[2,4,7,10,14,18,20,23,25,36,45,47,48],"seed_played":"8534974189364446480","killed_by":"Donu and Deca","ascension_level":0,"is_trial":false}