{"gold_per_floor":[217,236,252,252,272,272,297,297,323,8,22,22,22,22,22,22],"floor_reached":16,"playtime":439,"items_purged":[],"score":200,"play_id":"6f8c02eb-ede0-42e8-863b-eb2047d136e7","local_time":"20181106222330","is_ascension_mode":true,"campfire_choices":[{"floor":6,"key":"REST"},{"floor":8,"key":"REST"},{"data":"Rampage","floor":13,"key":"SMITH"},{"floor":15,"key":"REST"}],"neow_cost":"NONE","seed_source_timestamp":443212929545134,"circlet_count":0,"master_deck":["AscendersBane","Strike_R","Strike_R","Strike_R","Strike_R","Defend_R","Defend_R","Defend_R","Defend_R","Bash","Rampage+1","Flame Barrier","Ghostly Armor","Shrug It Off"],"relics":["Burning Blood","Lantern","Orichalcum","Ice Cream"],"potions_floor_usage":[7,11,16],"damage_taken":[{"damage":14,"enemies":"Jaw Worm","floor":1,"turns":4},{"damage":14,"enemies":"Small Slimes","floor":2,"turns":5},{"damage":2,"enemies":"Cultist","floor":3,"turns":4},{"damage":13,"enemies":"3 Louse","floor":5,"turns":4},{"damage":45,"enemies":"3 Sentries","floor":7,"turns":9},{"damage":10,"enemies":"Gremlin Gang","floor":11,"turns":6},{"damage":90,"enemies":"Slime Boss","floor":16,"turns":12}],"seed_played":"1464313094919688714","potions_obtained":[{"floor":5,"key":"AttackPotion"},{"floor":7,"key":"Fire Potion"},{"floor":11,"key":"EssenceOfSteel"}],"is_trial":false,"path_per_floor":["M","M","M","?","M","R","E","R","T","$","M","$","R","?","R","B"],"character_chosen":"IRONCLAD","items_purchased":["Ice Cream"],"campfire_rested":3,"item_purchase_floors":[10],"current_hp_per_floor":[60,52,56,56,49,71,32,54,54,54,50,50,50,55,79,0],"gold":22,"neow_bonus":"HUNDRED_GOLD","is_prod":false,"is_daily":false,"chose_seed":false,"campfire_upgraded":1,"win_rate":0,"timestamp":1541571810,"path_taken":["M","M","M","?","M","R","E","R","T","$","M","$","R","?","R","BOSS"],"build_version":"2018-11-05","purchased_purges":0,"victory":false,"max_hp_per_floor":[75,75,75,75,75,75,75,75,75,75,75,75,75,80,80,80],"card_choices":[{"not_picked":["Havoc","Anger","Warcry"],"picked":"SKIP","floor":1},{"not_picked":["Clothesline","Cleave"],"picked":"Rampage","floor":2},{"not_picked":["Warcry","Cleave"],"picked":"Flame Barrier","floor":3},{"not_picked":["Second Wind","Twin Strike","Seeing Red"],"picked":"SKIP","floor":5},{"not_picked":["Armaments","Rupture"],"picked":"Ghostly Armor","floor":7},{"not_picked":["Entrench","Heavy Blade"],"picked":"Shrug It Off","floor":11}],"player_experience":620944,"relics_obtained":[{"floor":7,"key":"Lantern"},{"floor":9,"key":"Orichalcum"}],"event_choices":[{"cards_removed":["Strike_R"],"damage_healed":0,"gold_gain":0,"player_choice":"Forget","damage_taken":0,"max_hp_gain":0,"max_hp_loss":0,"event_name":"Living Wall","floor":4,"gold_loss":0},{"damage_healed":0,"gold_gain":0,"player_choice":"Donut","damage_taken":0,"max_hp_gain":5,"max_hp_loss":0,"event_name":"Big Fish","floor":14,"gold_loss":0}],"is_beta":true,"boss_relics":[],"items_purged_floors":[],"is_endless":false,"potions_floor_spawned":[5,7,11],"killed_by":"Slime Boss","ascension_level":20}