{"gold_per_floor":[119,119,136,154,167,167,202,202,202,219,77,77,96,125,125,225,225,243,243,261,276,276,311,331,331,331,396,431,480,357,387,387,485,485,496,515,515,737,756,756,788,788,814,814,358,384,384,398,398,398],"floor_reached":50,"playtime":2199,"items_purged":["Strike_R","Strike_R"],"score":874,"play_id":"796cd12c-7116-4476-b266-e05fea8f25ee","local_time":"20190223101509","is_ascension_mode":true,"campfire_choices":[{"data":"Body Slam","floor":6.0,"key":"SMITH"},{"data":"Perfected Strike","floor":8.0,"key":"SMITH"},{"floor":12.0,"key":"REST"},{"data":"Bludgeon","floor":15.0,"key":"SMITH"},{"data":"Body Slam","floor":25,"key":"SMITH"},{"data":"Body Slam","floor":32,"key":"SMITH"},{"data":"Juggernaut","floor":40,"key":"SMITH"},{"data":"Shrug It Off","floor":42,"key":"SMITH"},{"data":"Metallicize","floor":49,"key":"SMITH"}],"neow_cost":"NONE","seed_source_timestamp":744513720040975,"circlet_count":0,"master_deck":["Strike_R","Strike_R+1","Strike_R","Defend_R","Defend_R","Defend_R","Defend_R","Bash+1","Perfected Strike+1","Body Slam+1","Shrug It Off+1","Spot Weakness","Bludgeon+1","Warcry+1","Body Slam+1","Flex+1","Juggernaut+1","Burning Pact+1","Rage+1","Reaper","Shrug It Off+1","Shrug It Off+1","Perfected Strike+1","Seeing Red+1","Body Slam+1","Clothesline+1","Double Tap+1","Metallicize+1","Rage+1","Body Slam+1","Madness+1","True Grit+1","Ghostly Armor+1","Metallicize"],"special_seed":0,"relics":["Burning Blood","Boot","Thread and Needle","Toxic Egg 2","PreservedInsect","Sozu","Centennial Puzzle","Whetstone","Meat on the Bone","Tiny Chest","Red Mask","Dream Catcher","Red Skull","Black Star","Blue Candle","Oddly Smooth Stone","Art of War","Kunai","Regal Pillow","Bottled Tornado","Ornamental Fan"],"potions_floor_usage":[33],"damage_taken":[{"damage":11.0,"enemies":"2 Louse","floor":1.0,"turns":3.0},{"damage":6.0,"enemies":"Cultist","floor":3.0,"turns":4.0},{"damage":2.0,"enemies":"Jaw Worm","floor":4.0,"turns":3.0},{"damage":17.0,"enemies":"Large Slime","floor":5.0,"turns":6.0},{"damage":43.0,"enemies":"Lagavulin","floor":7.0,"turns":7.0},{"damage":16.0,"enemies":"3 Louse","floor":10.0,"turns":3.0},{"damage":0.0,"enemies":"Looter","floor":13.0,"turns":3.0},{"damage":12.0,"enemies":"Gremlin Nob","floor":14.0,"turns":3.0},{"damage":26.0,"enemies":"Slime Boss","floor":16.0,"turns":9.0},{"damage":0.0,"enemies":"Spheric Guardian","floor":18.0,"turns":2.0},{"damage":3.0,"enemies":"Chosen","floor":20.0,"turns":3.0},{"damage":46.0,"enemies":"Shelled Parasite and Fungi","floor":21.0,"turns":5.0},{"damage":28.0,"enemies":"Gremlin Leader","floor":23.0,"turns":7.0},{"damage":6.0,"enemies":"3 Cultists","floor":24.0,"turns":4.0},{"damage":13,"enemies":"Slavers","floor":27,"turns":4},{"damage":0,"enemies":"Masked Bandits","floor":28,"turns":4},{"damage":26,"enemies":"Book of Stabbing","floor":31,"turns":4},{"damage":57,"enemies":"Collector","floor":33,"turns":11},{"damage":26,"enemies":"3 Darklings","floor":35,"turns":4},{"damage":4,"enemies":"3 Shapes","floor":36,"turns":4},{"damage":0,"enemies":"Jaw Worm Horde","floor":39,"turns":5},{"damage":11,"enemies":"Giant Head","floor":41,"turns":5},{"damage":1,"enemies":"Nemesis","floor":46,"turns":4},{"damage":4,"enemies":"Maw","floor":48,"turns":5},{"damage":107,"enemies":"Time Eater","floor":50,"turns":9}],"seed_played":"3091736423213558010","potions_obtained":[{"floor":1.0,"key":"BloodPotion"},{"floor":3.0,"key":"Regen Potion"},{"floor":7.0,"key":"FearPotion"}],"is_trial":false,"path_per_floor":["M","?","M","M","M","R","E","R","T","M","$","R","M","E","R","B",null,"M","?","M","M","T","E","M","R","T","E","?","T","$","E","R","B",null,"M","M","?","?","M","R","E","R","T","?","$","E","T","M","R","B"],"character_chosen":"IRONCLAD","items_purchased":["Body Slam","Good Instincts+1","Body Slam","Kunai","Madness+1","True Grit+1"],"campfire_rested":1,"item_purchase_floors":[11,11,30,45,45,45],"current_hp_per_floor":[75,75,75,79,68,68,31,31,31,21,21,47,53,47,47,27,73,79,79,82,42,42,41,46,46,46,61,74,74,74,54,54,30,74,68,81,81,81,88,88,83,83,83,83,83,88,88,88,88,0],"gold":398,"neow_bonus":"TEN_PERCENT_HP_BONUS","is_prod":false,"is_daily":false,"chose_seed":false,"campfire_upgraded":8,"win_rate":0,"timestamp":1550934909,"path_taken":["M","?","M","?","M","R","E","R","T","M","$","R","M","E","R","BOSS","M","?","?","M","?","E","M","R","T","E","?","?","$","E","R","BOSS","M","M","?","?","M","R","E","R","T","?","$","E","?","?","R","BOSS"],"build_version":"2019-01-23","purchased_purges":2,"victory":false,"max_hp_per_floor":[88,88,88,88,88,88,88,88,88,88,88,88,88,88,88,88,88,88,88,88,88,88,88,88,88,88,88,88,88,88,88,88,88,88,88,88,88,88,88,88,88,88,88,88,88,88,88,88,88,88],"card_choices":[{"not_picked":["Disarm","Reckless Charge"],"picked":"Perfected Strike","floor":1.0},{"not_picked":["Blood for Blood","Flex"],"picked":"Body Slam","floor":3.0},{"not_picked":["Pommel Strike","Sword Boomerang"],"picked":"Shrug It Off","floor":4.0},{"not_picked":["Flex","Rupture"],"picked":"Spot Weakness","floor":5.0},{"not_picked":["Infernal Blade","Shrug It Off"],"picked":"Bludgeon","floor":7.0},{"not_picked":["Entrench+1","Iron Wave"],"picked":"Warcry+1","floor":10.0},{"not_picked":["Searing Blow","Anger"],"picked":"Flex+1","floor":13.0},{"not_picked":["Disarm+1","Clash","Second Wind+1"],"picked":"SKIP","floor":14.0},{"not_picked":["Exhume+1","Fiend Fire"],"picked":"Juggernaut","floor":16.0},{"not_picked":["Sword Boomerang","Wild Strike"],"picked":"Burning Pact+1","floor":18.0},{"not_picked":["Warcry+1","Body Slam"],"picked":"Rage+1","floor":20.0},{"not_picked":["Body Slam","True Grit+1"],"picked":"Reaper","floor":21.0},{"not_picked":["Clothesline","Clash"],"picked":"Shrug It Off+1","floor":23.0},{"not_picked":["Iron Wave","Inflame"],"picked":"Shrug It Off+1","floor":24.0},{"not_picked":["Armaments+1","Heavy Blade"],"picked":"Perfected Strike+1","floor":27},{"not_picked":["Flex+1","Feel No Pain+1"],"picked":"Seeing Red+1","floor":28},{"not_picked":["Feed","True Grit+1"],"picked":"Clothesline+1","floor":31},{"not_picked":["Berserk","Fiend Fire"],"picked":"Double Tap+1","floor":33},{"not_picked":["Shrug It Off+1","Warcry+1"],"picked":"Metallicize","floor":35},{"not_picked":["Headbutt","Armaments+1"],"picked":"Rage+1","floor":36},{"not_picked":["Corruption","Wild Strike+1","Flex+1"],"picked":"SKIP","floor":39},{"not_picked":["Carnage+1","Warcry+1"],"picked":"Body Slam+1","floor":41},{"not_picked":["Second Wind+1","Rage+1"],"picked":"Ghostly Armor+1","floor":46},{"not_picked":["Twin Strike","Warcry+1"],"picked":"Metallicize","floor":48}],"player_experience":220020,"relics_obtained":[{"floor":7.0,"key":"Thread and Needle"},{"floor":9.0,"key":"Toxic Egg 2"},{"floor":14.0,"key":"PreservedInsect"},{"floor":22.0,"key":"Centennial Puzzle"},{"floor":23.0,"key":"Whetstone"},{"floor":26,"key":"Meat on the Bone"},{"floor":27,"key":"Tiny Chest"},{"floor":28,"key":"Red Mask"},{"floor":29,"key":"Dream Catcher"},{"floor":31,"key":"Red Skull"},{"floor":41,"key":"Blue Candle"},{"floor":41,"key":"Oddly Smooth Stone"},{"floor":43,"key":"Art of War"},{"floor":46,"key":"Regal Pillow"},{"floor":46,"key":"Bottled Tornado"},{"floor":47,"key":"Ornamental Fan"}],"event_choices":[{"damage_healed":0.0,"max_hp_gain":0.0,"max_hp_loss":0.0,"gold_gain":0.0,"event_name":"WeMeetAgain","player_choice":"Gave Potion","floor":2.0,"gold_loss":0.0,"damage_taken":0.0,"relics_obtained":["Boot"]},{"damage_healed":0.0,"max_hp_gain":0.0,"max_hp_loss":0.0,"gold_gain":0.0,"event_name":"Lab","player_choice":"Got Potions","floor":19.0,"gold_loss":0.0,"damage_taken":0.0},{"damage_healed":0,"gold_gain":0,"player_choice":"Fought Bandits","damage_taken":0,"max_hp_gain":0,"max_hp_loss":0,"event_name":"Masked Bandits","floor":28,"gold_loss":0},{"cards_removed":["Good Instincts"],"damage_healed":0,"gold_gain":0,"player_choice":"Removed Skill","damage_taken":0,"max_hp_gain":0,"max_hp_loss":0,"event_name":"Falling","floor":37,"gold_loss":0},{"damage_healed":0,"gold_gain":222,"player_choice":"Wore Mask","damage_taken":0,"max_hp_gain":0,"max_hp_loss":0,"event_name":"Tomb of Lord Red Mask","floor":38,"gold_loss":0},{"damage_healed":0,"gold_gain":0,"player_choice":"Ignored","damage_taken":0,"max_hp_gain":0,"max_hp_loss":0,"event_name":"Mysterious Sphere","floor":44,"gold_loss":0}],"is_beta":false,"boss_relics":[{"not_picked":["Ectoplasm","Calling Bell"],"picked":"Sozu"},{"not_picked":["Mark of Pain","Busted Crown"],"picked":"Black Star"}],"items_purged_floors":[30,45],"is_endless":false,"potions_floor_spawned":[1,3,7,21,24,28,33,41,46],"killed_by":"Time Eater","ascension_level":9}