{"gold_per_floor":[112,287,302,302,313,313,343,343,393,393,422,422,441,441,441,540,540,552,552,552,565,42,42],"floor_reached":23,"playtime":1276,"items_purged":["Doubt"],"score":236,"play_id":"3ff64f45-25f5-47fc-bf4a-0e0ad72a20cc","local_time":"20181110001928","is_ascension_mode":true,"campfire_choices":[{"data":"Armaments","floor":6,"key":"SMITH"},{"data":"Barricade","floor":10,"key":"SMITH"},{"floor":15,"key":"REST"}],"neow_cost":"NONE","seed_source_timestamp":113725455855307,"circlet_count":0,"master_deck":["Strike_R","Strike_R","Strike_R","Strike_R","Strike_R","Defend_R","Defend_R","Defend_R","Defend_R","Bash","Body Slam+1","Armaments+1","Evolve+1","Barricade+1","Iron Wave","Intimidate","Offering","Infernal Blade+1","Havoc+1"],"relics":["Burning Blood","Ancient Tea Set","Juzu Bracelet","Ginger","Orichalcum","Calipers","Snecko Eye","Enchiridion","Kunai","Gremlin Horn","PrismaticShard"],"potions_floor_usage":[11,16],"damage_taken":[{"damage":6,"enemies":"2 Louse","floor":1,"turns":3},{"damage":1,"enemies":"Cultist","floor":3,"turns":4},{"damage":3,"enemies":"Small Slimes","floor":5,"turns":6},{"damage":46,"enemies":"Gremlin Nob","floor":7,"turns":5},{"damage":21,"enemies":"3 Sentries","floor":11,"turns":13},{"damage":18,"enemies":"Gremlin Gang","floor":13,"turns":6},{"damage":12,"enemies":"Hexaghost","floor":16,"turns":10},{"damage":50,"enemies":"3 Byrds","floor":18,"turns":10},{"damage":6,"enemies":"Chosen","floor":21,"turns":6},{"damage":20,"enemies":"Book of Stabbing","floor":23,"turns":4}],"seed_played":"1464973471064754393","potions_obtained":[{"floor":3,"key":"SkillPotion"},{"floor":13,"key":"FearPotion"},{"floor":16,"key":"Poison Potion"}],"is_trial":false,"path_per_floor":["M","?","M","?","M","R","E","?","T","R","E","?","M","?","R","B",null,"M","?","?","M","$","E"],"character_chosen":"IRONCLAD","items_purchased":["Gremlin Horn","PrismaticShard"],"campfire_rested":1,"item_purchase_floors":[22,22],"current_hp_per_floor":[80,80,80,80,80,80,40,40,40,40,25,25,13,13,37,31,80,36,20,20,20,20,0],"gold":42,"neow_bonus":"RANDOM_COMMON_RELIC","is_prod":false,"is_daily":false,"chose_seed":false,"campfire_upgraded":2,"win_rate":0,"timestamp":1541837968,"path_taken":["M","?","M","?","M","R","E","?","T","R","E","?","M","?","R","BOSS","M","?","?","M","?","E"],"build_version":"2018-11-08","purchased_purges":1,"victory":false,"max_hp_per_floor":[80,80,80,80,80,80,80,80,80,80,80,80,80,80,80,80,80,80,80,80,80,80,80],"card_choices":[{"not_picked":["True Grit","Rampage"],"picked":"Body Slam","floor":1},{"not_picked":["Sword Boomerang","Clash"],"picked":"Armaments","floor":3},{"not_picked":["Rage","True Grit"],"picked":"Evolve","floor":5},{"not_picked":["Rampage","True Grit"],"picked":"Barricade","floor":7},{"not_picked":["Sever Soul","Corruption"],"picked":"Iron Wave","floor":11},{"not_picked":["Clash","Havoc"],"picked":"Intimidate","floor":13},{"not_picked":["Feed","Bludgeon"],"picked":"Offering","floor":16},{"not_picked":["Perfected Strike","Armaments"],"picked":"Infernal Blade+1","floor":18},{"not_picked":["Shrug It Off","Battle Trance"],"picked":"Havoc+1","floor":21}],"player_experience":383168,"relics_obtained":[{"floor":7,"key":"Juzu Bracelet"},{"floor":9,"key":"Orichalcum"},{"floor":11,"key":"Calipers"},{"floor":19,"key":"Enchiridion"}],"event_choices":[{"damage_healed":0,"gold_gain":175,"player_choice":"AGREE","damage_taken":0,"max_hp_gain":0,"max_hp_loss":0,"event_name":"Liars Game","floor":2,"gold_loss":0,"cards_obtained":["Doubt"]},{"damage_healed":0,"gold_gain":0,"player_choice":"Full Heal","damage_taken":0,"max_hp_gain":0,"max_hp_loss":0,"event_name":"Wheel of Change","floor":4,"gold_loss":0},{"damage_healed":0,"gold_gain":0,"player_choice":"Searched \u00271\u0027 times","damage_taken":0,"relics_obtained":["Ginger"],"max_hp_gain":0,"max_hp_loss":0,"event_name":"Dead Adventurer","floor":8,"gold_loss":0},{"damage_healed":0,"gold_gain":0,"player_choice":"Forge","damage_taken":0,"max_hp_gain":0,"max_hp_loss":0,"event_name":"Accursed Blacksmith","floor":12,"gold_loss":0,"cards_upgraded":["Body Slam"]},{"damage_healed":0,"gold_gain":0,"player_choice":"Upgraded","damage_taken":0,"max_hp_gain":0,"max_hp_loss":0,"event_name":"Upgrade Shrine","floor":14,"gold_loss":0,"cards_upgraded":["Evolve"]},{"damage_healed":0,"gold_gain":0,"player_choice":"Obtained Book","damage_taken":16,"max_hp_gain":0,"max_hp_loss":0,"event_name":"Cursed Tome","floor":19,"gold_loss":0},{"damage_healed":0,"gold_gain":0,"player_choice":"Opened","damage_taken":0,"relics_obtained":["Kunai"],"max_hp_gain":0,"max_hp_loss":0,"event_name":"The Mausoleum","floor":20,"gold_loss":0}],"is_beta":false,"boss_relics":[{"not_picked":["Velvet Choker","Black Star"],"picked":"Snecko Eye"}],"items_purged_floors":[22],"is_endless":false,"potions_floor_spawned":[3,13,16],"killed_by":"Book of Stabbing","ascension_level":4}