{"gold_per_floor":[114,114,114,128,144,144,165,165,165,165,186,230,230,261,261,261],"floor_reached":16,"playtime":554,"items_purged":[],"score":215,"play_id":"bbf135ad-b1a4-4bf3-bd6b-675b29f92181","local_time":"20190206023519","is_ascension_mode":true,"campfire_choices":[{"data":"Machine Learning","floor":6,"key":"SMITH"},{"data":"Zap","floor":10,"key":"SMITH"},{"data":"Conserve Battery","floor":15,"key":"SMITH"}],"neow_cost":"PERCENT_DAMAGE","seed_source_timestamp":288833844668500,"circlet_count":0,"master_deck":["AscendersBane","Strike_B","Strike_B","Strike_B","Defend_B","Defend_B","Defend_B","Defend_B","Zap+1","Dualcast","Machine Learning+1","Go for the Eyes","Conserve Battery","Gash","Conserve Battery+1","Coolheaded+1","Self Repair","Reboot"],"relics":["Cracked Core","Golden Idol","Shuriken","Symbiotic Virus","Cables"],"potions_floor_usage":[14,14],"damage_taken":[{"damage":2,"enemies":"Jaw Worm","floor":1,"turns":5},{"damage":2,"enemies":"Small Slimes","floor":4,"turns":3},{"damage":1,"enemies":"Cultist","floor":5,"turns":4},{"damage":2,"enemies":"2 Fungi Beasts","floor":7,"turns":4},{"damage":10,"enemies":"3 Louse","floor":11,"turns":4},{"damage":12,"enemies":"Lagavulin","floor":12,"turns":6},{"damage":17,"enemies":"Gremlin Nob","floor":14,"turns":4},{"damage":12,"enemies":"Hexaghost","floor":16,"turns":9}],"seed_played":"7171831764011351501","potions_obtained":[{"floor":1,"key":"LiquidBronze"},{"floor":7,"key":"FocusPotion"},{"floor":12,"key":"Fire Potion"}],"is_trial":false,"path_per_floor":["M","?","?","M","M","R","M","?","T","R","M","E","?","E","R","B"],"character_chosen":"DEFECT","items_purchased":[],"campfire_rested":0,"item_purchase_floors":[],"current_hp_per_floor":[44,44,44,42,41,41,39,44,44,44,34,22,22,12,12,0],"gold":261,"neow_bonus":"THREE_RARE_CARDS","is_prod":false,"is_daily":false,"chose_seed":false,"campfire_upgraded":3,"win_rate":0,"timestamp":1549449319,"path_taken":["M","?","?","M","M","R","?","?","T","R","M","E","?","E","R","BOSS"],"build_version":"2019-01-23","purchased_purges":0,"victory":false,"max_hp_per_floor":[71,64,64,64,64,64,64,69,69,69,69,69,69,69,69,69],"card_choices":[{"not_picked":["Amplify","Rainbow"],"picked":"Machine Learning","floor":0},{"not_picked":["Scrape","Redo"],"picked":"Go for the Eyes","floor":1},{"not_picked":["Darkness","Aggregate"],"picked":"Conserve Battery","floor":4},{"not_picked":["Go for the Eyes","Compile Driver"],"picked":"Gash","floor":5},{"not_picked":["Compile Driver","Leap"],"picked":"Conserve Battery","floor":7},{"not_picked":["Hologram","Fission"],"picked":"Coolheaded","floor":11},{"not_picked":["Coolheaded","Heatsinks"],"picked":"Self Repair","floor":12},{"not_picked":["Sweeping Beam","Stack"],"picked":"Reboot","floor":14}],"player_experience":637042,"relics_obtained":[{"floor":9,"key":"Shuriken"},{"floor":12,"key":"Symbiotic Virus"},{"floor":14,"key":"Cables"}],"event_choices":[{"damage_healed":0,"gold_gain":0,"player_choice":"Lose Max HP","damage_taken":0,"relics_obtained":["Golden Idol"],"max_hp_gain":0,"max_hp_loss":7,"event_name":"Golden Idol","floor":2,"gold_loss":0},{"cards_removed":["Strike_B"],"damage_healed":0,"gold_gain":0,"player_choice":"Purged","damage_taken":0,"max_hp_gain":0,"max_hp_loss":0,"event_name":"Purifier","floor":3,"gold_loss":0},{"damage_healed":0,"gold_gain":0,"player_choice":"Donut","damage_taken":0,"max_hp_gain":5,"max_hp_loss":0,"event_name":"Big Fish","floor":8,"gold_loss":0},{"damage_healed":0,"gold_gain":0,"player_choice":"Grow","damage_taken":0,"max_hp_gain":0,"max_hp_loss":0,"event_name":"Living Wall","floor":13,"gold_loss":0,"cards_upgraded":["Coolheaded"]}],"is_beta":false,"boss_relics":[],"items_purged_floors":[],"is_endless":false,"potions_floor_spawned":[1,7,12],"killed_by":"Hexaghost","ascension_level":19}