{"gold_per_floor":[116,134,146,161,178,178,210,210,210,135,135,169,221,36,36,131,131,148,148,247,247,247,247,260,286,286,286,296,1,1,1,1,96,96,106,120,134,9,24,24,42,42,42,42,56,56,74,88,88,88],"floor_reached":50,"playtime":1885,"items_purged":["Strike_B","Defend_B","Defend_B"],"score":502,"play_id":"db74859c-4d12-4fc2-872c-9efff7049c4b","local_time":"20190212175204","is_ascension_mode":false,"campfire_choices":[{"floor":6,"key":"REST"},{"data":"Hologram","floor":8,"key":"SMITH"},{"floor":15,"key":"REST"},{"data":"Loop","floor":23,"key":"SMITH"},{"floor":27,"key":"REST"},{"data":"Electrodynamics","floor":30,"key":"SMITH"},{"floor":32,"key":"RECALL"},{"floor":40,"key":"REST"},{"floor":42,"key":"REST"},{"floor":46,"key":"REST"},{"floor":49,"key":"REST"}],"neow_cost":"NONE","seed_source_timestamp":5025678446932429,"circlet_count":0,"master_deck":["Strike_B","Strike_B","Defend_B","Defend_B","Zap","Dualcast","Doom and Gloom","Ball Lightning","Hologram+1","Buffer","Rip and Tear","Redo","Loop+1","Leap","Electrodynamics+1","Melter+1","Coolheaded","Conserve Battery","Injury","Lockon","Leap","Defragment","Leap+1","Redo+1","Capacitor","BootSequence","Clumsy","Go for the Eyes","Leap+1"],"relics":["Cracked Core","Vajra","Kunai","Ginger","Prayer Wheel","Cursed Key","Red Mask","Bottled Tornado","Fusion Hammer","Bronze Scales","CultistMask"],"potions_floor_usage":[12,12,16,25,25,37,37,50,50],"damage_taken":[{"damage":6,"enemies":"Jaw Worm","floor":1,"turns":3},{"damage":0,"enemies":"2 Louse","floor":2,"turns":2},{"damage":0,"enemies":"Small Slimes","floor":3,"turns":2},{"damage":5,"enemies":"Gremlin Gang","floor":4,"turns":2},{"damage":18,"enemies":"Exordium Thugs","floor":5,"turns":4},{"damage":14,"enemies":"Gremlin Nob","floor":7,"turns":3},{"damage":13,"enemies":"3 Sentries","floor":12,"turns":6},{"damage":55,"enemies":"Hexaghost","floor":16,"turns":10},{"damage":8,"enemies":"3 Byrds","floor":18,"turns":4},{"damage":12,"enemies":"Chosen","floor":24,"turns":5},{"damage":0,"enemies":"Masked Bandits","floor":25,"turns":2},{"damage":12,"enemies":"3 Cultists","floor":28,"turns":4},{"damage":17,"enemies":"Champ","floor":33,"turns":10},{"damage":3,"enemies":"3 Shapes","floor":35,"turns":2},{"damage":20,"enemies":"3 Darklings","floor":36,"turns":3},{"damage":25,"enemies":"Maw","floor":37,"turns":7},{"damage":0,"enemies":"Jaw Worm Horde","floor":39,"turns":3},{"damage":11,"enemies":"4 Shapes","floor":41,"turns":2},{"damage":0,"enemies":"Spire Growth","floor":45,"turns":5},{"damage":0,"enemies":"Sphere and 2 Shapes","floor":47,"turns":2},{"damage":18,"enemies":"Transient","floor":48,"turns":5},{"damage":76,"enemies":"Awakened One","floor":50,"turns":17}],"seed_played":"-3943085881735476426","potions_obtained":[{"floor":3,"key":"SpeedPotion"},{"floor":5,"key":"Block Potion"},{"floor":12,"key":"SpeedPotion"},{"floor":16,"key":"Block Potion"},{"floor":24,"key":"Explosive Potion"},{"floor":25,"key":"Strength Potion"},{"floor":35,"key":"PowerPotion"},{"floor":45,"key":"LiquidBronze"},{"floor":48,"key":"FearPotion"}],"is_trial":false,"path_per_floor":["M","M","M","M","M","R","E","R","T","$","?","E","?","$","R","B",null,"M","?","?","?","?","R","M","?","T","R","M","$","R","$","R","B",null,"M","M","M","$","M","R","M","R","T","?","M","R","M","M","R","B"],"character_chosen":"DEFECT","items_purchased":["Loop","Leap","Bottled Tornado","Leap"],"campfire_rested":7,"item_purchase_floors":[14,14,29,29],"current_hp_per_floor":[69,69,69,64,46,68,54,54,54,54,54,41,41,41,63,8,75,67,67,67,67,67,67,55,55,55,75,63,63,63,63,63,46,75,72,52,27,27,27,49,38,60,60,60,60,75,75,57,75,0],"gold":88,"neow_bonus":"RANDOM_COMMON_RELIC","is_prod":false,"is_daily":false,"chose_seed":false,"campfire_upgraded":3,"win_rate":0,"timestamp":1550011924,"path_taken":["M","M","M","M","M","R","E","R","T","$","?","E","?","$","R","BOSS","M","?","?","?","?","R","M","?","T","R","M","$","R","$","R","BOSS","M","M","M","$","M","R","M","R","T","?","M","R","?","M","R","BOSS"],"build_version":"2019-01-23","purchased_purges":3,"victory":false,"max_hp_per_floor":[75,75,75,75,75,75,75,75,75,75,75,75,75,75,75,75,75,75,75,75,75,75,75,75,75,75,75,75,75,75,75,75,75,75,75,75,75,75,75,75,75,75,75,75,75,75,75,75,75,75],"card_choices":[{"not_picked":["Turbo","Force Field"],"picked":"Doom and Gloom","floor":1},{"not_picked":["Rebound","Turbo"],"picked":"Ball Lightning","floor":2},{"not_picked":["Stack","Turbo","Chill"],"picked":"SKIP","floor":3},{"not_picked":["Sunder","Turbo"],"picked":"Hologram","floor":4},{"not_picked":["Chill","Consume"],"picked":"Buffer","floor":5},{"not_picked":["Heatsinks","Reprogram"],"picked":"Rip and Tear","floor":7},{"not_picked":["Coolheaded","Beam Cell"],"picked":"Redo","floor":12},{"not_picked":["Rainbow","Hyperbeam"],"picked":"Electrodynamics","floor":16},{"not_picked":["Genetic Algorithm","Aggregate"],"picked":"Melter+1","floor":18},{"not_picked":["Fusion+1","Recycle"],"picked":"Coolheaded","floor":18},{"not_picked":["Barrage","Cold Snap+1"],"picked":"Conserve Battery","floor":24},{"not_picked":["Cold Snap","Streamline","Turbo+1"],"picked":"SKIP","floor":24},{"not_picked":["Sunder","Barrage+1"],"picked":"Lockon","floor":28},{"not_picked":["Force Field+1","Chaos","Barrage"],"picked":"SKIP","floor":28},{"not_picked":["Consume","Genetic Algorithm","Redo"],"picked":"SKIP","floor":35},{"not_picked":["Sunder","Turbo","Skim"],"picked":"SKIP","floor":35},{"not_picked":["Barrage+1","Ball Lightning+1"],"picked":"Defragment","floor":36},{"not_picked":["Coolheaded","Gash+1","Reinforced Body"],"picked":"SKIP","floor":36},{"not_picked":["Sweeping Beam+1","Darkness+1"],"picked":"Leap+1","floor":37},{"not_picked":["Force Field","Steam+1"],"picked":"Redo+1","floor":37},{"not_picked":["Redo+1","Darkness","Fusion+1"],"picked":"SKIP","floor":39},{"not_picked":["Ball Lightning","Rebound+1","Gash"],"picked":"SKIP","floor":39},{"not_picked":["Streamline+1","Hello World+1"],"picked":"Capacitor","floor":41},{"not_picked":["Consume+1","Core Surge"],"picked":"BootSequence","floor":41},{"not_picked":["Turbo","Chill+1","Stack+1"],"picked":"SKIP","floor":45},{"not_picked":["Double Energy","Undo","Sweeping Beam"],"picked":"SKIP","floor":45},{"not_picked":["Compile Driver","Coolheaded"],"picked":"Go for the Eyes","floor":47},{"not_picked":["Steam+1","Conserve Battery"],"picked":"Leap+1","floor":47},{"not_picked":["Sweeping Beam","Aggregate","Rip and Tear+1"],"picked":"SKIP","floor":48},{"not_picked":["Sweeping Beam","Leap+1","Redo+1"],"picked":"SKIP","floor":48}],"player_experience":83037,"relics_obtained":[{"floor":7,"key":"Kunai"},{"floor":9,"key":"Ginger"},{"floor":12,"key":"Prayer Wheel"},{"floor":25,"key":"Red Mask"},{"floor":43,"key":"Bronze Scales"}],"event_choices":[{"damage_healed":0,"gold_gain":0,"player_choice":"Searched \u00270\u0027 times","damage_taken":0,"max_hp_gain":0,"max_hp_loss":0,"event_name":"Dead Adventurer","floor":11,"gold_loss":0},{"damage_healed":0,"gold_gain":52,"player_choice":"Gained Gold","damage_taken":0,"max_hp_gain":0,"max_hp_loss":0,"event_name":"Golden Wing","floor":13,"gold_loss":0},{"damage_healed":0,"gold_gain":0,"player_choice":"Ignored","damage_taken":0,"max_hp_gain":0,"max_hp_loss":0,"event_name":"Cursed Tome","floor":19,"gold_loss":0},{"damage_healed":0,"gold_gain":99,"player_choice":"Stole From Cult","damage_taken":0,"max_hp_gain":0,"max_hp_loss":0,"event_name":"Nest","floor":20,"gold_loss":0},{"damage_healed":0,"gold_gain":0,"player_choice":"Ignored","damage_taken":0,"max_hp_gain":0,"max_hp_loss":0,"event_name":"The Mausoleum","floor":21,"gold_loss":0},{"cards_removed":["Strike_B"],"damage_healed":0,"gold_gain":0,"player_choice":"Elegance","damage_taken":0,"max_hp_gain":0,"max_hp_loss":0,"event_name":"Back to Basics","floor":22,"gold_loss":0},{"damage_healed":0,"gold_gain":0,"player_choice":"Fought Bandits","damage_taken":0,"max_hp_gain":0,"max_hp_loss":0,"event_name":"Masked Bandits","floor":25,"gold_loss":0},{"damage_healed":0,"gold_gain":0,"player_choice":"Trade","damage_taken":0,"relics_obtained":["CultistMask"],"max_hp_gain":0,"max_hp_loss":0,"event_name":"FaceTrader","floor":44,"gold_loss":0}],"is_beta":false,"boss_relics":[{"not_picked":["Runic Dome","Philosopher\u0027s Stone"],"picked":"Cursed Key"},{"not_picked":["Coffee Dripper","Busted Crown"],"picked":"Fusion Hammer"}],"items_purged_floors":[10,14,38],"is_endless":false,"potions_floor_spawned":[3,5,12,16,24,25,35,45,48],"killed_by":"Awakened One","ascension_level":0}