{"gold_per_floor":[18,18,38,57,57,87,87,122,174,192,192,4,4,48,48,177,177,197,222,245,245,245,245,245,245,290,322,322,342,377,392,392,497,497,510,510,525,41,41,41,75,75,121,24,53,73,105,124,124,124,124,124,35,70,70],"floor_reached":55,"playtime":3935,"items_purged":["Defend_B","Strike_B"],"score":1160,"play_id":"8e209a51-ed82-45c1-8bf7-f045796ff572","local_time":"20190202185942","is_ascension_mode":true,"campfire_choices":[{"data":"Zap","floor":7.0,"key":"SMITH"},{"data":"Hologram","floor":13.0,"key":"SMITH"},{"data":"Steam","floor":15.0,"key":"SMITH"},{"data":"Dualcast","floor":23.0,"key":"SMITH"},{"data":"RitualDagger","floor":25.0,"key":"SMITH"},{"data":"Conserve Battery","floor":32.0,"key":"SMITH"},{"data":"Fission","floor":40.0,"key":"SMITH"},{"floor":49.0,"key":"RECALL"},{"data":"Jack Of All Trades","floor":52,"key":"SMITH"}],"neow_cost":"NO_GOLD","seed_source_timestamp":825392349478968,"circlet_count":0,"master_deck":["Defend_B","Defend_B","Zap+1","Dualcast+1","All For One","Gash","Compile Driver","Hologram+1","Undo+1","Seek","Streamline","Flash of Steel","Sweeping Beam","Steam+1","Hyperbeam","Beam Cell+1","Melter+1","Glacier+1","RitualDagger+1","Go for the Eyes","Gash","Chill","Conserve Battery+1","Fission+1","Go for the Eyes+1","Bandage Up","Hello World+1","Gash","Purity","Conserve Battery","Jack Of All Trades+1","Steam Power+1","Hologram+1","Hologram+1","PanicButton"],"special_seed":0,"relics":["FrozenCore","Mercury Hourglass","Lantern","Bloody Idol","Dead Branch","Empty Cage","Oddly Smooth Stone","Anchor","Happy Flower","Bag of Preparation","Sundial","Boot","War Paint","PreservedInsect","Darkstone Periapt","Orichalcum"],"potions_floor_usage":[50,50,55],"damage_taken":[{"damage":0.0,"enemies":"Small Slimes","floor":1.0,"turns":3.0},{"damage":1.0,"enemies":"2 Louse","floor":3.0,"turns":3.0},{"damage":1.0,"enemies":"Cultist","floor":4.0,"turns":3.0},{"damage":19.0,"enemies":"Gremlin Nob","floor":6.0,"turns":4.0},{"damage":13.0,"enemies":"Lagavulin","floor":8.0,"turns":5.0},{"damage":1.0,"enemies":"3 Louse","floor":10.0,"turns":2.0},{"damage":0.0,"enemies":"3 Sentries","floor":14.0,"turns":4.0},{"damage":25.0,"enemies":"The Guardian","floor":16.0,"turns":9.0},{"damage":0.0,"enemies":"Chosen","floor":18.0,"turns":3.0},{"damage":1.0,"enemies":"2 Thieves","floor":19.0,"turns":2.0},{"damage":19.0,"enemies":"Shelled Parasite and Fungi","floor":20.0,"turns":5.0},{"damage":6.0,"enemies":"Gremlin Leader","floor":27.0,"turns":5.0},{"damage":0.0,"enemies":"Cultist and Chosen","floor":29.0,"turns":4.0},{"damage":12.0,"enemies":"Book of Stabbing","floor":30.0,"turns":4.0},{"damage":0.0,"enemies":"Centurion and Healer","floor":31.0,"turns":3.0},{"damage":21.0,"enemies":"Champ","floor":33.0,"turns":12.0},{"damage":0.0,"enemies":"3 Shapes","floor":35.0,"turns":5.0},{"damage":0.0,"enemies":"Orb Walker","floor":37.0,"turns":2.0},{"damage":4.0,"enemies":"Giant Head","floor":41.0,"turns":7.0},{"damage":5.0,"enemies":"Reptomancer","floor":45.0,"turns":5.0},{"damage":11.0,"enemies":"Writhing Mass","floor":46.0,"turns":7.0},{"damage":6.0,"enemies":"Nemesis","floor":47.0,"turns":5.0},{"damage":0.0,"enemies":"Spire Growth","floor":48.0,"turns":4.0},{"damage":37,"enemies":"Time Eater","floor":50,"turns":13},{"damage":15,"enemies":"Shield and Spear","floor":54,"turns":4},{"damage":80,"enemies":"The Heart","floor":55,"turns":3}],"seed_played":"1806231481856334002","potions_obtained":[{"floor":4.0,"key":"Dexterity Potion"},{"floor":8.0,"key":"SmokeBomb"},{"floor":14.0,"key":"Poison Potion"},{"floor":16.0,"key":"Energy Potion"},{"floor":20.0,"key":"Strength Potion"},{"floor":30.0,"key":"Explosive Potion"},{"floor":31.0,"key":"Poison Potion"},{"floor":37.0,"key":"LiquidBronze"},{"floor":41.0,"key":"SkillPotion"},{"floor":48.0,"key":"Swift Potion"}],"is_trial":false,"path_per_floor":["M","?","M","M","?","E","R","E","T","M","?","$","R","E","R","B",null,"M","M","M","?","?","R","?","R","T","E","?","M","E","M","R","B",null,"M","?","M","$","?","R","E","?","T","$","E","M","E","M","R","B",null,"R","$","E","B"],"character_chosen":"DEFECT","items_purchased":["Flash of Steel","Sweeping Beam","Gash","Sundial","Purity","Jack Of All Trades","PanicButton"],"campfire_rested":0,"item_purchase_floors":[12,12,38,38,38,44,53],"current_hp_per_floor":[68,61,60,59,59,40,40,27,27,26,26,26,26,26,26,1,52,52,51,32,26,26,26,26,26,31,30,30,35,28,33,33,17,56,61,61,69,69,66,66,66,66,66,66,66,61,64,66,66,33,58,58,58,52,0],"gold":70,"neow_bonus":"THREE_RARE_CARDS","is_prod":false,"is_daily":false,"chose_seed":false,"campfire_upgraded":8,"win_rate":0,"timestamp":1549151982,"path_taken":["M","?","M","M","?","E","R","E","T","?","?","?","R","E","R","BOSS","M","M","M","?","?","R","?","R","T","E","?","M","E","M","R","BOSS","M","?","M","$","?","R","E","?","T","?","E","M","E","?","R","BOSS","R","$","E","BOSS"],"build_version":"2019-01-23","purchased_purges":2,"victory":false,"max_hp_per_floor":[75,75,75,75,75,75,75,75,75,75,69,69,69,69,69,69,69,69,69,69,69,69,69,69,69,69,69,69,69,69,69,69,69,69,69,69,69,69,66,66,66,66,66,66,66,66,66,66,66,66,66,66,66,66,66],"card_choices":[{"not_picked":["Meteor Strike","Buffer"],"picked":"All For One","floor":0.0},{"not_picked":["Redo","Blizzard"],"picked":"Auto Shields","floor":1.0},{"not_picked":["FTL","Conserve Battery"],"picked":"Gash","floor":3.0},{"not_picked":["White Noise","Auto Shields"],"picked":"Compile Driver","floor":4.0},{"not_picked":["Sweeping Beam","Barrage"],"picked":"Undo","floor":6.0},{"not_picked":["Beam Cell","Chill"],"picked":"Seek","floor":8.0},{"not_picked":["Heatsinks","Tempest"],"picked":"Streamline","floor":10.0},{"not_picked":["Redo","Sweeping Beam"],"picked":"Steam","floor":14.0},{"not_picked":["Thunder Strike","Echo Form"],"picked":"Hyperbeam","floor":16.0},{"not_picked":["Rebound","Cold Snap+1"],"picked":"Beam Cell+1","floor":18.0},{"not_picked":["Chaos","Hologram+1"],"picked":"Melter+1","floor":19.0},{"not_picked":["Electrodynamics","Hello World+1"],"picked":"Glacier","floor":20.0},{"not_picked":["Fusion","Cold Snap"],"picked":"Go for the Eyes","floor":27.0},{"not_picked":["Hologram","Aggregate"],"picked":"Gash","floor":29.0},{"not_picked":["Sweeping Beam","Cold Snap"],"picked":"Chill","floor":30.0},{"not_picked":["Ball Lightning","Barrage"],"picked":"Conserve Battery","floor":31.0},{"not_picked":["Electrodynamics","Hyperbeam"],"picked":"Fission","floor":33.0},{"not_picked":["Reinforced Body+1","Ball Lightning+1"],"picked":"Go for the Eyes+1","floor":35.0},{"not_picked":["HandOfGreed","Violence"],"picked":"Bandage Up","floor":36.0},{"not_picked":["Force Field","Hologram+1"],"picked":"Hello World+1","floor":37.0},{"not_picked":["Rebound","Compile Driver"],"picked":"Conserve Battery","floor":41.0},{"not_picked":["Sunder","Barrage+1"],"picked":"Steam Power+1","floor":45.0},{"not_picked":["Coolheaded","Rip and Tear","Rebound+1"],"picked":"SKIP","floor":46.0},{"not_picked":["Fusion","Heatsinks"],"picked":"Hologram+1","floor":47.0},{"not_picked":["Reprogram","Barrage"],"picked":"Hologram+1","floor":48.0},{"not_picked":["Sweeping Beam+1","Coolheaded","Compile Driver+1"],"picked":"SKIP","floor":54}],"player_experience":310004,"relics_obtained":[{"floor":6.0,"key":"Mercury Hourglass"},{"floor":8.0,"key":"Lantern"},{"floor":14.0,"key":"Dead Branch"},{"floor":26.0,"key":"Oddly Smooth Stone"},{"floor":27.0,"key":"Anchor"},{"floor":30.0,"key":"Bag of Preparation"},{"floor":41.0,"key":"Boot"},{"floor":43.0,"key":"War Paint"},{"floor":45.0,"key":"PreservedInsect"},{"floor":47.0,"key":"Darkstone Periapt"},{"floor":54,"key":"Orichalcum"}],"event_choices":[{"cards_removed":["Strike_B"],"damage_healed":0.0,"max_hp_gain":0.0,"max_hp_loss":0.0,"gold_gain":0.0,"event_name":"Golden Wing","player_choice":"Card Removal","floor":2.0,"gold_loss":0.0,"damage_taken":7.0},{"damage_healed":0.0,"max_hp_gain":0.0,"max_hp_loss":0.0,"gold_gain":0.0,"cards_transformed":["Strike_B"],"event_name":"Transmorgrifier","player_choice":"Transformed","floor":5.0,"gold_loss":0.0,"damage_taken":0.0,"cards_obtained":["Hologram"]},{"damage_healed":0.0,"max_hp_gain":0.0,"max_hp_loss":6.0,"gold_gain":0.0,"event_name":"Golden Idol","player_choice":"Lose Max HP","floor":11.0,"gold_loss":0.0,"damage_taken":0.0,"relics_obtained":["Golden Idol"]},{"damage_healed":0.0,"max_hp_gain":0.0,"max_hp_loss":0.0,"gold_gain":0.0,"event_name":"Nest","player_choice":"Joined the Cult","floor":21.0,"gold_loss":0.0,"damage_taken":6.0,"cards_obtained":["RitualDagger"]},{"damage_healed":0.0,"max_hp_gain":0.0,"max_hp_loss":0.0,"gold_gain":0.0,"event_name":"Forgotten Altar","player_choice":"Gave Idol","floor":22.0,"relics_lost":["Golden Idol"],"gold_loss":0.0,"damage_taken":0.0,"relics_obtained":["Bloody Idol"]},{"damage_healed":0.0,"max_hp_gain":0.0,"max_hp_loss":0.0,"gold_gain":0.0,"event_name":"Vampires","player_choice":"Ignored","floor":24.0,"gold_loss":0.0,"damage_taken":0.0},{"damage_healed":0.0,"max_hp_gain":0.0,"max_hp_loss":0.0,"gold_gain":0.0,"event_name":"The Mausoleum","player_choice":"Opened","floor":28.0,"gold_loss":0.0,"damage_taken":0.0,"relics_obtained":["Happy Flower"]},{"damage_healed":0.0,"max_hp_gain":0.0,"max_hp_loss":0.0,"gold_gain":0.0,"event_name":"SensoryStone","player_choice":"Memory 1","floor":36.0,"gold_loss":0.0,"damage_taken":0.0},{"damage_healed":0.0,"max_hp_gain":0.0,"max_hp_loss":3.0,"gold_gain":0.0,"event_name":"Winding Halls","player_choice":"Max HP","floor":39.0,"gold_loss":0.0,"damage_taken":0.0},{"cards_removed":["Auto Shields"],"damage_healed":0.0,"max_hp_gain":0.0,"max_hp_loss":0.0,"gold_gain":0.0,"event_name":"Falling","player_choice":"Removed Skill","floor":42.0,"gold_loss":0.0,"damage_taken":0.0}],"is_beta":false,"boss_relics":[{"not_picked":["Runic Dome","Velvet Choker"],"picked":"Empty Cage"},{"not_picked":["Lizard Tail","Black Star"],"picked":"FrozenCore"}],"items_purged_floors":[12,38],"is_endless":false,"potions_floor_spawned":[4,8,14,16,20,30,31,37,41,45,48],"killed_by":"The Heart","ascension_level":8}