{"path_per_floor":["M","M","M","$","?","M","M","M","T","$","M","?","E","M","R","B",null,"M","M","$","M","M","E","R","M","T","R","E","?","M"],"character_chosen":"IRONCLAD","items_purchased":["Metallicize","Battle Trance","Uppercut","Orichalcum","Centennial Puzzle"],"gold_per_floor":[112,131,141,31,206,219,232,252,302,68,81,81,111,128,128,232,232,252,270,24,40,50,84,84,98,98,98,123,73,86],"floor_reached":31,"campfire_rested":3,"playtime":3189,"current_hp_per_floor":[58,56,47,47,47,51,38,27,27,27,30,30,22,20,41,33,72,64,63,63,69,59,12,35,25,25,48,21,21,15],"items_purged":[],"gold":86,"play_id":"73c23acb-d63e-4b74-ba8d-016894636dcd","is_prod":false,"is_daily":false,"campfire_rituals":0,"campfire_upgraded":0,"is_hardmode":false,"path_taken":["M","M","M","$","?","M","?","M","T","$","M","?","E","M","R","BOSS","M","M","$","M","?","E","R","M","T","R","E","?","?","M"],"build_version":"2017-12-21-PROD1","purchased_purges":0,"victory":false,"master_deck":["Bash","Clothesline","Heavy Blade","Fire Breathing","Metallicize","Battle Trance","Doubt","Pommel Strike","Pommel Strike","Immolate","Uppercut","Twin Strike","Seeing Red","Dropkick","Feed","Blood for Blood","Rampage","Pommel Strike","Heavy Blade","Headbutt","Heavy Blade","Hemokinesis","Dual Wield","Shrug It Off","Heavy Blade","Metallicize","Infernal Blade","Metallicize","Clothesline","Sentinel","Shrug It Off","Reaper"],"max_hp_per_floor":[72,72,72,72,72,72,72,72,72,72,72,72,72,72,72,72,72,72,72,72,72,72,78,78,78,78,78,78,78,78],"relics":["Burning Blood","Gambling Chip","Molten Egg","Orichalcum","Ancient Tea Set","Pandora\u0027s Box","Centennial Puzzle","Frozen Egg","Dead Branch","Blue Candle"],"campfire_meditates":0,"card_choices":[{"not_picked":["Perfected Strike","Warcry"],"picked":"Clothesline"},{"not_picked":["Twin Strike","Body Slam"],"picked":"Heavy Blade"},{"not_picked":["Warcry","Disarm"],"picked":"Fire Breathing"},{"not_picked":["Reckless Charge","Corruption"],"picked":"Pommel Strike"},{"not_picked":["Rage","Burning Pact"],"picked":"Pommel Strike"},{"not_picked":["Dual Wield","Pommel Strike"],"picked":"Immolate"},{"not_picked":["Perfected Strike","Shrug It Off"],"picked":"Twin Strike"},{"not_picked":["Shrug It Off","Thunderclap"],"picked":"Seeing Red"},{"not_picked":["Bloodletting","Metallicize"],"picked":"Dropkick"},{"not_picked":["Barricade","Berserk"],"picked":"Feed"},{"not_picked":["Fire Breathing","Disarm"],"picked":"Heavy Blade"},{"not_picked":["Warcry","Anger"],"picked":"Metallicize"},{"not_picked":["Flex","Body Slam"],"picked":"Infernal Blade"},{"not_picked":["Headbutt","Iron Wave"],"picked":"Metallicize"},{"not_picked":["Immolate","Hemokinesis"],"picked":"Clothesline"},{"not_picked":["Perfected Strike","Body Slam"],"picked":"Sentinel"},{"not_picked":["Iron Wave","Wild Strike"],"picked":"Shrug It Off"},{"not_picked":["Dual Wield","Pummel"],"picked":"Reaper"}],"player_experience":95762,"potions_floor_usage":[21,28,30],"damage_taken":[{"damage":20.0,"enemies":"Looter","floor":1.0,"turns":3.0},{"damage":8.0,"enemies":"Jaw Worm","floor":2.0,"turns":3.0},{"damage":15.0,"enemies":"Blue Slaver","floor":3.0,"turns":5.0},{"damage":2.0,"enemies":"Large Slime","floor":6.0,"turns":6.0},{"damage":19.0,"enemies":"2 Fungi Beasts","floor":7.0,"turns":4.0},{"damage":17.0,"enemies":"Exordium Thugs","floor":8.0,"turns":6.0},{"damage":3.0,"enemies":"Gremlin Gang","floor":11.0,"turns":6.0},{"damage":14.0,"enemies":"Gremlin Nob","floor":13.0,"turns":5.0},{"damage":8.0,"enemies":"Lots of Slimes","floor":14.0,"turns":4.0},{"damage":14.0,"enemies":"Hexaghost","floor":16.0,"turns":9.0},{"damage":14,"enemies":"3 Byrds","floor":18,"turns":6},{"damage":7,"enemies":"Chosen","floor":19,"turns":3},{"damage":12,"enemies":"Snake Plant","floor":21,"turns":5},{"damage":16,"enemies":"Chosen and Byrds","floor":22,"turns":6},{"damage":59,"enemies":"Gremlin Leader","floor":23,"turns":10},{"damage":16,"enemies":"3 Cultists","floor":25,"turns":7},{"damage":33,"enemies":"Book of Stabbing","floor":28,"turns":6},{"damage":12,"enemies":"Snake Plant","floor":30,"turns":6},{"damage":20,"enemies":"Sentry and Sphere","floor":31,"turns":5}],"event_choices":[{"event_name":"Liars Game","player_choice":"agreed","floor":5.0,"damage_taken":0.0},{"event_name":"Living Wall","player_choice":"Grow","floor":12.0,"damage_taken":0.0},{"event_name":"The Joust","player_choice":"Bet on Owner","floor":29,"damage_taken":0}],"boss_relics":[{"not_picked":["White Beast Statue","Ectoplasm"],"picked":"Pandora\u0027s Box"}],"potions_floor_spawned":[2,6,11,13,19,21,25,28,30],"seed_played":"-410347695716927317","killed_by":"Sentry and Sphere","is_trial":false}