{"gold_per_floor":[12,12,12,28,28,28,44,44,44,44,44,60,76,1,1,1],"floor_reached":16,"playtime":433,"items_purged":["Pain"],"score":180,"play_id":"410367a5-1fe0-4c96-90e9-6420e6e12207","local_time":"20190220000918","is_ascension_mode":true,"campfire_choices":[{"data":"Chill","floor":6,"key":"SMITH"},{"data":"Zap","floor":8,"key":"SMITH"},{"data":"Seek","floor":10,"key":"SMITH"},{"floor":15,"key":"REST"}],"neow_cost":"NO_GOLD","seed_source_timestamp":1174489929386000,"circlet_count":0,"master_deck":["AscendersBane","Strike_B","Strike_B","Strike_B","Strike_B","Defend_B","Defend_B","Defend_B","Defend_B","Zap+1","Dualcast","Seek+1","Chill+1","Cold Snap","Leap","Buffer","Gash"],"relics":["Cracked Core","WarpedTongs","Dodecahedron"],"potions_floor_usage":[16,16],"damage_taken":[{"damage":9,"enemies":"Small Slimes","floor":1,"turns":3},{"damage":9,"enemies":"Cultist","floor":4,"turns":5},{"damage":4,"enemies":"Jaw Worm","floor":7,"turns":3},{"damage":12,"enemies":"Blue Slaver","floor":12,"turns":4},{"damage":2,"enemies":"Red Slaver","floor":13,"turns":3},{"damage":54,"enemies":"Slime Boss","floor":16,"turns":11}],"seed_played":"-1786602566882011276","potions_obtained":[{"floor":4,"key":"GamblersBrew"},{"floor":7,"key":"FearPotion"},{"floor":12,"key":"PowerPotion"}],"is_trial":false,"path_per_floor":["M","?","$","M","$","R","M","R","T","R","$","M","M","$","R","B"],"character_chosen":"DEFECT","items_purchased":[],"campfire_rested":1,"item_purchase_floors":[],"current_hp_per_floor":[55,55,55,46,46,46,42,42,42,42,42,30,28,28,49,0],"gold":1,"neow_bonus":"THREE_RARE_CARDS","is_prod":false,"is_daily":false,"chose_seed":false,"campfire_upgraded":3,"win_rate":0,"timestamp":1550650158,"path_taken":["M","?","?","M","?","R","M","R","T","R","$","M","?","?","R","BOSS"],"build_version":"2019-01-23","purchased_purges":1,"victory":false,"max_hp_per_floor":[71,71,71,71,71,71,71,71,71,71,71,71,71,71,71,71],"card_choices":[{"not_picked":["Multi-Cast","Thunder Strike"],"picked":"Seek","floor":0},{"not_picked":["Leap","Go for the Eyes"],"picked":"Chill","floor":1},{"not_picked":["Chill","Stack"],"picked":"Cold Snap","floor":4},{"not_picked":["Barrage","Heatsinks"],"picked":"Leap","floor":7},{"not_picked":["Steam Power","Sunder"],"picked":"Buffer","floor":12},{"not_picked":["Coolheaded","Sweeping Beam"],"picked":"Gash","floor":13}],"player_experience":744327,"relics_obtained":[{"floor":9,"key":"Dodecahedron"}],"event_choices":[{"damage_healed":0,"gold_gain":0,"player_choice":"Rummage","damage_taken":0,"relics_obtained":["WarpedTongs"],"max_hp_gain":0,"max_hp_loss":0,"event_name":"Accursed Blacksmith","floor":2,"gold_loss":0,"cards_obtained":["Pain"]}],"is_beta":false,"boss_relics":[],"items_purged_floors":[14],"is_endless":false,"potions_floor_spawned":[4,7,12],"killed_by":"Slime Boss","ascension_level":20}