{"gold_per_floor":[116,116,135,154,229,258,258,285,311,311,336,348,360,382,394,509,521,544,576,988,1019,1045,1085,1131,1168,1254,1266,1309,1321,1352,1454,1466,1581,1593,1623,1103,1103,1121,1138,1149,1165,1192,1192,1220,171,171,196,209,209,209,209,209,84,115,115],"floor_reached":56,"playtime":3481,"items_purged":["Strike_R","Defend_R","Strike_R"],"score":1704,"play_id":"337fa16c-0a89-4299-8a00-ef3ae9c2c6cd","local_time":"20190131025824","is_ascension_mode":true,"campfire_choices":[{"data":"Uppercut","floor":7.0,"key":"SMITH"},{"data":"True Grit","floor":12.0,"key":"SMITH"},{"data":"Pommel Strike","floor":15.0,"key":"SMITH"},{"data":"Disarm","floor":27.0,"key":"SMITH"},{"data":"Shockwave","floor":29.0,"key":"SMITH"},{"floor":32.0,"key":"RECALL"},{"data":"Metamorphosis","floor":46.0,"key":"SMITH"},{"data":"Uppercut","floor":49.0,"key":"SMITH"},{"data":"Demon Form","floor":52.0,"key":"SMITH"}],"neow_cost":"TEN_PERCENT_HP_LOSS","seed_source_timestamp":597039465650018,"circlet_count":0,"master_deck":["Strike_R+1","Strike_R","Defend_R+1","Defend_R","Bash","Evolve","Uppercut+1","Shrug It Off+1","Disarm+1","Demon Form+1","Pommel Strike+1","Bludgeon","True Grit+1","Iron Wave","Offering","Shrug It Off+1","Corruption+1","Heavy Blade+1","Shockwave+1","Heavy Blade+1","Flame Barrier+1","Bludgeon","Magnetism","Feel No Pain+1","Clothesline","Ghostly Armor","Metallicize","Bludgeon","Metamorphosis+1","Uppercut+1","Heavy Blade+1","Flame Barrier+1"],"special_seed":0,"relics":["Burning Blood","Centennial Puzzle","Ancient Tea Set","Ornamental Fan","MawBank","Snecko Eye","Old Coin","Pear","Art of War","Red Mask","Pen Nib","Bottled Lightning","Potion Belt","Philosopher\u0027s Stone","Mummified Hand","Bottled Tornado","Oddly Smooth Stone","Whetstone","Bag of Marbles","DollysMirror","Boot","Vajra","War Paint"],"potions_floor_usage":[55,55,55],"damage_taken":[{"damage":3.0,"enemies":"Jaw Worm","floor":1.0,"turns":5.0},{"damage":1.0,"enemies":"Cultist","floor":3.0,"turns":3.0},{"damage":4.0,"enemies":"2 Louse","floor":4.0,"turns":3.0},{"damage":20.0,"enemies":"Gremlin Nob","floor":6.0,"turns":4.0},{"damage":29.0,"enemies":"Lagavulin","floor":8.0,"turns":9.0},{"damage":4.0,"enemies":"Gremlin Nob","floor":11.0,"turns":4.0},{"damage":0.0,"enemies":"Large Slime","floor":14.0,"turns":3.0},{"damage":17.0,"enemies":"The Guardian","floor":16.0,"turns":10.0},{"damage":0.0,"enemies":"Shell Parasite","floor":18.0,"turns":2.0},{"damage":8.0,"enemies":"Chosen","floor":19.0,"turns":3.0},{"damage":8.0,"enemies":"Colosseum Slavers","floor":20.0,"turns":4.0},{"damage":2.0,"enemies":"Colosseum Nobs","floor":20.0,"turns":5.0},{"damage":6.0,"enemies":"Snecko","floor":21.0,"turns":5.0},{"damage":1.0,"enemies":"Centurion and Healer","floor":22.0,"turns":5.0},{"damage":6.0,"enemies":"Slavers","floor":23.0,"turns":3.0},{"damage":6.0,"enemies":"Masked Bandits","floor":24.0,"turns":2.0},{"damage":21.0,"enemies":"Gremlin Leader","floor":25.0,"turns":4.0},{"damage":2.0,"enemies":"Slavers","floor":28.0,"turns":4.0},{"damage":0.0,"enemies":"Shelled Parasite and Fungi","floor":30.0,"turns":4.0},{"damage":10.0,"enemies":"Automaton","floor":33.0,"turns":6.0},{"damage":0.0,"enemies":"3 Darklings","floor":35.0,"turns":3.0},{"damage":1.0,"enemies":"Orb Walker","floor":38.0,"turns":2.0},{"damage":6.0,"enemies":"Transient","floor":39.0,"turns":5.0},{"damage":15.0,"enemies":"Spire Growth","floor":40.0,"turns":4.0},{"damage":9.0,"enemies":"Sphere and 2 Shapes","floor":41.0,"turns":3.0},{"damage":4.0,"enemies":"Giant Head","floor":42.0,"turns":4.0},{"damage":17.0,"enemies":"Nemesis","floor":44.0,"turns":5.0},{"damage":3.0,"enemies":"Reptomancer","floor":47.0,"turns":3.0},{"damage":4.0,"enemies":"4 Shapes","floor":48.0,"turns":5.0},{"damage":32.0,"enemies":"Time Eater","floor":50.0,"turns":6.0},{"damage":17,"enemies":"Shield and Spear","floor":54,"turns":4},{"damage":31,"enemies":"The Heart","floor":55,"turns":6}],"seed_played":"7714320690557494462","potions_obtained":[{"floor":6.0,"key":"GamblersBrew"},{"floor":8.0,"key":"Block Potion"},{"floor":11.0,"key":"AttackPotion"},{"floor":13.0,"key":"Explosive Potion"},{"floor":13.0,"key":"Fire Potion"},{"floor":18.0,"key":"EssenceOfSteel"},{"floor":19.0,"key":"Explosive Potion"},{"floor":21.0,"key":"PowerPotion"},{"floor":28.0,"key":"Weak Potion"},{"floor":38.0,"key":"Poison Potion"},{"floor":44.0,"key":"Energy Potion"}],"is_trial":false,"path_per_floor":["M","?","M","M","?","E","R","E","T","?","E","R","?","M","R","B",null,"M","M","?","M","M","E","?","E","T","R","E","R","M","?","R","B",null,"M","$","?","M","M","M","M","E","T","E","$","R","E","M","R","B",null,"R","$","E","B",null],"character_chosen":"IRONCLAD","items_purchased":["Mummified Hand","Magnetism","Ghostly Armor","Metallicize","Bag of Marbles","DollysMirror","Boot","Metamorphosis","Uppercut","LiquidBronze"],"campfire_rested":0,"item_purchase_floors":[36,36,45,45,45,45,45,45,45,45],"current_hp_per_floor":[72,72,72,72,61,47,47,24,24,17,19,19,19,25,25,14,58,64,62,74,74,79,79,79,64,64,64,68,68,74,42,42,38,71,77,77,77,82,82,73,70,72,72,61,61,61,64,66,66,40,72,72,72,61,36],"gold":115,"neow_bonus":"TRANSFORM_TWO_CARDS","is_prod":false,"is_daily":false,"chose_seed":false,"campfire_upgraded":8,"win_rate":0,"timestamp":1548921504,"path_taken":["M","?","M","?","?","E","R","E","T","?","E","R","?","M","R","BOSS","M","?","?","M","M","E","?","E","T","R","E","R","M","?","R","BOSS","M","$","?","M","?","M","M","E","T","E","$","R","E","M","R","BOSS","R","$","E","BOSS"],"build_version":"2019-01-23","purchased_purges":3,"victory":true,"max_hp_per_floor":[72,72,72,72,72,72,72,72,72,72,72,72,72,72,72,72,72,72,72,82,82,82,82,82,82,82,82,82,82,82,82,82,82,82,82,82,82,82,82,82,82,82,82,82,82,82,82,82,82,82,82,82,82,82,82],"card_choices":[{"not_picked":["Headbutt","Clash"],"picked":"Shrug It Off","floor":1.0},{"not_picked":["Rage","Dual Wield"],"picked":"Disarm","floor":3.0},{"not_picked":["Entrench","Spot Weakness"],"picked":"Demon Form","floor":4.0},{"not_picked":["Warcry","Fire Breathing"],"picked":"Pommel Strike","floor":6.0},{"not_picked":["Armaments","Flex"],"picked":"Bludgeon","floor":8.0},{"not_picked":["Flex","Shrug It Off"],"picked":"True Grit","floor":11.0},{"not_picked":["Havoc","Thunderclap"],"picked":"Iron Wave","floor":14.0},{"not_picked":["Juggernaut","Dark Embrace"],"picked":"Offering","floor":16.0},{"not_picked":["Iron Wave+1","Sentinel","Pommel Strike"],"picked":"SKIP","floor":18.0},{"not_picked":["True Grit","Battle Trance+1"],"picked":"Shrug It Off+1","floor":19.0},{"not_picked":["Spot Weakness+1","Flex"],"picked":"Corruption+1","floor":20.0},{"not_picked":["Shrug It Off","Havoc","Sever Soul"],"picked":"SKIP","floor":21.0},{"not_picked":["Iron Wave+1","Ghostly Armor"],"picked":"Heavy Blade","floor":22.0},{"not_picked":["Inflame","Bloodletting+1"],"picked":"Shockwave","floor":23.0},{"not_picked":["Body Slam","Perfected Strike"],"picked":"Heavy Blade+1","floor":24.0},{"not_picked":["Metallicize","Fiend Fire"],"picked":"Flame Barrier+1","floor":25.0},{"not_picked":["Perfected Strike","Thunderclap+1","Pommel Strike"],"picked":"SKIP","floor":28.0},{"not_picked":["Anger","Body Slam","True Grit"],"picked":"SKIP","floor":30.0},{"not_picked":["Brutality","Feed"],"picked":"Bludgeon","floor":33.0},{"not_picked":["Armaments","Bloodletting+1","Warcry+1"],"picked":"SKIP","floor":35.0},{"not_picked":["Iron Wave+1","Havoc+1","Cleave"],"picked":"SKIP","floor":38.0},{"not_picked":["Berserk","Battle Trance"],"picked":"Feel No Pain+1","floor":39.0},{"not_picked":["Sword Boomerang","Hemokinesis+1","Rage+1"],"picked":"SKIP","floor":40.0},{"not_picked":["Pommel Strike","Spot Weakness+1"],"picked":"Clothesline","floor":41.0},{"not_picked":["Perfected Strike","Clash+1","Rampage+1"],"picked":"SKIP","floor":42.0},{"not_picked":["Berserk","Blood for Blood","Juggernaut"],"picked":"SKIP","floor":44.0},{"not_picked":["Perfected Strike+1","Flex"],"picked":"Heavy Blade+1","floor":47.0},{"not_picked":["Combust+1","Cleave+1","Dual Wield"],"picked":"SKIP","floor":48.0},{"not_picked":["Seeing Red","Double Tap"],"picked":"Flame Barrier+1","floor":54}],"player_experience":261777,"relics_obtained":[{"floor":6.0,"key":"Centennial Puzzle"},{"floor":8.0,"key":"Ancient Tea Set"},{"floor":11.0,"key":"MawBank"},{"floor":20.0,"key":"Old Coin"},{"floor":20.0,"key":"Pear"},{"floor":23.0,"key":"Art of War"},{"floor":24.0,"key":"Red Mask"},{"floor":25.0,"key":"Pen Nib"},{"floor":26.0,"key":"Bottled Lightning"},{"floor":28.0,"key":"Potion Belt"},{"floor":42.0,"key":"Bottled Tornado"},{"floor":43.0,"key":"Oddly Smooth Stone"},{"floor":44.0,"key":"Whetstone"},{"floor":47.0,"key":"Vajra"},{"floor":54,"key":"War Paint"}],"event_choices":[{"damage_healed":0.0,"max_hp_gain":0.0,"max_hp_loss":0.0,"gold_gain":0.0,"event_name":"Match and Keep!","player_choice":"0 cards matched","floor":2.0,"gold_loss":0.0,"damage_taken":0.0,"cards_obtained":[]},{"damage_healed":0.0,"max_hp_gain":0.0,"max_hp_loss":0.0,"gold_gain":75.0,"event_name":"World of Goop","player_choice":"Gather Gold","floor":5.0,"gold_loss":0.0,"damage_taken":11.0},{"damage_healed":0.0,"max_hp_gain":0.0,"max_hp_loss":0.0,"gold_gain":0.0,"event_name":"Scrap Ooze","player_choice":"Success","floor":10.0,"gold_loss":0.0,"damage_taken":7.0,"relics_obtained":["Ornamental Fan"]},{"damage_healed":0.0,"max_hp_gain":0.0,"max_hp_loss":0.0,"gold_gain":0.0,"event_name":"Lab","player_choice":"Got Potions","floor":13.0,"gold_loss":0.0,"damage_taken":0.0},{"damage_healed":0.0,"max_hp_gain":0.0,"max_hp_loss":0.0,"gold_gain":0.0,"event_name":"Colosseum","player_choice":"Fight","floor":20.0,"gold_loss":0.0,"damage_taken":0.0},{"damage_healed":0.0,"max_hp_gain":0.0,"max_hp_loss":0.0,"gold_gain":0.0,"event_name":"Colosseum","player_choice":"Fought Nobs","floor":20.0,"gold_loss":0.0,"damage_taken":0.0},{"damage_healed":0.0,"max_hp_gain":0.0,"max_hp_loss":0.0,"gold_gain":0.0,"event_name":"Masked Bandits","player_choice":"Fought Bandits","floor":24.0,"gold_loss":0.0,"damage_taken":0.0},{"damage_healed":0.0,"max_hp_gain":0.0,"max_hp_loss":0.0,"gold_gain":90.0,"event_name":"Knowing Skull","player_choice":"POTION POTION GOLD ","floor":31.0,"potions_obtained":["LiquidBronze","Energy Potion"],"gold_loss":0.0,"damage_taken":32.0,"cards_obtained":[]},{"damage_healed":0.0,"max_hp_gain":0.0,"max_hp_loss":0.0,"gold_gain":0.0,"event_name":"Match and Keep!","player_choice":"0 cards matched","floor":37.0,"gold_loss":0.0,"damage_taken":0.0,"cards_obtained":[]}],"is_beta":false,"boss_relics":[{"not_picked":["Eternal Feather","Black Blood"],"picked":"Snecko Eye"},{"not_picked":["Runic Pyramid","Busted Crown"],"picked":"Philosopher\u0027s Stone"}],"items_purged_floors":[36,45,53],"is_endless":false,"potions_floor_spawned":[6,8,11,18,19,21,22,28,38,41,44,48,54],"ascension_level":7}