{"gold_per_floor":[115,129,145,158,133,133,308,331,356,356,211,225,257,229,229,229],"floor_reached":16,"playtime":595,"items_purged":[],"score":110,"play_id":"6efd2fde-61bb-4430-b7ec-b11d24a2769e","local_time":"20190127201754","is_ascension_mode":true,"campfire_choices":[{"floor":6,"key":"RECALL"},{"floor":10,"key":"REST"},{"floor":15,"key":"REST"}],"neow_cost":"NONE","seed_source_timestamp":1630561166528131,"circlet_count":0,"master_deck":["Strike_R","Strike_R","Strike_R","Strike_R","Strike_R","Defend_R","Defend_R","Defend_R","Defend_R+1","Bash","Shrug It Off","Flex","Blood for Blood","Uppercut","Clash","Doubt","Iron Wave","Rage+1","Shrug It Off"],"relics":["Burning Blood","Blood Vial","Odd Mushroom","Oddly Smooth Stone","War Paint"],"potions_floor_usage":[8,8],"damage_taken":[{"damage":3,"enemies":"Small Slimes","floor":1,"turns":4},{"damage":0,"enemies":"2 Louse","floor":2,"turns":5},{"damage":8,"enemies":"Jaw Worm","floor":3,"turns":4},{"damage":33,"enemies":"Exordium Thugs","floor":4,"turns":5},{"damage":17,"enemies":"The Mushroom Lair","floor":8,"turns":5},{"damage":15,"enemies":"Blue Slaver","floor":12,"turns":4},{"damage":27,"enemies":"3 Sentries","floor":13,"turns":12},{"damage":20,"enemies":"Slime Boss","floor":16,"turns":8}],"seed_played":"-7169657495193286083","potions_obtained":[{"floor":1,"key":"Energy Potion"},{"floor":2,"key":"SkillPotion"},{"floor":8,"key":"EssenceOfSteel"}],"is_trial":false,"path_per_floor":["M","M","M","M","$","R","?","?","T","R","$","M","E","?","R","B"],"character_chosen":"IRONCLAD","items_purchased":["Clash","Oddly Smooth Stone"],"campfire_rested":2,"item_purchase_floors":[5,11],"current_hp_per_floor":[80,80,78,53,53,53,53,44,44,68,68,61,42,42,66,48],"gold":229,"neow_bonus":"RANDOM_COMMON_RELIC","is_prod":false,"is_daily":false,"chose_seed":false,"campfire_upgraded":0,"win_rate":0,"timestamp":1548638274,"path_taken":["M","M","M","M","$","R","?","?","T","R","?","?","E","?","R","BOSS"],"build_version":"2019-01-23","purchased_purges":0,"victory":false,"max_hp_per_floor":[80,80,80,80,80,80,80,80,80,80,80,80,80,80,80,80],"card_choices":[{"not_picked":["Carnage","Rupture"],"picked":"Shrug It Off","floor":1},{"not_picked":["Armaments","Headbutt"],"picked":"Flex","floor":2},{"not_picked":["Fire Breathing","Pommel Strike"],"picked":"Blood for Blood","floor":3},{"not_picked":["Rampage","Infernal Blade"],"picked":"Uppercut","floor":4},{"not_picked":["Pommel Strike","True Grit"],"picked":"Iron Wave","floor":8},{"not_picked":["Clothesline","Clash"],"picked":"Rage","floor":12},{"not_picked":["Rage","Sword Boomerang"],"picked":"Shrug It Off","floor":13}],"player_experience":112830,"relics_obtained":[{"floor":8,"key":"Odd Mushroom"},{"floor":13,"key":"War Paint"}],"event_choices":[{"damage_healed":0,"gold_gain":175,"player_choice":"AGREE","damage_taken":0,"max_hp_gain":0,"max_hp_loss":0,"event_name":"Liars Game","floor":7,"gold_loss":0,"cards_obtained":["Doubt"]},{"damage_healed":0,"gold_gain":0,"player_choice":"Fought Mushrooms","damage_taken":0,"max_hp_gain":0,"max_hp_loss":0,"event_name":"Mushrooms","floor":8,"gold_loss":0},{"damage_healed":0,"gold_gain":0,"player_choice":"Left Gold","damage_taken":0,"max_hp_gain":0,"max_hp_loss":0,"event_name":"World of Goop","floor":14,"gold_loss":28}],"is_beta":false,"boss_relics":[],"items_purged_floors":[],"is_endless":false,"potions_floor_spawned":[1,2,8],"killed_by":"Slime Boss","ascension_level":2}