{"gold_per_floor":[115,130,148,158,168,197,197,207,207,218,69,96,96,121,121,216,216,232,252,252,267,280,280,309,309,309,309,309,328,363,413,413,413],"floor_reached":33,"playtime":1272,"items_purged":[],"score":484,"play_id":"8ea84b15-0aa7-4279-a05f-0e099269f826","local_time":"20190223231823","is_ascension_mode":true,"campfire_choices":[{"data":"Rampage","floor":7,"key":"SMITH"},{"floor":13,"key":"REST"},{"floor":15,"key":"REST"},{"floor":23,"key":"REST"},{"data":"Bash","floor":25,"key":"SMITH"},{"floor":27,"key":"REST"},{"floor":32,"key":"REST"}],"neow_cost":"NONE","seed_source_timestamp":792453786693841,"circlet_count":0,"master_deck":["Strike_R","Strike_R","Strike_R","Strike_R","Strike_R","Defend_R","Defend_R","Defend_R","Defend_R","Bash+1","Iron Wave","Rampage+1","Sever Soul","Clothesline","Cleave","Twin Strike","Battle Trance","Carnage","Shrug It Off","Immolate","True Grit+1","Shrug It Off","Decay","Immolate","Inflame","Body Slam+1"],"relics":["Burning Blood","Dream Catcher","Darkstone Periapt","Blood Vial","Singing Bowl","Odd Mushroom","Philosopher\u0027s Stone","Lantern","Boot","Prayer Wheel"],"potions_floor_usage":[12,24,30,30,33],"damage_taken":[{"damage":8,"enemies":"Jaw Worm","floor":1,"turns":5},{"damage":2,"enemies":"2 Louse","floor":2,"turns":3},{"damage":1,"enemies":"Cultist","floor":3,"turns":3},{"damage":9,"enemies":"Blue Slaver","floor":4,"turns":4},{"damage":2,"enemies":"Looter","floor":5,"turns":4},{"damage":30,"enemies":"3 Sentries","floor":6,"turns":7},{"damage":28,"enemies":"Exordium Thugs","floor":8,"turns":6},{"damage":11,"enemies":"2 Fungi Beasts","floor":10,"turns":3},{"damage":40,"enemies":"Lagavulin","floor":12,"turns":5},{"damage":20,"enemies":"The Mushroom Lair","floor":14,"turns":4},{"damage":65,"enemies":"The Guardian","floor":16,"turns":10},{"damage":9,"enemies":"Chosen","floor":18,"turns":4},{"damage":7,"enemies":"Spheric Guardian","floor":19,"turns":3},{"damage":38,"enemies":"Snake Plant","floor":21,"turns":4},{"damage":12,"enemies":"Snecko","floor":22,"turns":4},{"damage":32,"enemies":"Slavers","floor":24,"turns":4},{"damage":27,"enemies":"Cultist and Chosen","floor":29,"turns":6},{"damage":67,"enemies":"Book of Stabbing","floor":30,"turns":5},{"damage":63,"enemies":"Collector","floor":33,"turns":7}],"seed_played":"-8280648500576757752","potions_obtained":[{"floor":2,"key":"Regen Potion"},{"floor":4,"key":"BloodPotion"},{"floor":5,"key":"Swift Potion"},{"floor":8,"key":"Dexterity Potion"},{"floor":14,"key":"FearPotion"},{"floor":29,"key":"SteroidPotion"},{"floor":30,"key":"Regen Potion"}],"is_trial":false,"path_per_floor":["M","M","M","M","M","E","R","M","T","M","$","E","R","?","R","B",null,"M","M","?","M","M","R","E","R","T","R","?","M","E","?","R","B"],"character_chosen":"IRONCLAD","items_purchased":["Blood Vial"],"campfire_rested":5,"item_purchase_floors":[11],"current_hp_per_floor":[78,82,87,84,88,64,64,42,42,37,37,21,50,38,67,10,73,72,73,79,51,49,82,58,58,58,91,91,74,26,26,61,0],"gold":413,"neow_bonus":"TEN_PERCENT_HP_BONUS","is_prod":false,"is_daily":false,"chose_seed":false,"campfire_upgraded":2,"win_rate":0,"timestamp":1550981903,"path_taken":["M","M","M","M","M","E","R","M","T","M","$","E","R","?","R","BOSS","M","M","?","M","M","R","E","R","T","R","?","M","E","?","R","BOSS"],"build_version":"2019-01-23","purchased_purges":0,"victory":false,"max_hp_per_floor":[88,88,88,88,88,88,88,88,88,88,88,90,92,92,94,94,94,94,94,100,102,104,106,106,106,106,108,108,110,110,110,112,112],"card_choices":[{"not_picked":["Armaments","Anger"],"picked":"Iron Wave","floor":1},{"not_picked":["Sentinel","Rage"],"picked":"Rampage","floor":2},{"not_picked":["Spot Weakness","Flex"],"picked":"Sever Soul","floor":3},{"not_picked":["Warcry","Demon Form"],"picked":"Clothesline","floor":4},{"not_picked":["Sword Boomerang","Blood for Blood"],"picked":"Cleave","floor":5},{"not_picked":["Havoc","Corruption"],"picked":"Twin Strike","floor":6},{"not_picked":["Clothesline","Wild Strike"],"picked":"Battle Trance","floor":8},{"not_picked":["Disarm","Havoc"],"picked":"Carnage","floor":10},{"not_picked":["Anger","Combust","Pommel Strike"],"picked":"Singing Bowl","floor":12},{"not_picked":["Twin Strike","Sever Soul","Pommel Strike"],"picked":"Singing Bowl","floor":13},{"not_picked":["Sentinel","Perfected Strike"],"picked":"Shrug It Off","floor":14},{"not_picked":["Sword Boomerang","Clash","Fiend Fire"],"picked":"Singing Bowl","floor":15},{"not_picked":["Barricade","Demon Form"],"picked":"Immolate","floor":16},{"not_picked":["Iron Wave","Battle Trance"],"picked":"True Grit+1","floor":18},{"not_picked":["Inflame","Flex"],"picked":"Shrug It Off","floor":19},{"not_picked":["Twin Strike+1","Sword Boomerang","Iron Wave"],"picked":"Singing Bowl","floor":21},{"not_picked":["Anger","Clothesline","Twin Strike+1"],"picked":"Singing Bowl","floor":22},{"not_picked":["Shrug It Off","Fire Breathing","Clash"],"picked":"Singing Bowl","floor":23},{"not_picked":["Flex","Entrench"],"picked":"Immolate","floor":24},{"not_picked":["Clothesline","Dropkick","Warcry"],"picked":"Singing Bowl","floor":27},{"not_picked":["Perfected Strike","Anger","Heavy Blade"],"picked":"Singing Bowl","floor":29},{"not_picked":["Perfected Strike","True Grit"],"picked":"Body Slam+1","floor":30},{"not_picked":["Warcry","True Grit","Anger"],"picked":"Singing Bowl","floor":32}],"player_experience":232940,"relics_obtained":[{"floor":6,"key":"Dream Catcher"},{"floor":9,"key":"Darkstone Periapt"},{"floor":12,"key":"Singing Bowl"},{"floor":14,"key":"Odd Mushroom"},{"floor":24,"key":"Lantern"},{"floor":26,"key":"Boot"},{"floor":30,"key":"Prayer Wheel"}],"event_choices":[{"damage_healed":0,"gold_gain":0,"player_choice":"Fought Mushrooms","damage_taken":0,"max_hp_gain":0,"max_hp_loss":0,"event_name":"Mushrooms","floor":14,"gold_loss":0},{"damage_healed":0,"gold_gain":0,"player_choice":"Smashed Altar","damage_taken":0,"max_hp_gain":0,"max_hp_loss":0,"event_name":"Forgotten Altar","floor":20,"gold_loss":0,"cards_obtained":["Decay"]},{"damage_healed":0,"gold_gain":0,"player_choice":"Read","damage_taken":0,"max_hp_gain":0,"max_hp_loss":0,"event_name":"The Library","floor":28,"gold_loss":0,"cards_obtained":["Inflame"]},{"damage_healed":0,"gold_gain":100,"player_choice":"Bet on Murderer","damage_taken":0,"max_hp_gain":0,"max_hp_loss":0,"event_name":"The Joust","floor":31,"gold_loss":50}],"is_beta":false,"boss_relics":[{"not_picked":["Ectoplasm","Orrery"],"picked":"Philosopher\u0027s Stone"}],"items_purged_floors":[],"is_endless":false,"potions_floor_spawned":[2,4,5,8,14,16,19,29,30],"killed_by":"Collector","ascension_level":9}