{"gold_per_floor":[114,125,75,75,25,25,25,25,52,52,66,87,118,10,10,101,101,120,70,83,83,83,83,83,83,83,83,121,18,49,49,49,147,147,171,296,374,374,388,388,424,424,447,447,486,61,81,122,122,122,122,122,122,43,84,84],"floor_reached":57,"playtime":2201,"items_purged":["Strike_R","Strike_R","Strike_R","Defend_R","Strike_R","Infernal Blade+1"],"score":2786,"play_id":"f18ef53a-7103-4194-8c02-3b6dd241368a","local_time":"20190119004206","is_ascension_mode":true,"campfire_choices":[{"data":"Carnage","floor":6.0,"key":"SMITH"},{"data":"Bash","floor":8.0,"key":"SMITH"},{"floor":10.0,"key":"REST"},{"data":"Body Slam","floor":15.0,"key":"SMITH"},{"data":"Infernal Blade","floor":23.0,"key":"SMITH"},{"data":"Spot Weakness","floor":25.0,"key":"SMITH"},{"data":"Sword Boomerang","floor":27.0,"key":"SMITH"},{"data":"Battle Trance","floor":32.0,"key":"SMITH"},{"data":"Demon Form","floor":40.0,"key":"SMITH"},{"data":"Impervious","floor":42.0,"key":"SMITH"},{"floor":44.0,"key":"REST"},{"floor":49.0,"key":"RECALL"},{"data":"Burning Pact","floor":53.0,"key":"SMITH"}],"neow_cost":"NONE","seed_source_timestamp":8694680365900,"circlet_count":0,"master_deck":["AscendersBane","Defend_R","Defend_R","Bash+1","Sword Boomerang+1","Carnage+1","Ghostly Armor+1","Feed","Body Slam+1","Impervious+1","Battle Trance+1","Spot Weakness+1","Demon Form+1","Evolve+1","Burning Pact+1","Second Wind"],"special_seed":0,"relics":["Burning Blood","Smiling Mask","Golden Idol","Oddly Smooth Stone","Pantograph","Velvet Choker","War Paint","Bag of Preparation","Busted Crown","Unceasing Top","Sundial","Meat on the Bone","Ancient Tea Set","Thread and Needle","FossilizedHelix","Potion Belt","Letter Opener"],"potions_floor_usage":[56],"damage_taken":[{"damage":9.0,"enemies":"Jaw Worm","floor":1.0,"turns":4.0},{"damage":5.0,"enemies":"Small Slimes","floor":2.0,"turns":4.0},{"damage":0.0,"enemies":"2 Louse","floor":11.0,"turns":2.0},{"damage":6.0,"enemies":"Blue Slaver","floor":12.0,"turns":5.0},{"damage":25.0,"enemies":"Gremlin Nob","floor":13.0,"turns":4.0},{"damage":70.0,"enemies":"The Guardian","floor":16.0,"turns":12.0},{"damage":11.0,"enemies":"2 Thieves","floor":18.0,"turns":3.0},{"damage":0.0,"enemies":"3 Byrds","floor":20.0,"turns":4.0},{"damage":17.0,"enemies":"Gremlin Leader","floor":28.0,"turns":6.0},{"damage":7.0,"enemies":"Book of Stabbing","floor":30.0,"turns":4.0},{"damage":4.0,"enemies":"Champ","floor":33.0,"turns":7.0},{"damage":0.0,"enemies":"Orb Walker","floor":35.0,"turns":3.0},{"damage":0.0,"enemies":"Mind Bloom Boss Battle","floor":36.0,"turns":5.0},{"damage":0.0,"enemies":"3 Shapes","floor":39.0,"turns":2.0},{"damage":39.0,"enemies":"Reptomancer","floor":41.0,"turns":6.0},{"damage":8.0,"enemies":"Nemesis","floor":45.0,"turns":5.0},{"damage":26.0,"enemies":"Sphere and 2 Shapes","floor":47.0,"turns":4.0},{"damage":7.0,"enemies":"Reptomancer","floor":48.0,"turns":4.0},{"damage":47.0,"enemies":"Time Eater","floor":50.0,"turns":6.0},{"damage":36.0,"enemies":"Donu and Deca","floor":51.0,"turns":6.0},{"damage":46.0,"enemies":"Shield and Spear","floor":55.0,"turns":5.0},{"damage":82,"enemies":"The Heart","floor":56,"turns":7}],"seed_played":"1978174193698884007","potions_obtained":[{"floor":2.0,"key":"SpeedPotion"},{"floor":12.0,"key":"SkillPotion"},{"floor":13.0,"key":"Regen Potion"},{"floor":16.0,"key":"LiquidBronze"},{"floor":35.0,"key":"FearPotion"},{"floor":36.0,"key":"PowerPotion"},{"floor":45.0,"key":"FearPotion"}],"is_trial":false,"path_per_floor":["M","M","$","?","$","R","?","R","T","R","M","M","E","$","R","B",null,"M","$","M","?","?","R","?","R","T","R","E","$","E","$","R","B",null,"M","?","T","?","M","R","E","R","T","R","E","$","M","E","R","B","B",null,"R","$","E","B",null],"character_chosen":"IRONCLAD","items_purchased":["Body Slam","Fire Potion","FossilizedHelix","PowerPotion","LiquidBronze"],"campfire_rested":2,"item_purchase_floors":[14,29,46,46,54],"current_hp_per_floor":[65,66,66,59,59,59,33,33,33,55,61,61,42,42,42,21,64,62,62,68,68,68,68,68,68,68,68,57,57,56,56,56,81,81,81,81,81,81,84,84,51,51,51,76,77,77,60,59,59,55,62,83,83,83,58,19],"gold":84,"neow_bonus":"RANDOM_COMMON_RELIC","is_prod":false,"is_daily":false,"chose_seed":false,"campfire_upgraded":10,"win_rate":0,"timestamp":1547826126,"path_taken":["M","M","$","?","$","R","?","R","T","R","M","M","E","?","R","BOSS","M","$","M","?","?","R","?","R","T","R","E","$","E","?","R","BOSS","M","?","?","?","M","R","E","R","T","R","E","$","M","E","R","BOSS","BOSS","R","$","E","BOSS"],"build_version":"2019-01-17v2","purchased_purges":6,"victory":true,"max_hp_per_floor":[75,75,75,75,75,75,75,75,75,75,75,75,75,75,75,78,78,81,81,81,81,81,81,81,81,81,81,81,81,81,81,81,81,81,81,81,81,81,84,84,84,84,84,84,87,87,90,90,90,90,90,90,90,90,93,93],"card_choices":[{"not_picked":["True Grit","Dropkick"],"picked":"Sword Boomerang","floor":1.0},{"not_picked":["Body Slam","Flex"],"picked":"Carnage","floor":2.0},{"not_picked":["Shrug It Off","Clash","Body Slam"],"picked":"SKIP","floor":11.0},{"not_picked":["Intimidate","Body Slam"],"picked":"Ghostly Armor","floor":12.0},{"not_picked":["Searing Blow","Power Through"],"picked":"Feed","floor":13.0},{"not_picked":["Limit Break","Berserk"],"picked":"Impervious","floor":16.0},{"not_picked":["True Grit","Shrug It Off"],"picked":"Battle Trance","floor":18.0},{"not_picked":["Havoc","Flex"],"picked":"Infernal Blade","floor":20.0},{"not_picked":["Blood for Blood","Thunderclap","Armaments"],"picked":"SKIP","floor":28.0},{"not_picked":["Clash","Clothesline","Pommel Strike"],"picked":"SKIP","floor":30.0},{"not_picked":["Impervious","Bludgeon"],"picked":"Demon Form","floor":33.0},{"not_picked":["Armaments"],"picked":"SKIP","floor":35.0},{"not_picked":["Entrench+1"],"picked":"SKIP","floor":39.0},{"not_picked":[],"picked":"Evolve+1","floor":41.0},{"not_picked":["Flex"],"picked":"SKIP","floor":45.0},{"not_picked":["Whirlwind"],"picked":"SKIP","floor":47.0},{"not_picked":[],"picked":"Burning Pact","floor":48.0},{"not_picked":[],"picked":"Second Wind","floor":55.0}],"player_experience":783102,"relics_obtained":[{"floor":9.0,"key":"Oddly Smooth Stone"},{"floor":13.0,"key":"Pantograph"},{"floor":28.0,"key":"War Paint"},{"floor":30.0,"key":"Bag of Preparation"},{"floor":36.0,"key":"Unceasing Top"},{"floor":37.0,"key":"Sundial"},{"floor":41.0,"key":"Meat on the Bone"},{"floor":43.0,"key":"Ancient Tea Set"},{"floor":45.0,"key":"Thread and Needle"},{"floor":48.0,"key":"Potion Belt"},{"floor":55.0,"key":"Letter Opener"}],"event_choices":[{"cards_removed":["Strike_R"],"damage_healed":0.0,"max_hp_gain":0.0,"max_hp_loss":0.0,"gold_gain":0.0,"event_name":"Golden Wing","player_choice":"Card Removal","floor":4.0,"gold_loss":0.0,"damage_taken":7.0},{"damage_healed":0.0,"max_hp_gain":0.0,"max_hp_loss":0.0,"gold_gain":0.0,"event_name":"Golden Idol","player_choice":"Take Damage","floor":7.0,"gold_loss":0.0,"damage_taken":26.0,"relics_obtained":["Golden Idol"]},{"damage_healed":0.0,"max_hp_gain":0.0,"max_hp_loss":0.0,"gold_gain":0.0,"event_name":"The Library","player_choice":"Read","floor":21.0,"gold_loss":0.0,"damage_taken":0.0,"cards_obtained":["Spot Weakness"]},{"damage_healed":0.0,"max_hp_gain":0.0,"max_hp_loss":0.0,"gold_gain":0.0,"event_name":"Ghosts","player_choice":"Ignored","floor":22.0,"gold_loss":0.0,"damage_taken":0.0},{"damage_healed":0.0,"max_hp_gain":0.0,"max_hp_loss":0.0,"gold_gain":0.0,"event_name":"MindBloom","player_choice":"Fight","floor":36.0,"gold_loss":0.0,"damage_taken":0.0},{"cards_removed":["Defend_R"],"damage_healed":0.0,"max_hp_gain":0.0,"max_hp_loss":0.0,"gold_gain":0.0,"event_name":"Falling","player_choice":"Removed Skill","floor":38.0,"gold_loss":0.0,"damage_taken":0.0}],"is_beta":false,"boss_relics":[{"not_picked":["Coffee Dripper","Eternal Feather"],"picked":"Velvet Choker"},{"not_picked":["White Beast Statue","Lizard Tail"],"picked":"Busted Crown"}],"items_purged_floors":[3,5,14,19,29,46],"is_endless":false,"potions_floor_spawned":[2,12,13,16,33,35,36,45],"ascension_level":20}