{"gold_per_floor":[110,123,123,141,165,209,209,244,292,292,331,331,355,370,370,370],"floor_reached":16,"playtime":554,"items_purged":[],"score":244,"play_id":"ce8a37a5-38df-4c00-a400-2425b24e5294","local_time":"20190302100310","is_ascension_mode":true,"campfire_choices":[{"data":"Defragment","floor":10.0,"key":"SMITH"},{"data":"Rainbow","floor":15.0,"key":"SMITH"}],"neow_cost":"NONE","seed_source_timestamp":92353404765592,"circlet_count":0,"master_deck":["AscendersBane","Strike_B+1","Strike_B+1","Defend_B","Defend_B","Defend_B","Defend_B","Zap","Dualcast","Melter","Defragment+1","Cold Snap","Barrage","BootSequence","Cold Snap+1","Ball Lightning+1","Rainbow+1"],"special_seed":0,"relics":["Cracked Core","Golden Idol","Molten Egg 2","Blue Candle","Whetstone","Centennial Puzzle"],"potions_floor_usage":[16],"damage_taken":[{"damage":8.0,"enemies":"Small Slimes","floor":1.0,"turns":5.0},{"damage":2.0,"enemies":"2 Louse","floor":2.0,"turns":3.0},{"damage":1.0,"enemies":"Cultist","floor":4.0,"turns":3.0},{"damage":4.0,"enemies":"2 Fungi Beasts","floor":5.0,"turns":3.0},{"damage":14.0,"enemies":"Lagavulin","floor":6.0,"turns":7.0},{"damage":33.0,"enemies":"Gremlin Nob","floor":8.0,"turns":4.0},{"damage":1.0,"enemies":"3 Sentries","floor":11.0,"turns":4.0},{"damage":0.0,"enemies":"Large Slime","floor":13.0,"turns":3.0},{"damage":0.0,"enemies":"Exordium Thugs","floor":14.0,"turns":3.0},{"damage":6,"enemies":"Slime Boss","floor":16,"turns":5}],"seed_played":"4114660388830307789","potions_obtained":[{"floor":1.0,"key":"Block Potion"},{"floor":2.0,"key":"Explosive Potion"},{"floor":8.0,"key":"FocusPotion"},{"floor":13.0,"key":"FocusPotion"},{"floor":14.0,"key":"LiquidBronze"}],"is_trial":false,"path_per_floor":["M","M","?","M","M","E","?","E","T","R","E","?","M","M","R","B"],"character_chosen":"DEFECT","items_purchased":[],"campfire_rested":0,"item_purchase_floors":[],"current_hp_per_floor":[63,61,61,60,56,42,35,2,2,2,1,1,1,1,1,0],"gold":370,"neow_bonus":"TEN_PERCENT_HP_BONUS","is_prod":false,"is_daily":false,"chose_seed":false,"campfire_upgraded":2,"win_rate":0,"timestamp":1551538990,"path_taken":["M","M","?","M","M","E","?","E","T","R","E","?","M","M","R","BOSS"],"build_version":"2019-01-23","purchased_purges":0,"victory":false,"max_hp_per_floor":[78,78,71,71,71,71,71,71,71,71,71,71,71,71,71,71],"card_choices":[{"not_picked":["Go for the Eyes","Sweeping Beam"],"picked":"Melter","floor":1.0},{"not_picked":["Streamline","Reinforced Body"],"picked":"Defragment","floor":2.0},{"not_picked":["Recycle","Stack"],"picked":"Cold Snap","floor":4.0},{"not_picked":["Compile Driver","Redo"],"picked":"Barrage","floor":5.0},{"not_picked":["Beam Cell","Loop"],"picked":"BootSequence","floor":6.0},{"not_picked":["Turbo","Coolheaded"],"picked":"Cold Snap+1","floor":8.0},{"not_picked":["Steam","Go for the Eyes+1"],"picked":"Ball Lightning+1","floor":11.0},{"not_picked":["Stack","Steam"],"picked":"Rainbow","floor":13.0},{"not_picked":["Streamline+1","Reprogram","Gash+1"],"picked":"SKIP","floor":14.0}],"player_experience":637625,"relics_obtained":[{"floor":6.0,"key":"Molten Egg 2"},{"floor":8.0,"key":"Blue Candle"},{"floor":9.0,"key":"Whetstone"},{"floor":11.0,"key":"Centennial Puzzle"}],"event_choices":[{"damage_healed":0.0,"max_hp_gain":0.0,"max_hp_loss":7.0,"gold_gain":0.0,"event_name":"Golden Idol","player_choice":"Lose Max HP","floor":3.0,"gold_loss":0.0,"damage_taken":0.0,"relics_obtained":["Golden Idol"]},{"cards_removed":["Strike_B"],"damage_healed":0.0,"max_hp_gain":0.0,"max_hp_loss":0.0,"gold_gain":0.0,"event_name":"Golden Wing","player_choice":"Card Removal","floor":7.0,"gold_loss":0.0,"damage_taken":7.0},{"cards_removed":["Strike_B"],"damage_healed":0.0,"max_hp_gain":0.0,"max_hp_loss":0.0,"gold_gain":0.0,"event_name":"Bonfire Elementals","player_choice":"Offered Basic","floor":12.0,"gold_loss":0.0,"damage_taken":0.0}],"is_beta":false,"boss_relics":[],"items_purged_floors":[],"is_endless":false,"potions_floor_spawned":[1,2,8,13,14],"killed_by":"Slime Boss","ascension_level":20}