{"gold_per_floor":[114,129,199,199,199,199,214,244,269,299,314,314],"floor_reached":12,"playtime":1451,"items_purged":[],"score":163,"play_id":"ae49316e-2ae1-488e-9d19-5507eb069414","local_time":"20190127165702","daily_mods":["Insanity","ControlledChaos","Elite Swarm"],"is_ascension_mode":false,"campfire_choices":[{"data":"Flame Barrier","floor":6,"key":"SMITH"}],"neow_cost":"","seed_source_timestamp":0,"circlet_count":0,"master_deck":["Flame Barrier+1","Entrench","Thunderclap","Pummel","Iron Wave","Anger","Twin Strike","Headbutt","Heavy Blade","Wild Strike","Warcry","Sever Soul","Power Through","Burning Pact","Pommel Strike","Thunderclap","True Grit","Shrug It Off","Armaments","Warcry","Flex","Bloodletting","Intimidate","Cleave","Iron Wave","Clothesline","Armaments","Twin Strike","Bloodletting","Cleave","Reckless Charge","Body Slam","Havoc","Anger","Clothesline","Wild Strike","Warcry","Battle Trance","Pummel","Heavy Blade","Combust","Corruption","Flex","Heavy Blade","Heavy Blade","Clash","Flex","True Grit","Entrench","Fire Breathing","Shrug It Off","Blood for Blood","Feed"],"special_seed":17923,"relics":["Burning Blood","Frozen Eye","Mummified Hand","Art of War","Dodecahedron"],"potions_floor_usage":[10],"damage_taken":[{"damage":11,"enemies":"Jaw Worm","floor":1,"turns":2},{"damage":1,"enemies":"2 Louse","floor":2,"turns":3},{"damage":10,"enemies":"Small Slimes","floor":7,"turns":3},{"damage":39,"enemies":"Lagavulin","floor":8,"turns":6},{"damage":24,"enemies":"3 Sentries","floor":10,"turns":6},{"damage":0,"enemies":"2 Fungi Beasts","floor":11,"turns":2},{"damage":31,"enemies":"Lagavulin","floor":12,"turns":5}],"seed_played":"-4277099179774056171","potions_obtained":[{"floor":1,"key":"Explosive Potion"},{"floor":2,"key":"Block Potion"}],"is_trial":false,"path_per_floor":["M","M","?","$","?","R","M","E","T","E","M","E"],"character_chosen":"IRONCLAD","items_purchased":[],"campfire_rested":0,"item_purchase_floors":[],"current_hp_per_floor":[75,80,80,80,80,80,76,43,43,25,31,0],"gold":314,"neow_bonus":"","is_prod":false,"is_daily":true,"chose_seed":false,"campfire_upgraded":1,"win_rate":0.0,"timestamp":1548615422,"path_taken":["M","M","?","$","?","R","M","E","T","E","M","E"],"build_version":"2019-01-23","purchased_purges":0,"victory":false,"max_hp_per_floor":[80,80,80,80,80,80,80,80,80,80,80,80],"card_choices":[{"not_picked":["Iron Wave","Shockwave"],"picked":"Shrug It Off","floor":1},{"not_picked":["Flex","Clash","Warcry"],"picked":"SKIP","floor":2},{"not_picked":["Clothesline","Iron Wave"],"picked":"Blood for Blood","floor":7},{"not_picked":["Impervious","Immolate"],"picked":"Feed","floor":8},{"not_picked":["Feed","Limit Break","Double Tap"],"picked":"SKIP","floor":10},{"not_picked":["Anger","Armaments","Seeing Red"],"picked":"SKIP","floor":11}],"player_experience":28143,"relics_obtained":[{"floor":8,"key":"Mummified Hand"},{"floor":9,"key":"Art of War"},{"floor":10,"key":"Dodecahedron"}],"event_choices":[{"damage_healed":0,"gold_gain":70,"player_choice":"Gained Gold","damage_taken":0,"max_hp_gain":0,"max_hp_loss":0,"event_name":"Golden Wing","floor":3,"gold_loss":0},{"damage_healed":0,"gold_gain":0,"player_choice":"Leave","damage_taken":0,"max_hp_gain":0,"max_hp_loss":0,"event_name":"The Cleric","floor":5,"gold_loss":0}],"is_beta":false,"boss_relics":[],"items_purged_floors":[],"is_endless":false,"potions_floor_spawned":[1,2],"killed_by":"Lagavulin","ascension_level":0}