{"gold_per_floor":[118,137,87,262,93,93,122,122,122,153,30,30,30,46,46,151,151,161,161,179,195,205,205,216,216],"floor_reached":25,"playtime":1901,"items_purged":["Doubt","Strike_B"],"score":285,"play_id":"d170f039-3ed1-49aa-88fd-cc840b3f1b46","local_time":"20181114015838","is_ascension_mode":true,"campfire_choices":[{"data":"Zap","floor":6,"key":"SMITH"},{"floor":8,"key":"REST"},{"floor":15,"key":"REST"},{"floor":23,"key":"REST"}],"neow_cost":"NONE","seed_source_timestamp":2912924316967744,"circlet_count":0,"master_deck":["Defend_B","Zap+1","Dualcast","Coolheaded","Gash","Bandage Up","Reprogram","Rainbow","Cold Snap","All For One","Biased Cognition+1","Leap+1","Reinforced Body+1","Coolheaded+1","White Noise","Go for the Eyes","Self Repair"],"relics":["Cracked Core","Strawberry","Anchor","Astrolabe"],"potions_floor_usage":[16],"damage_taken":[{"damage":4,"enemies":"2 Louse","floor":1,"turns":2},{"damage":0,"enemies":"Small Slimes","floor":2,"turns":2},{"damage":54,"enemies":"Gremlin Nob","floor":7,"turns":5},{"damage":33,"enemies":"3 Sentries","floor":10,"turns":10},{"damage":0,"enemies":"Jaw Worm","floor":14,"turns":3},{"damage":42,"enemies":"Hexaghost","floor":16,"turns":10},{"damage":0,"enemies":"Chosen","floor":18,"turns":5},{"damage":13,"enemies":"3 Byrds","floor":20,"turns":5},{"damage":12,"enemies":"Snake Plant","floor":21,"turns":4},{"damage":10,"enemies":"Centurion and Healer","floor":22,"turns":6},{"damage":2,"enemies":"Snecko","floor":24,"turns":5},{"damage":70,"enemies":"Slavers","floor":25,"turns":4}],"seed_played":"-1977713257081416804","potions_obtained":[{"floor":2,"key":"Strength Potion"},{"floor":7,"key":"Ancient Potion"},{"floor":14,"key":"SkillPotion"},{"floor":21,"key":"LiquidBronze"}],"is_trial":false,"path_per_floor":["M","M","?","?","$","R","E","R","T","E","$","?","?","M","R","B",null,"M","?","M","M","M","R","M","E"],"character_chosen":"DEFECT","items_purchased":["Bandage Up","Cold Snap"],"campfire_rested":3,"item_purchase_floors":[5,11],"current_hp_per_floor":[64,64,64,64,64,64,17,41,41,12,12,12,12,16,40,2,62,66,50,41,33,27,53,55,0],"gold":216,"neow_bonus":"REMOVE_CARD","is_prod":false,"is_daily":false,"chose_seed":false,"campfire_upgraded":1,"win_rate":0,"timestamp":1542157118,"path_taken":["M","M","?","?","$","R","E","R","T","E","$","?","?","M","R","BOSS","M","?","M","M","M","R","M","E"],"build_version":"2018-11-12","purchased_purges":2,"victory":false,"max_hp_per_floor":[75,75,75,75,75,75,82,82,82,82,82,82,82,82,82,82,82,82,87,87,87,87,87,87,87],"card_choices":[{"not_picked":["Conserve Battery","Force Field"],"picked":"Coolheaded","floor":1},{"not_picked":["Go for the Eyes","Rip and Tear"],"picked":"Gash","floor":2},{"not_picked":["Darkness","Double Energy"],"picked":"Reprogram","floor":7},{"not_picked":["Streamline","Stack"],"picked":"Rainbow","floor":10},{"not_picked":["Streamline","Steam","Turbo"],"picked":"SKIP","floor":14},{"not_picked":["Machine Learning","Rainbow"],"picked":"All For One","floor":16},{"not_picked":["Go for the Eyes","Streamline"],"picked":"Coolheaded+1","floor":18},{"not_picked":["Cold Snap","Redo"],"picked":"White Noise","floor":20},{"not_picked":["Steam","Conserve Battery","Compile Driver"],"picked":"SKIP","floor":21},{"not_picked":["Storm","Redo"],"picked":"Go for the Eyes","floor":22},{"not_picked":["Go for the Eyes+1","Cold Snap"],"picked":"Self Repair","floor":24}],"player_experience":370311,"relics_obtained":[{"floor":7,"key":"Strawberry"},{"floor":10,"key":"Anchor"}],"event_choices":[{"cards_removed":["Strike_B"],"damage_healed":0,"gold_gain":0,"player_choice":"Card Removal","damage_taken":0,"max_hp_gain":0,"max_hp_loss":0,"event_name":"The Cleric","floor":3,"gold_loss":50},{"damage_healed":0,"gold_gain":175,"player_choice":"AGREE","damage_taken":0,"max_hp_gain":0,"max_hp_loss":0,"event_name":"Liars Game","floor":4,"gold_loss":0,"cards_obtained":["Doubt"]},{"damage_healed":0,"gold_gain":0,"player_choice":"Searched \u00270\u0027 times","damage_taken":0,"max_hp_gain":0,"max_hp_loss":0,"event_name":"Dead Adventurer","floor":12,"gold_loss":0},{"cards_removed":["Defend_B"],"damage_healed":0,"gold_gain":0,"player_choice":"Forget","damage_taken":0,"max_hp_gain":0,"max_hp_loss":0,"event_name":"Living Wall","floor":13,"gold_loss":0},{"damage_healed":0,"gold_gain":0,"player_choice":"Shed Blood","damage_taken":21,"max_hp_gain":5,"max_hp_loss":0,"event_name":"Forgotten Altar","floor":19,"gold_loss":0}],"is_beta":true,"boss_relics":[{"not_picked":["Snecko Eye","Inserter"],"picked":"Astrolabe"}],"items_purged_floors":[5,11],"is_endless":false,"potions_floor_spawned":[2,7,14,21,24],"killed_by":"Slavers","ascension_level":7}