{"gold_per_floor":[111,111,121,141,141,141,66,66,66,85,104,104,81,81,81,183,183,201,214,137,137,153,153,166,166,166,166,166,166,178,78,78,181,181,195,205,219,219,219],"floor_reached":39,"playtime":1298,"items_purged":["Strike_R","Bash"],"score":521,"play_id":"e7b01fa2-864e-471a-b3e2-99336736267a","local_time":"20180707120025","daily_mods":["Heirloom"],"is_ascension_mode":false,"campfire_choices":[{"data":"Defend_R","floor":6,"key":"SMITH"},{"data":"Anger","floor":8,"key":"SMITH"},{"floor":12,"key":"REST"},{"floor":15,"key":"REST"},{"floor":23,"key":"REST"},{"floor":25,"key":"REST"},{"data":"Rampage","floor":27,"key":"SMITH"},{"data":"Flex","floor":29,"key":"SMITH"},{"floor":32,"key":"REST"}],"neow_cost":"","seed_source_timestamp":0,"circlet_count":0,"master_deck":["Strike_R","Strike_R","Strike_R","Strike_R","Defend_R","Defend_R","Defend_R+1","Anger+1","Cleave","Flex+1","Shrug It Off","Rampage+1","Immolate","Infernal Blade","Cleave+1"],"relics":["Unceasing Top","Magic Flower","Ice Cream","Shovel","Sozu","Centennial Puzzle","Boot","Blood Vial","Busted Crown"],"potions_floor_usage":[10,18],"damage_taken":[{"damage":0,"enemies":"2 Louse","floor":1,"turns":4},{"damage":0,"enemies":"Cultist","floor":3,"turns":4},{"damage":6,"enemies":"Jaw Worm","floor":4,"turns":4},{"damage":8,"enemies":"2 Fungi Beasts","floor":10,"turns":3},{"damage":19,"enemies":"Exordium Wildlife","floor":11,"turns":5},{"damage":52,"enemies":"The Guardian","floor":16,"turns":10},{"damage":3,"enemies":"Chosen","floor":18,"turns":5},{"damage":12,"enemies":"2 Thieves","floor":19,"turns":3},{"damage":28,"enemies":"Cultist and Chosen","floor":22,"turns":7},{"damage":27,"enemies":"Centurion and Healer","floor":24,"turns":6},{"damage":19,"enemies":"Slaver and Parasite","floor":30,"turns":5},{"damage":62,"enemies":"Collector","floor":33,"turns":8},{"damage":9,"enemies":"3 Shapes","floor":35,"turns":1},{"damage":7,"enemies":"Orb Walker","floor":36,"turns":3},{"damage":67,"enemies":"Maw","floor":37,"turns":9},{"damage":6,"enemies":"Flame Bruiser 2 Orb","floor":39,"turns":3}],"seed_played":"4939971177270771792","potions_obtained":[{"floor":1,"key":"SteroidPotion"},{"floor":16,"key":"Energy Potion"}],"is_trial":true,"path_per_floor":["M","?","M","M","?","R","$","R","T","M","M","R","$","?","R","B",null,"M","M","?","T","M","R","M","R","T","R","?","R","M","$","R","B",null,"M","M","M","?"],"character_chosen":"IRONCLAD","items_purchased":["Flex"],"campfire_rested":5,"item_purchase_floors":[13],"current_hp_per_floor":[80,80,80,74,56,56,56,56,56,48,29,53,53,53,77,25,80,77,65,65,65,37,61,34,58,58,58,58,58,42,42,66,7,80,71,67,3,3,0],"gold":219,"neow_bonus":"","is_prod":false,"is_daily":false,"chose_seed":false,"campfire_upgraded":4,"win_rate":0,"timestamp":1530928825,"path_taken":["M","?","M","M","?","R","?","R","T","M","M","R","$","?","R","BOSS","M","M","?","?","M","R","?","R","T","R","?","R","?","$","R","BOSS","M","M","M","?","M"],"build_version":"2018-07-05","purchased_purges":2,"victory":false,"max_hp_per_floor":[80,80,80,80,80,80,80,80,80,80,80,80,80,80,80,80,80,80,80,80,80,80,80,80,80,80,80,80,80,80,80,80,80,80,80,80,80,80,80],"card_choices":[{"not_picked":["Combust","Thunderclap","Pommel Strike"],"picked":"SKIP","floor":1},{"not_picked":["Twin Strike","Uppercut"],"picked":"Anger","floor":3},{"not_picked":["Second Wind","Havoc","Fiend Fire"],"picked":"SKIP","floor":4},{"not_picked":["Sentinel","Body Slam"],"picked":"Cleave","floor":10},{"not_picked":["Twin Strike","Thunderclap","True Grit"],"picked":"SKIP","floor":11},{"not_picked":["Clothesline","Headbutt","Body Slam+1"],"picked":"SKIP","floor":18},{"not_picked":["Heavy Blade","True Grit+1"],"picked":"Shrug It Off","floor":19},{"not_picked":["Uppercut","Sword Boomerang"],"picked":"Rampage","floor":22},{"not_picked":["Perfected Strike","Reckless Charge+1","Inflame"],"picked":"SKIP","floor":24},{"not_picked":["Shrug It Off","Armaments","Thunderclap+1"],"picked":"SKIP","floor":30},{"not_picked":["Demon Form","Reaper"],"picked":"Immolate","floor":33},{"not_picked":["Reckless Charge"],"picked":"SKIP","floor":35},{"not_picked":[],"picked":"Infernal Blade","floor":36},{"not_picked":[],"picked":"Cleave+1","floor":37}],"player_experience":480716,"relics_obtained":[{"floor":9,"key":"Shovel"},{"floor":21,"key":"Centennial Puzzle"},{"floor":26,"key":"Boot"}],"event_choices":[{"event_name":"The Woman in Blue","player_choice":"Bought 0 Potions","floor":2,"damage_taken":0},{"event_name":"Scrap Ooze","player_choice":"success","floor":5,"damage_taken":18},{"event_name":"Liars Game","player_choice":"disagreed","floor":14,"damage_taken":0},{"event_name":"Drug Dealer","player_choice":"Got JAXXED","floor":20,"damage_taken":0},{"event_name":"Addict","player_choice":"Gave JAX","floor":28,"damage_taken":0},{"event_name":"Falling","player_choice":"Removed Skill","floor":38,"damage_taken":0}],"boss_relics":[{"not_picked":["Runic Cube","Orrery"],"picked":"Sozu"},{"not_picked":["Calling Bell","Runic Dome"],"picked":"Busted Crown"}],"items_purged_floors":[7,31],"is_endless":true,"potions_floor_spawned":[1,16,22,33,36],"killed_by":"Flame Bruiser 2 Orb","ascension_level":0}