{"gold_per_floor":[110,130,146,166,183,212,228,228,228,228,246,34,52,7,7,112,112,128,141,158,173,186,186,204,174,220,220,234,234,244,259,259,363,363,380,395,395,414,414,414,414],"floor_reached":41,"playtime":2709,"items_purged":[],"score":405,"play_id":"eb941efe-3956-4c31-833b-801d2270a6b1","local_time":"20180910065551","is_ascension_mode":false,"campfire_choices":[{"data":"Twin Strike","floor":8,"key":"SMITH"},{"data":"Twin Strike","floor":10,"key":"SMITH"},{"floor":15,"key":"REST"},{"data":"Apotheosis","floor":23,"key":"SMITH"},{"floor":29,"key":"REST"},{"data":"Bludgeon","floor":32,"key":"SMITH"},{"floor":40,"key":"REST"}],"neow_cost":"","seed_source_timestamp":290913783373258,"circlet_count":0,"master_deck":["Strike_R+1","Strike_R+1","Strike_R+1","Strike_R+1","Strike_R+1","Defend_R+1","Defend_R+1","Defend_R+1","Defend_R+1","Bash","Twin Strike+1","Iron Wave","Twin Strike+1","Pommel Strike","Reaper","Inflame","Apotheosis+1","Flex","Flex","Bludgeon+1","Headbutt+1","Cleave","Carnage","Impervious","Flex+1","Feed","Cleave","Decay"],"relics":["Burning Blood","Mummified Hand","Darkstone Periapt","Sozu","Pen Nib","Cursed Key","Girya"],"potions_floor_usage":[6,6,6,6,13,13,16],"damage_taken":[{"damage":5,"enemies":"Cultist","floor":1,"turns":4},{"damage":6,"enemies":"Jaw Worm","floor":2,"turns":4},{"damage":0,"enemies":"Small Slimes","floor":3,"turns":3},{"damage":9,"enemies":"2 Fungi Beasts","floor":4,"turns":3},{"damage":15,"enemies":"Exordium Thugs","floor":5,"turns":5},{"damage":19,"enemies":"Lagavulin","floor":6,"turns":4},{"damage":23,"enemies":"Red Slaver","floor":7,"turns":4},{"damage":7,"enemies":"Blue Slaver","floor":11,"turns":2},{"damage":30,"enemies":"Exordium Thugs","floor":13,"turns":3},{"damage":48,"enemies":"The Guardian","floor":16,"turns":9},{"damage":14,"enemies":"Spheric Guardian","floor":18,"turns":4},{"damage":24,"enemies":"3 Byrds","floor":19,"turns":5},{"damage":26,"enemies":"Shelled Parasite and Fungi","floor":20,"turns":6},{"damage":22,"enemies":"Centurion and Healer","floor":21,"turns":5},{"damage":0,"enemies":"Snecko","floor":22,"turns":3},{"damage":30,"enemies":"Shelled Parasite and Fungi","floor":24,"turns":4},{"damage":21,"enemies":"Snake Plant","floor":28,"turns":2},{"damage":0,"enemies":"Centurion and Healer","floor":30,"turns":5},{"damage":13,"enemies":"3 Cultists","floor":31,"turns":4},{"damage":67,"enemies":"Champ","floor":33,"turns":10},{"damage":0,"enemies":"Orb Walker","floor":35,"turns":2},{"damage":19,"enemies":"3 Darklings","floor":36,"turns":5},{"damage":42,"enemies":"Mind Bloom Boss Battle","floor":37,"turns":5},{"damage":24,"enemies":"Maw","floor":38,"turns":7},{"damage":85,"enemies":"Reptomancer","floor":41,"turns":2}],"seed_played":"-2256383448033381595","potions_obtained":[{"floor":3,"key":"Explosive Potion"},{"floor":5,"key":"EntropicBrew"},{"floor":6,"key":"Dexterity Potion"},{"floor":7,"key":"LiquidBronze"},{"floor":13,"key":"Strength Potion"}],"is_trial":false,"path_per_floor":["M","M","M","M","M","E","M","R","T","R","M","$","M","$","R","B",null,"M","M","M","M","M","R","M","?","T","?","M","R","M","M","R","B",null,"M","M","?","M","?","R"],"character_chosen":"IRONCLAD","items_purchased":["Apotheosis","Flex"],"campfire_rested":3,"item_purchase_floors":[12,14],"current_hp_per_floor":[80,80,80,77,68,55,42,42,42,42,41,41,17,17,41,26,80,80,71,58,55,61,61,43,43,43,43,28,52,68,73,73,19,80,80,80,52,41,47,72,0],"gold":414,"neow_bonus":"","is_prod":false,"is_daily":false,"chose_seed":false,"campfire_upgraded":4,"win_rate":0.0,"timestamp":1536576951,"path_taken":["M","M","M","M","M","E","M","R","T","R","M","$","M","$","R","BOSS","M","M","?","M","M","R","?","?","T","?","?","R","M","M","R","BOSS","M","M","?","?","?","R","M"],"build_version":"2018-09-06","purchased_purges":0,"victory":false,"max_hp_per_floor":[80,80,80,80,80,80,80,80,80,80,80,80,80,80,80,80,80,80,80,80,80,80,80,80,80,80,80,80,80,80,80,80,80,80,80,80,80,80,86,86,86],"card_choices":[{"not_picked":["Clash","Hemokinesis"],"picked":"Twin Strike","floor":1},{"not_picked":["Sword Boomerang","Armaments"],"picked":"Iron Wave","floor":2},{"not_picked":["Carnage","Havoc"],"picked":"Twin Strike","floor":3},{"not_picked":["Blood for Blood","Thunderclap"],"picked":"Pommel Strike","floor":4},{"not_picked":["Dropkick","Sword Boomerang","Armaments"],"picked":"SKIP","floor":5},{"not_picked":["Twin Strike","Evolve"],"picked":"Reaper","floor":6},{"not_picked":["Havoc","Rampage","Thunderclap"],"picked":"SKIP","floor":7},{"not_picked":["Thunderclap","Reckless Charge"],"picked":"Inflame","floor":11},{"not_picked":["Intimidate","Shrug It Off"],"picked":"Flex","floor":13},{"not_picked":["Immolate","Fiend Fire"],"picked":"Bludgeon","floor":16},{"not_picked":["Dropkick","True Grit+1","Flame Barrier"],"picked":"SKIP","floor":18},{"not_picked":["Wild Strike","Thunderclap+1"],"picked":"Headbutt+1","floor":19},{"not_picked":["Armaments+1","Carnage"],"picked":"Cleave","floor":20},{"not_picked":["Disarm+1","Sword Boomerang","Armaments"],"picked":"SKIP","floor":21},{"not_picked":["Clothesline+1","Intimidate"],"picked":"Carnage","floor":22},{"not_picked":["Sword Boomerang","Clash"],"picked":"Impervious","floor":24},{"not_picked":["Disarm+1","Clash","Havoc"],"picked":"SKIP","floor":28},{"not_picked":["Anger+1","True Grit"],"picked":"Flex+1","floor":30},{"not_picked":["Wild Strike+1","Second Wind","Thunderclap+1"],"picked":"SKIP","floor":31},{"not_picked":["Bludgeon","Dark Embrace"],"picked":"Feed","floor":33},{"not_picked":["Bloodletting+1","Anger+1","Sword Boomerang"],"picked":"SKIP","floor":35},{"not_picked":["Evolve","Corruption+1","Entrench"],"picked":"SKIP","floor":36},{"not_picked":["True Grit+1","Flex"],"picked":"Cleave","floor":38}],"player_experience":51661,"relics_obtained":[{"floor":6,"key":"Mummified Hand"},{"floor":9,"key":"Darkstone Periapt"},{"floor":26,"key":"Pen Nib"},{"floor":37,"key":"Girya"}],"event_choices":[{"event_name":"The Woman in Blue","player_choice":"Bought 2 Potions","floor":25,"damage_taken":0},{"event_name":"Back to Basics","player_choice":"Simplicity","floor":27,"damage_taken":0},{"event_name":"MindBloom","player_choice":"Fight","floor":37,"damage_taken":0},{"event_name":"Wheel of Change","player_choice":"Curse","floor":39,"damage_taken":0}],"is_beta":false,"boss_relics":[{"not_picked":["Coffee Dripper","Lizard Tail"],"picked":"Sozu"},{"not_picked":["Mark of Pain","Black Blood"],"picked":"Cursed Key"}],"items_purged_floors":[],"is_endless":false,"potions_floor_spawned":[3,5,6,7,13,20,28,30,33,35,37,38],"killed_by":"Reptomancer","ascension_level":0}