{"gold_per_floor":[111,111,111,130,130,155,155,170,170,170,197,197,45,65,65,164,164,182,195,52,52,68,79,79,98,98,129,129],"floor_reached":28,"playtime":1452,"items_purged":["Strike_B"],"score":273,"play_id":"e7309216-69b4-4811-8bfd-3d7a0facfeda","local_time":"20190129101846","is_ascension_mode":false,"campfire_choices":[{"data":"Genetic Algorithm","floor":7.0,"key":"SMITH"},{"floor":10.0,"key":"REST"},{"floor":15.0,"key":"REST"},{"floor":24.0,"key":"REST"}],"neow_cost":"NONE","seed_source_timestamp":0,"circlet_count":0,"master_deck":["Strike_B","Strike_B","Defend_B","Defend_B","Defend_B","Defend_B","Zap","Dualcast+1","Chaos+1","Ball Lightning","Genetic Algorithm+1","Double Energy","Multi-Cast","Defragment+1","Rainbow","White Noise","Auto Shields","Defragment+1","Conserve Battery+1"],"special_seed":0,"relics":["Cracked Core","Ginger","Omamori","Frozen Egg 2","Ancient Tea Set","Black Star","War Paint","Strawberry","Toxic Egg 2","Pen Nib","Mummified Hand"],"potions_floor_usage":[27],"damage_taken":[{"damage":4.0,"enemies":"Jaw Worm","floor":1.0,"turns":4.0},{"damage":2.0,"enemies":"Small Slimes","floor":4.0,"turns":3.0},{"damage":31.0,"enemies":"Lagavulin","floor":6.0,"turns":5.0},{"damage":0.0,"enemies":"2 Louse","floor":8.0,"turns":3.0},{"damage":46.0,"enemies":"Gremlin Nob","floor":11.0,"turns":5.0},{"damage":4.0,"enemies":"Exordium Thugs","floor":14.0,"turns":4.0},{"damage":17.0,"enemies":"Slime Boss","floor":16.0,"turns":6.0},{"damage":6.0,"enemies":"Shell Parasite","floor":18.0,"turns":7.0},{"damage":11.0,"enemies":"3 Byrds","floor":19.0,"turns":4.0},{"damage":37.0,"enemies":"3 Cultists","floor":22.0,"turns":6.0},{"damage":19.0,"enemies":"Snake Plant","floor":23.0,"turns":5.0},{"damage":19.0,"enemies":"Sentry and Sphere","floor":25.0,"turns":5.0},{"damage":22,"enemies":"Slavers","floor":27,"turns":6},{"damage":9,"enemies":"Centurion and Healer","floor":28,"turns":4}],"seed_played":"-3764761462049240610","potions_obtained":[{"floor":1.0,"key":"Strength Potion"},{"floor":6.0,"key":"SkillPotion"},{"floor":12.0,"key":"EssenceOfSteel"},{"floor":12.0,"key":"Block Potion"},{"floor":14.0,"key":"FocusPotion"},{"floor":25.0,"key":"Weak Potion"},{"floor":27,"key":"PowerPotion"}],"is_trial":false,"path_per_floor":["M","?","?","M","?","E","R","M","T","R","E","?","$","M","R","B",null,"M","M","$","?","M","M","R","M","T","E","M"],"character_chosen":"DEFECT","items_purchased":["Defragment+1","War Paint"],"campfire_rested":3,"item_purchase_floors":[13,20],"current_hp_per_floor":[78,83,76,74,67,36,36,36,36,62,16,16,16,12,38,21,87,81,70,70,77,40,21,49,30,30,8,0],"gold":129,"neow_bonus":"TEN_PERCENT_HP_BONUS","is_prod":false,"is_daily":false,"chose_seed":false,"campfire_upgraded":1,"win_rate":0.0,"timestamp":1548746326,"path_taken":["M","?","?","M","?","E","R","?","T","R","E","?","?","M","R","BOSS","M","M","$","?","M","M","R","M","T","E","M"],"build_version":"2019-01-23","purchased_purges":1,"victory":false,"max_hp_per_floor":[82,87,87,87,87,87,87,87,87,87,87,87,87,87,87,87,87,87,87,87,94,94,94,94,94,94,94,94],"card_choices":[{"not_picked":["Heatsinks","Gash"],"picked":"Chaos","floor":1.0},{"not_picked":["Chaos","Leap"],"picked":"Ball Lightning","floor":4.0},{"not_picked":["Force Field","Amplify"],"picked":"Genetic Algorithm","floor":6.0},{"not_picked":["Cold Snap","Skim"],"picked":"Double Energy","floor":8.0},{"not_picked":["Compile Driver","Steam"],"picked":"Multi-Cast","floor":11.0},{"not_picked":["Fusion","Beam Cell","Go for the Eyes"],"picked":"SKIP","floor":14.0},{"not_picked":["All For One","Seek"],"picked":"Rainbow","floor":16.0},{"not_picked":["Cold Snap+1","Coolheaded","Steam"],"picked":"SKIP","floor":18.0},{"not_picked":["Steam","Hologram","Cold Snap"],"picked":"SKIP","floor":19.0},{"not_picked":["Beam Cell","Redo+1"],"picked":"White Noise","floor":22.0},{"not_picked":["Doom and Gloom","Hello World+1"],"picked":"Auto Shields","floor":23.0},{"not_picked":["Coolheaded+1","Sweeping Beam"],"picked":"Defragment+1","floor":25.0},{"not_picked":["Go for the Eyes+1","Gash+1"],"picked":"Conserve Battery+1","floor":27}],"player_experience":215945,"relics_obtained":[{"floor":6.0,"key":"Omamori"},{"floor":9.0,"key":"Frozen Egg 2"},{"floor":11.0,"key":"Ancient Tea Set"},{"floor":26.0,"key":"Toxic Egg 2"},{"floor":27,"key":"Pen Nib"},{"floor":27,"key":"Mummified Hand"}],"event_choices":[{"damage_healed":0.0,"max_hp_gain":5.0,"max_hp_loss":0.0,"gold_gain":0.0,"event_name":"Big Fish","player_choice":"Donut","floor":2.0,"gold_loss":0.0,"damage_taken":0.0},{"damage_healed":0.0,"max_hp_gain":0.0,"max_hp_loss":0.0,"gold_gain":0.0,"event_name":"Scrap Ooze","player_choice":"Success","floor":3.0,"gold_loss":0.0,"damage_taken":7.0,"relics_obtained":["Ginger"]},{"cards_removed":["Strike_B"],"damage_healed":0.0,"max_hp_gain":0.0,"max_hp_loss":0.0,"gold_gain":0.0,"event_name":"Golden Wing","player_choice":"Card Removal","floor":5.0,"gold_loss":0.0,"damage_taken":7.0},{"damage_healed":0.0,"max_hp_gain":0.0,"max_hp_loss":0.0,"gold_gain":0.0,"event_name":"Lab","player_choice":"Got Potions","floor":12.0,"gold_loss":0.0,"damage_taken":0.0},{"damage_healed":0.0,"max_hp_gain":0.0,"max_hp_loss":0.0,"gold_gain":0.0,"event_name":"The Mausoleum","player_choice":"Opened","floor":21.0,"gold_loss":0.0,"damage_taken":0.0,"relics_obtained":["Strawberry"]}],"is_beta":false,"boss_relics":[{"not_picked":["White Beast Statue","FrozenCore"],"picked":"Black Star"}],"items_purged_floors":[13],"is_endless":false,"potions_floor_spawned":[1,6,14,16,25,27],"killed_by":"Centurion and Healer","ascension_level":0}