{"gold_per_floor":[115,128,147,147,147,181,181,213,213,247,247,266,191,3,3,81,81,98,111,9,9],"floor_reached":21,"playtime":1002,"items_purged":["Strike_B"],"score":394,"play_id":"fb9af628-cf8f-483e-a2fa-13aa2fffe06f","local_time":"20190208200956","is_ascension_mode":true,"campfire_choices":[{"floor":11,"key":"REST"},{"floor":15,"key":"REST"}],"neow_cost":"NONE","seed_source_timestamp":209149018147900,"circlet_count":0,"master_deck":["AscendersBane","Strike_B","Strike_B","Defend_B","Defend_B","Defend_B","Defend_B","Zap","Dualcast","FTL","Conserve Battery","Streamline","Echo Form","Buffer","Machine Learning","Gash","Static Discharge","Streamline","Hologram","Core Surge","Hologram+1","Conserve Battery"],"relics":["Fusion Hammer","Cables","Smiling Mask","Bag of Preparation","Singing Bowl","Darkstone Periapt","Philosopher\u0027s Stone"],"potions_floor_usage":[6,8,19,21,21],"damage_taken":[{"damage":6,"enemies":"Cultist","floor":1,"turns":4},{"damage":9,"enemies":"Jaw Worm","floor":2,"turns":4},{"damage":5,"enemies":"2 Louse","floor":3,"turns":2},{"damage":11,"enemies":"Gremlin Nob","floor":6,"turns":3},{"damage":20,"enemies":"3 Sentries","floor":8,"turns":11},{"damage":31,"enemies":"Gremlin Nob","floor":10,"turns":4},{"damage":0,"enemies":"Looter","floor":12,"turns":4},{"damage":27,"enemies":"The Guardian","floor":16,"turns":11},{"damage":10,"enemies":"Chosen","floor":18,"turns":4},{"damage":43,"enemies":"3 Byrds","floor":19,"turns":4},{"damage":13,"enemies":"Cultist and Chosen","floor":21,"turns":2}],"seed_played":"8130427595601230359","potions_obtained":[{"floor":1,"key":"SpeedPotion"},{"floor":3,"key":"Fire Potion"},{"floor":10,"key":"Explosive Potion"},{"floor":12,"key":"Ancient Potion"},{"floor":19,"key":"Fire Potion"}],"is_trial":false,"path_per_floor":["M","M","M","?","?","E","T","E","T","E","R","M","?","$","R","B",null,"M","M","$","M"],"character_chosen":"DEFECT","items_purchased":["Static Discharge","Streamline","Hologram","Conserve Battery"],"campfire_rested":2,"item_purchase_floors":[14,14,14,20],"current_hp_per_floor":[58,49,44,44,67,56,56,36,36,5,26,26,26,26,47,20,58,50,7,7,0],"gold":9,"neow_bonus":"BOSS_RELIC","is_prod":false,"is_daily":false,"chose_seed":false,"campfire_upgraded":0,"win_rate":0,"timestamp":1549685396,"path_taken":["M","?","M","?","?","E","?","E","T","E","R","M","?","$","R","BOSS","M","M","$","M"],"build_version":"2019-01-23","purchased_purges":1,"victory":false,"max_hp_per_floor":[71,71,71,71,71,71,71,71,71,71,71,71,71,71,71,71,71,73,73,73,73],"card_choices":[{"not_picked":["Fusion","Beam Cell"],"picked":"FTL","floor":1},{"not_picked":["Double Energy","Leap"],"picked":"Conserve Battery","floor":2},{"not_picked":["Hologram","Leap"],"picked":"Streamline","floor":3},{"not_picked":["Doom and Gloom","Hologram"],"picked":"Echo Form","floor":6},{"not_picked":["Hologram","Reprogram"],"picked":"Buffer","floor":8},{"not_picked":["Skim","Tempest"],"picked":"Machine Learning","floor":10},{"not_picked":["Genetic Algorithm","Double Energy"],"picked":"Gash","floor":12},{"not_picked":["Meteor Strike","All For One"],"picked":"Core Surge","floor":16},{"not_picked":["Go for the Eyes","Compile Driver","Steam"],"picked":"Singing Bowl","floor":18},{"not_picked":["Conserve Battery","Blizzard"],"picked":"Hologram+1","floor":19}],"player_experience":664189,"relics_obtained":[{"floor":6,"key":"Cables"},{"floor":7,"key":"Smiling Mask"},{"floor":8,"key":"Bag of Preparation"},{"floor":9,"key":"Singing Bowl"},{"floor":10,"key":"Darkstone Periapt"}],"event_choices":[{"damage_healed":0,"gold_gain":0,"player_choice":"Ignored","damage_taken":0,"max_hp_gain":0,"max_hp_loss":0,"event_name":"Liars Game","floor":4,"gold_loss":0},{"damage_healed":23,"gold_gain":0,"player_choice":"Banana","damage_taken":0,"max_hp_gain":0,"max_hp_loss":0,"event_name":"Big Fish","floor":5,"gold_loss":0},{"cards_removed":["Strike_B"],"damage_healed":0,"gold_gain":0,"player_choice":"Card Removal","damage_taken":0,"max_hp_gain":0,"max_hp_loss":0,"event_name":"The Cleric","floor":13,"gold_loss":75}],"is_beta":false,"boss_relics":[{"not_picked":["Runic Dome","Empty Cage"],"picked":"Philosopher\u0027s Stone"}],"items_purged_floors":[20],"is_endless":false,"potions_floor_spawned":[1,3,10,12,19],"killed_by":"Cultist and Chosen","ascension_level":20}