{"gold_per_floor":[109,109,109,155,169,194,194,217,217,63,76,76,76,26,26,155,155,176,195,195,52,52,52,93,114,114,129,152,152,170,29,29,154,154,172,172,228,79,79,79,412,431,431,446,465,497,497,291,291,291,291,291,11,46,46],"floor_reached":56,"playtime":6230,"items_purged":["Shame","Pain","Strike_R"],"score":1193,"play_id":"e6b9819d-7c8c-4837-8cc4-010dabc00f68","local_time":"20190308223053","is_ascension_mode":false,"campfire_choices":[{"data":"Body Slam","floor":13.0,"key":"SMITH"},{"data":"True Grit","floor":15.0,"key":"SMITH"},{"floor":23.0,"key":"RECALL"},{"data":"Body Slam","floor":29.0,"key":"SMITH"},{"data":"True Grit","floor":32.0,"key":"SMITH"},{"floor":40.0,"key":"DIG"},{"floor":49.0,"key":"DIG"},{"floor":52.0,"key":"DIG"}],"neow_cost":"NONE","seed_source_timestamp":1767246630016,"circlet_count":0,"master_deck":["Strike_R+1","Defend_R+1","Defend_R","Defend_R","Bash","Clumsy","Wild Strike","True Grit+1","Sentinel","Body Slam+1","Dark Embrace+1","Ghostly Armor","Barricade+1","Sentinel+1","Battle Trance+1","Fiend Fire+1","Disarm","True Grit+1","Evolve+1","Dual Wield","Body Slam+1","Seeing Red+1","Feel No Pain+1","Fiend Fire","Power Through","Wild Strike","Warcry+1","Sentinel","Armaments","Warcry","Entrench+1"],"special_seed":0,"relics":["Calling Bell","Dream Catcher","Sundial","Thread and Needle","Happy Flower","Frozen Egg 2","Meat on the Bone","Astrolabe","Boot","Bird Faced Urn","Champion Belt","Runic Cube","Shovel","Oddly Smooth Stone","Letter Opener","Lantern","Pear","Omamori","StoneCalendar","Kunai","OrangePellets","Paper Frog"],"potions_floor_usage":[55,55,55],"damage_taken":[{"damage":5.0,"enemies":"Cultist","floor":1.0,"turns":4.0},{"damage":3.0,"enemies":"2 Louse","floor":5.0,"turns":2.0},{"damage":33.0,"enemies":"3 Sentries","floor":6.0,"turns":12.0},{"damage":2.0,"enemies":"Jaw Worm","floor":8.0,"turns":3.0},{"damage":6.0,"enemies":"Red Slaver","floor":11.0,"turns":6.0},{"damage":19.0,"enemies":"Hexaghost","floor":16.0,"turns":11.0},{"damage":8.0,"enemies":"Spheric Guardian","floor":18.0,"turns":7.0},{"damage":2.0,"enemies":"Chosen","floor":19.0,"turns":4.0},{"damage":32.0,"enemies":"Book of Stabbing","floor":24.0,"turns":7.0},{"damage":11.0,"enemies":"Snake Plant","floor":25.0,"turns":5.0},{"damage":12.0,"enemies":"Snecko","floor":27.0,"turns":9.0},{"damage":5.0,"enemies":"Centurion and Healer","floor":28.0,"turns":7.0},{"damage":11.0,"enemies":"Snake Plant","floor":30.0,"turns":6.0},{"damage":21.0,"enemies":"Automaton","floor":33.0,"turns":9.0},{"damage":24.0,"enemies":"3 Shapes","floor":35.0,"turns":6.0},{"damage":52.0,"enemies":"2 Orb Walkers","floor":37.0,"turns":6.0},{"damage":0.0,"enemies":"3 Darklings","floor":42.0,"turns":5.0},{"damage":38.0,"enemies":"Transient","floor":44.0,"turns":5.0},{"damage":22.0,"enemies":"4 Shapes","floor":45.0,"turns":5.0},{"damage":9.0,"enemies":"Giant Head","floor":46.0,"turns":6.0},{"damage":38.0,"enemies":"Awakened One","floor":50.0,"turns":9.0},{"damage":34.0,"enemies":"Shield and Spear","floor":54.0,"turns":6.0},{"damage":8,"enemies":"The Heart","floor":55,"turns":10}],"seed_played":"7781062264856636614","potions_obtained":[{"floor":6.0,"key":"LiquidBronze"},{"floor":8.0,"key":"Regen Potion"},{"floor":19.0,"key":"SpeedPotion"},{"floor":24.0,"key":"PowerPotion"},{"floor":33.0,"key":"Energy Potion"},{"floor":35.0,"key":"SteroidPotion"},{"floor":44.0,"key":"LiquidBronze"},{"floor":46.0,"key":"FearPotion"},{"floor":54.0,"key":"GamblersBrew"}],"is_trial":false,"path_per_floor":["M","?","?","T","M","E","?","M","T","$","M","?","R","?","R","B",null,"M","M","?","$","?","R","E","M","T","M","M","R","M","$","R","B",null,"M","?","?","$","T","R","?","M","T","M","M","E","?","$","R","B",null,"R","$","E","B",null],"character_chosen":"IRONCLAD","items_purchased":["Dark Embrace+1","Evolve+1","Feel No Pain+1","Oddly Smooth Stone","Sentinel","Armaments","OrangePellets","Warcry"],"campfire_rested":0,"item_purchase_floors":[10,21,31,38,48,53,53,53],"current_hp_per_floor":[75,63,47,47,44,11,11,9,9,9,30,30,30,30,30,23,74,66,64,64,64,64,64,44,41,41,47,48,48,43,43,43,42,74,56,56,24,24,24,24,24,44,54,36,34,47,47,47,47,29,84,84,84,58,58],"gold":46,"neow_bonus":"BOSS_RELIC","is_prod":false,"is_daily":false,"chose_seed":false,"campfire_upgraded":4,"win_rate":0,"timestamp":1552051853,"path_taken":["M","?","?","?","?","E","?","M","T","$","M","?","R","?","R","BOSS","M","M","?","$","?","R","E","M","T","M","M","R","M","$","R","BOSS","M","?","?","$","?","R","?","?","T","M","M","E","?","?","R","BOSS","R","$","E","BOSS"],"build_version":"2019-01-23","purchased_purges":3,"victory":true,"max_hp_per_floor":[80,80,80,80,80,80,74,74,74,74,74,74,74,74,74,74,74,74,74,74,74,74,74,74,74,74,74,74,74,74,74,74,74,74,74,74,74,74,74,74,74,74,84,84,84,84,84,84,84,84,84,84,84,84,84],"card_choices":[{"not_picked":["Thunderclap","Clash"],"picked":"Wild Strike","floor":1.0},{"not_picked":["Clothesline","Twin Strike"],"picked":"True Grit","floor":5.0},{"not_picked":["Rage","Combust"],"picked":"Sentinel","floor":6.0},{"not_picked":["Clash","Armaments"],"picked":"Body Slam","floor":8.0},{"not_picked":["Havoc","Cleave"],"picked":"Ghostly Armor","floor":11.0},{"not_picked":["Dark Embrace+1","Bludgeon"],"picked":"Barricade+1","floor":16.0},{"not_picked":["Perfected Strike","Combust+1"],"picked":"Disarm","floor":18.0},{"not_picked":["Thunderclap","Sword Boomerang"],"picked":"True Grit","floor":19.0},{"not_picked":["Combust+1","Cleave"],"picked":"Dual Wield","floor":24.0},{"not_picked":["Flex","Shrug It Off"],"picked":"Body Slam","floor":25.0},{"not_picked":["Limit Break","Fire Breathing+1","Perfected Strike"],"picked":"SKIP","floor":27.0},{"not_picked":["Dual Wield+1","Searing Blow+1"],"picked":"Seeing Red+1","floor":28.0},{"not_picked":["Clash+1","Carnage+1","Rage"],"picked":"SKIP","floor":30.0},{"not_picked":["Offering","Impervious"],"picked":"Fiend Fire","floor":33.0},{"not_picked":["Intimidate","Clothesline+1"],"picked":"Power Through","floor":35.0},{"not_picked":["Dual Wield","Spot Weakness+1"],"picked":"Wild Strike","floor":42.0},{"not_picked":["True Grit","Body Slam","Sword Boomerang"],"picked":"SKIP","floor":44.0},{"not_picked":["Combust+1","Infernal Blade","Shrug It Off"],"picked":"SKIP","floor":45.0},{"not_picked":["Flex+1","Whirlwind"],"picked":"Warcry+1","floor":46.0},{"not_picked":["Wild Strike","Searing Blow"],"picked":"Entrench+1","floor":54.0}],"player_experience":229359,"relics_obtained":[{"floor":0.0,"key":"Dream Catcher"},{"floor":0.0,"key":"Sundial"},{"floor":0.0,"key":"Thread and Needle"},{"floor":6.0,"key":"Frozen Egg 2"},{"floor":9.0,"key":"Meat on the Bone"},{"floor":24.0,"key":"Bird Faced Urn"},{"floor":26.0,"key":"Champion Belt"},{"floor":37.0,"key":"Shovel"},{"floor":39.0,"key":"Letter Opener"},{"floor":40.0,"key":"Lantern"},{"floor":43.0,"key":"Pear"},{"floor":46.0,"key":"Omamori"},{"floor":49.0,"key":"StoneCalendar"},{"floor":52.0,"key":"Kunai"},{"floor":54.0,"key":"Paper Frog"}],"event_choices":[{"damage_healed":0.0,"max_hp_gain":0.0,"max_hp_loss":0.0,"gold_gain":0.0,"event_name":"Scrap Ooze","player_choice":"Success","floor":2.0,"gold_loss":0.0,"damage_taken":12.0,"relics_obtained":["Happy Flower"]},{"damage_healed":0.0,"max_hp_gain":0.0,"max_hp_loss":0.0,"gold_gain":0.0,"event_name":"Shining Light","player_choice":"Entered Light","floor":3.0,"gold_loss":0.0,"damage_taken":16.0,"cards_upgraded":["Defend_R","Strike_R"]},{"damage_healed":0.0,"max_hp_gain":0.0,"max_hp_loss":6.0,"gold_gain":0.0,"event_name":"Golden Idol","player_choice":"Lose Max HP","floor":7.0,"gold_loss":0.0,"damage_taken":0.0,"relics_obtained":["Golden Idol"]},{"damage_healed":0.0,"max_hp_gain":0.0,"max_hp_loss":0.0,"gold_gain":0.0,"event_name":"Liars Game","player_choice":"Ignored","floor":12.0,"gold_loss":0.0,"damage_taken":0.0},{"cards_removed":["Shame"],"damage_healed":0.0,"max_hp_gain":0.0,"max_hp_loss":0.0,"gold_gain":0.0,"event_name":"The Cleric","player_choice":"Card Removal","floor":14.0,"gold_loss":50.0,"damage_taken":0.0},{"damage_healed":0.0,"max_hp_gain":0.0,"max_hp_loss":0.0,"gold_gain":0.0,"event_name":"Addict","player_choice":"Stole Relic","floor":20.0,"gold_loss":0.0,"damage_taken":0.0,"relics_obtained":["Boot"],"cards_obtained":["Shame"]},{"damage_healed":0.0,"max_hp_gain":0.0,"max_hp_loss":0.0,"gold_gain":0.0,"event_name":"Vampires","player_choice":"Ignored","floor":22.0,"gold_loss":0.0,"damage_taken":0.0},{"cards_removed":["Defend_R"],"damage_healed":0.0,"max_hp_gain":0.0,"max_hp_loss":0.0,"gold_gain":0.0,"event_name":"Falling","player_choice":"Removed Skill","floor":36.0,"gold_loss":0.0,"damage_taken":0.0},{"damage_healed":0.0,"max_hp_gain":0.0,"max_hp_loss":0.0,"gold_gain":0.0,"event_name":"Mysterious Sphere","player_choice":"Fight","floor":37.0,"gold_loss":0.0,"damage_taken":0.0},{"damage_healed":0.0,"max_hp_gain":0.0,"max_hp_loss":0.0,"gold_gain":333.0,"event_name":"The Moai Head","player_choice":"Gave Idol","floor":41.0,"relics_lost":["Golden Idol"],"gold_loss":0.0,"damage_taken":0.0},{"damage_healed":0.0,"max_hp_gain":0.0,"max_hp_loss":0.0,"gold_gain":0.0,"event_name":"Tomb of Lord Red Mask","player_choice":"Ignored","floor":47.0,"gold_loss":0.0,"damage_taken":0.0}],"is_beta":false,"boss_relics":[{"not_picked":["Cursed Key","Busted Crown"],"picked":"Astrolabe"},{"not_picked":["Eternal Feather","Fusion Hammer"],"picked":"Runic Cube"}],"items_purged_floors":[21,31,48],"is_endless":false,"potions_floor_spawned":[6,8,19,24,33,35,44,46,54],"ascension_level":0}