{"gold_per_floor":[114,126,126,15,33,68,68,102,152,179,199,199,231,231,231,336,336,354,364,364,35,55,86,86,120,120,148,1,19,81,81,81,184,184,204,215,235,235,235,235,267,284,311,345,372,297,182,214,214,214],"floor_reached":50,"playtime":2650,"items_purged":["Strike_G"],"score":717,"play_id":"4079b273-7ced-42cb-ae0a-428fcc992165","local_time":"20190224113426","is_ascension_mode":true,"campfire_choices":[{"data":"Dash","floor":7,"key":"SMITH"},{"floor":12,"key":"REST"},{"data":"Crippling Poison","floor":15,"key":"SMITH"},{"floor":24,"key":"REST"},{"floor":32,"key":"REST"},{"floor":40,"key":"REST"},{"floor":49,"key":"RECALL"}],"neow_cost":"NONE","seed_source_timestamp":835238478241374,"circlet_count":0,"master_deck":["Defend_G","Defend_G","Defend_G","Defend_G","Defend_G","Strike_G","Strike_G","Strike_G","Survivor","Neutralize","Caltrops+1","Predator","Dash+1","Footwork","Leg Sweep","Footwork","Catalyst","Well Laid Plans","Crippling Poison+1","Malaise","Adrenaline","Deadly Poison","Bouncing Flask","Poisoned Stab","Calculated Gamble+1","Crippling Poison+1","Envenom","Deadly Poison+1","Bouncing Flask+1","Catalyst+1","Bullet Time+1","Caltrops+1","Crippling Poison+1","Dodge and Roll+1","Backflip+1","Prepared+1","PiercingWail+1","Dark Shackles+1","Catalyst+1"],"relics":["Ring of the Serpent","Mercury Hourglass","Regal Pillow","Bronze Scales","Shuriken","Happy Flower","GremlinMask","Toxic Egg 2","Shovel","Strawberry","Orichalcum","Meat on the Bone","Pen Nib","Tiny Chest","Black Star","Vajra","Tingsha","Boot","Bird Faced Urn","Centennial Puzzle","Ancient Tea Set","Bottled Flame","Kunai"],"potions_floor_usage":[1,8,11,33],"damage_taken":[{"damage":0,"enemies":"Small Slimes","floor":1,"turns":3},{"damage":0,"enemies":"Cultist","floor":2,"turns":4},{"damage":1,"enemies":"Jaw Worm","floor":5,"turns":3},{"damage":15,"enemies":"3 Sentries","floor":6,"turns":8},{"damage":15,"enemies":"Gremlin Nob","floor":8,"turns":4},{"damage":9,"enemies":"3 Sentries","floor":10,"turns":5},{"damage":0,"enemies":"Exordium Thugs","floor":11,"turns":4},{"damage":10,"enemies":"Gremlin Nob","floor":13,"turns":6},{"damage":22,"enemies":"Slime Boss","floor":16,"turns":11},{"damage":6,"enemies":"Chosen","floor":18,"turns":4},{"damage":0,"enemies":"3 Byrds","floor":19,"turns":2},{"damage":6,"enemies":"Snake Plant","floor":22,"turns":3},{"damage":26,"enemies":"Gremlin Leader","floor":23,"turns":6},{"damage":39,"enemies":"Slavers","floor":25,"turns":4},{"damage":13,"enemies":"Book of Stabbing","floor":27,"turns":4},{"damage":6,"enemies":"Chosen and Byrds","floor":29,"turns":4},{"damage":10,"enemies":"Gremlin Leader","floor":30,"turns":4},{"damage":40,"enemies":"Automaton","floor":33,"turns":9},{"damage":35,"enemies":"3 Darklings","floor":35,"turns":4},{"damage":14,"enemies":"3 Shapes","floor":36,"turns":4},{"damage":3,"enemies":"Maw","floor":37,"turns":7},{"damage":30,"enemies":"Nemesis","floor":41,"turns":5},{"damage":1,"enemies":"Sphere and 2 Shapes","floor":42,"turns":4},{"damage":2,"enemies":"Giant Head","floor":44,"turns":5},{"damage":14,"enemies":"Nemesis","floor":48,"turns":7},{"damage":68,"enemies":"Awakened One","floor":50,"turns":9}],"seed_played":"803833286893266015","potions_obtained":[{"floor":0,"key":"Explosive Potion"},{"floor":0,"key":"SpeedPotion"},{"floor":0,"key":"Fruit Juice"},{"floor":1,"key":"PowerPotion"},{"floor":2,"key":"AttackPotion"},{"floor":10,"key":"SmokeBomb"},{"floor":18,"key":"FearPotion"},{"floor":35,"key":"SteroidPotion"}],"is_trial":false,"path_per_floor":["M","M","?","$","M","E","R","E","T","E","M","R","E","?","R","B",null,"M","M","?","$","M","E","R","E","T","E","$","M","E","?","R","B",null,"M","M","M","T","?","R","E","M","T","E","T","$","$","E","R","B"],"character_chosen":"THE_SILENT","items_purchased":["Dash","Footwork","Bouncing Flask","Toxic Egg 2","Pen Nib","PiercingWail+1","Dark Shackles+1"],"campfire_rested":4,"item_purchase_floors":[4,4,21,21,28,47,47],"current_hp_per_floor":[75,75,75,75,74,59,59,44,44,35,35,72,62,62,62,40,75,69,69,69,69,63,37,74,42,42,29,29,35,37,37,76,48,82,47,45,42,42,42,81,51,50,50,48,48,48,48,50,50,0],"gold":214,"neow_bonus":"THREE_SMALL_POTIONS","is_prod":false,"is_daily":false,"chose_seed":false,"campfire_upgraded":2,"win_rate":0,"timestamp":1551026066,"path_taken":["M","M","?","$","M","E","R","E","T","E","M","R","E","?","R","BOSS","M","M","?","$","M","E","R","E","T","E","$","?","E","?","R","BOSS","M","M","M","?","?","R","E","M","T","E","?","?","$","E","R","BOSS"],"build_version":"2019-01-23","purchased_purges":1,"victory":false,"max_hp_per_floor":[75,75,75,75,75,75,75,75,75,75,75,75,75,75,75,75,75,75,75,75,75,75,75,75,82,82,82,82,82,82,82,82,82,82,82,82,82,82,82,82,82,82,82,82,82,82,82,82,82,82],"card_choices":[{"not_picked":["Underhanded Strike","Bane"],"picked":"Caltrops","floor":1},{"not_picked":["Quick Slash","Blade Dance"],"picked":"Predator","floor":2},{"not_picked":["Dagger Throw","Deflect"],"picked":"Leg Sweep","floor":5},{"not_picked":["Flying Knee","Escape Plan"],"picked":"Footwork","floor":6},{"not_picked":["Endless Agony","Blur"],"picked":"Catalyst","floor":8},{"not_picked":["Bane","Deflect"],"picked":"Well Laid Plans","floor":10},{"not_picked":["All Out Attack","Reflex"],"picked":"Crippling Poison","floor":11},{"not_picked":["Dagger Spray","Flying Knee"],"picked":"Malaise","floor":13},{"not_picked":["A Thousand Cuts","Storm of Steel"],"picked":"Adrenaline","floor":16},{"not_picked":["Deflect","Distraction","Blur"],"picked":"SKIP","floor":18},{"not_picked":["Leg Sweep+1","Footwork"],"picked":"Deadly Poison","floor":19},{"not_picked":["Quick Slash","Masterful Stab"],"picked":"Poisoned Stab","floor":22},{"not_picked":["A Thousand Cuts","Deflect+1"],"picked":"Calculated Gamble+1","floor":23},{"not_picked":["Bane","Finisher"],"picked":"Crippling Poison+1","floor":25},{"not_picked":["Malaise+1","Deflect+1"],"picked":"Envenom","floor":27},{"not_picked":["Accuracy","Blur+1"],"picked":"Deadly Poison+1","floor":29},{"not_picked":["Caltrops","Slice"],"picked":"Bouncing Flask+1","floor":30},{"not_picked":["Malaise+1","Wraith Form v2"],"picked":"Bullet Time+1","floor":33},{"not_picked":["Dagger Throw+1","Calculated Gamble+1"],"picked":"Caltrops+1","floor":35},{"not_picked":["Bane","Cloak And Dagger+1","Dagger Spray"],"picked":"SKIP","floor":36},{"not_picked":["Underhanded Strike","Expertise+1"],"picked":"Crippling Poison+1","floor":37},{"not_picked":["Sucker Punch","Finisher"],"picked":"Dodge and Roll+1","floor":41},{"not_picked":["Underhanded Strike+1","Predator+1"],"picked":"Backflip+1","floor":42},{"not_picked":["All Out Attack","Malaise+1"],"picked":"Prepared+1","floor":44},{"not_picked":["Finisher","Terror+1"],"picked":"Catalyst+1","floor":48}],"player_experience":235213,"relics_obtained":[{"floor":6,"key":"Mercury Hourglass"},{"floor":8,"key":"Regal Pillow"},{"floor":9,"key":"Bronze Scales"},{"floor":10,"key":"Shuriken"},{"floor":13,"key":"Happy Flower"},{"floor":23,"key":"Shovel"},{"floor":25,"key":"Strawberry"},{"floor":26,"key":"Orichalcum"},{"floor":27,"key":"Meat on the Bone"},{"floor":30,"key":"Tiny Chest"},{"floor":41,"key":"Vajra"},{"floor":41,"key":"Tingsha"},{"floor":43,"key":"Boot"},{"floor":44,"key":"Bird Faced Urn"},{"floor":44,"key":"Centennial Puzzle"},{"floor":45,"key":"Ancient Tea Set"},{"floor":48,"key":"Bottled Flame"},{"floor":48,"key":"Kunai"}],"event_choices":[{"damage_healed":0,"gold_gain":0,"player_choice":"Grow","damage_taken":0,"max_hp_gain":0,"max_hp_loss":0,"event_name":"Living Wall","floor":3,"gold_loss":0,"cards_upgraded":["Caltrops"]},{"cards_removed":["Strike_G"],"damage_healed":0,"gold_gain":0,"player_choice":"Purged","damage_taken":0,"max_hp_gain":0,"max_hp_loss":0,"event_name":"Purifier","floor":14,"gold_loss":0},{"damage_healed":0,"gold_gain":0,"player_choice":"Trade","damage_taken":0,"relics_obtained":["GremlinMask"],"max_hp_gain":0,"max_hp_loss":0,"event_name":"FaceTrader","floor":20,"gold_loss":0},{"damage_healed":0,"gold_gain":0,"player_choice":"Copied","damage_taken":0,"max_hp_gain":0,"max_hp_loss":0,"event_name":"Duplicator","floor":31,"gold_loss":0,"cards_obtained":["Catalyst"]},{"damage_healed":0,"gold_gain":0,"player_choice":"Ignored","damage_taken":0,"max_hp_gain":0,"max_hp_loss":0,"event_name":"Tomb of Lord Red Mask","floor":39,"gold_loss":0}],"is_beta":false,"boss_relics":[{"not_picked":["Sozu","Astrolabe"],"picked":"Ring of the Serpent"},{"not_picked":["Pandora\u0027s Box","HoveringKite"],"picked":"Black Star"}],"items_purged_floors":[46],"is_endless":false,"potions_floor_spawned":[1,2,5,10,18,23,25,27,35,37],"killed_by":"Awakened One","ascension_level":1}