{"gold_per_floor":[118,118,11,11,21,21,36,46,95,134,165,177,52,66,66,165,165,184,83,83,83,83,83,93,93,93,103,103,0,11,31,31,128,128,143,143,0,0,15,15,34,34,111,111,31,31,31,46,46,46],"floor_reached":50,"playtime":2429,"items_purged":["Grand Finale"],"score":754,"play_id":"6ad38301-2c7f-4f0f-b1fc-a6662e52190b","local_time":"20190305195450","is_ascension_mode":true,"campfire_choices":[{"data":"Neutralize","floor":6,"key":"SMITH"},{"data":"Phantasmal Killer","floor":15,"key":"SMITH"},{"data":"Glass Knife","floor":23,"key":"SMITH"},{"data":"Terror","floor":28,"key":"SMITH"},{"data":"Ghostly","floor":32,"key":"SMITH"},{"floor":40,"key":"REST"},{"data":"Ghostly","floor":42,"key":"SMITH"},{"data":"Ghostly","floor":44,"key":"SMITH"},{"data":"Ghostly","floor":47,"key":"SMITH"},{"floor":49,"key":"REST"}],"neow_cost":"PERCENT_DAMAGE","seed_source_timestamp":770330018933779,"circlet_count":0,"master_deck":["AscendersBane","Survivor","Neutralize+1","Backstab+1","Leg Sweep","All Out Attack","Footwork","Terror+1","Phantasmal Killer+1","Outmaneuver","Flying Knee","Footwork","Deflect","Caltrops","Glass Knife+1","Setup","Blur","Well Laid Plans","Unload","Dagger Spray","Sucker Punch+1","Prepared","Burst","PiercingWail","Backflip","Ghostly+1","Ghostly+1","Ghostly+1","Ghostly+1","Ghostly+1","Quick Slash","Backflip","Die Die Die","Escape Plan"],"special_seed":0,"relics":["Ring of the Snake","Incense Burner","Centennial Puzzle","MawBank","PreservedInsect","Pandora\u0027s Box","Ornamental Fan","Matryoshka","Whetstone","Bottled Lightning","Lizard Tail","Red Mask","Vajra","Bottled Flame"],"potions_floor_usage":[33,48,50],"damage_taken":[{"damage":0.0,"enemies":"2 Louse","floor":1.0,"turns":3.0},{"damage":0,"enemies":"Cultist","floor":5,"turns":3},{"damage":2,"enemies":"Jaw Worm","floor":7,"turns":4},{"damage":5,"enemies":"Lots of Slimes","floor":8,"turns":2},{"damage":13,"enemies":"Lagavulin","floor":10,"turns":9},{"damage":7,"enemies":"Large Slime","floor":11,"turns":7},{"damage":13,"enemies":"Exordium Thugs","floor":14,"turns":5},{"damage":3,"enemies":"Hexaghost","floor":16,"turns":15},{"damage":11,"enemies":"3 Byrds","floor":18,"turns":3},{"damage":3,"enemies":"2 Thieves","floor":24,"turns":4},{"damage":10,"enemies":"Snecko","floor":27,"turns":3},{"damage":3,"enemies":"Snake Plant","floor":30,"turns":2},{"damage":2,"enemies":"Cultist and Chosen","floor":31,"turns":8},{"damage":10,"enemies":"Automaton","floor":33,"turns":13},{"damage":18,"enemies":"3 Shapes","floor":35,"turns":5},{"damage":4,"enemies":"3 Darklings","floor":39,"turns":7},{"damage":1,"enemies":"4 Shapes","floor":41,"turns":6},{"damage":6,"enemies":"Writhing Mass","floor":48,"turns":5},{"damage":45,"enemies":"Donu and Deca","floor":50,"turns":9}],"seed_played":"4789454623499972078","potions_obtained":[{"floor":1.0,"key":"Swift Potion"},{"floor":8,"key":"SkillPotion"},{"floor":14,"key":"Block Potion"},{"floor":33,"key":"Poison Potion"}],"is_trial":false,"path_per_floor":["M","?","$","T","M","R","M","M","T","E","M","?","$","M","R","B",null,"M","$","?","?","T","R","M","?","T","M","R","?","M","M","R","B",null,"M","?","?","?","M","R","M","R","T","R","$","?","R","M","R","B"],"character_chosen":"THE_SILENT","items_purchased":["Leg Sweep","All Out Attack","Flying Knee","Footwork","Deflect","Backflip","Escape Plan"],"campfire_rested":2,"item_purchase_floors":[3,3,13,13,13,19,45],"current_hp_per_floor":[45,45,45,45,45,45,43,38,38,25,18,18,18,5,5,2,53,42,42,35,35,35,35,32,32,32,22,22,22,19,17,17,7,28,10,10,10,10,6,15,14,14,14,14,14,14,14,8,17,0],"gold":46,"neow_bonus":"ONE_RARE_RELIC","is_prod":false,"is_daily":false,"chose_seed":false,"campfire_upgraded":8,"win_rate":0,"timestamp":1551776090,"path_taken":["M","?","?","?","M","R","?","M","T","E","M","?","$","?","R","BOSS","M","$","?","?","?","R","M","?","T","M","R","?","?","M","R","BOSS","M","?","?","?","M","R","M","R","T","R","$","?","R","M","R","BOSS"],"build_version":"2019-01-23","purchased_purges":1,"victory":false,"max_hp_per_floor":[70,70,70,70,70,70,70,70,70,70,70,70,70,70,70,70,70,70,70,35,35,35,35,35,35,35,35,35,35,35,35,35,35,35,35,35,35,33,33,33,33,33,33,33,33,33,33,33,33,33],"card_choices":[{"not_picked":["Poisoned Stab","Deadly Poison"],"picked":"Backstab","floor":1.0},{"not_picked":["Choke","Escape Plan"],"picked":"Footwork","floor":5},{"not_picked":["Endless Agony","Slice","Dodge and Roll"],"picked":"SKIP","floor":7},{"not_picked":["Footwork","Flying Knee"],"picked":"Terror","floor":8},{"not_picked":["Deflect","Blade Dance"],"picked":"Phantasmal Killer","floor":10},{"not_picked":["Dodge and Roll","Blade Dance"],"picked":"Outmaneuver","floor":11},{"not_picked":["Infinite Blades","Slice"],"picked":"Caltrops","floor":14},{"not_picked":["Venomology","Phantasmal Killer"],"picked":"Glass Knife","floor":16},{"not_picked":["Noxious Fumes","Dagger Throw+1"],"picked":"PiercingWail","floor":18},{"not_picked":["Crippling Poison","Infinite Blades"],"picked":"Quick Slash","floor":24},{"not_picked":["Masterful Stab","Outmaneuver"],"picked":"Backflip","floor":27},{"not_picked":["Skewer","Slice","Backstab"],"picked":"SKIP","floor":30},{"not_picked":["Backflip","Sucker Punch+1","Poisoned Stab"],"picked":"SKIP","floor":31},{"not_picked":["Storm of Steel","Venomology"],"picked":"Die Die Die","floor":33},{"not_picked":["Cloak And Dagger","Underhanded Strike","Dagger Throw"],"picked":"SKIP","floor":35},{"not_picked":["Deflect","Skewer","PiercingWail"],"picked":"SKIP","floor":39},{"not_picked":["Footwork+1","PiercingWail+1","Acrobatics"],"picked":"SKIP","floor":41},{"not_picked":["Blur","Bane","Outmaneuver"],"picked":"SKIP","floor":48}],"player_experience":745140,"relics_obtained":[{"floor":4,"key":"Centennial Puzzle"},{"floor":9,"key":"MawBank"},{"floor":10,"key":"PreservedInsect"},{"floor":22,"key":"Matryoshka"},{"floor":26,"key":"Whetstone"},{"floor":26,"key":"Bottled Lightning"},{"floor":43,"key":"Vajra"},{"floor":43,"key":"Bottled Flame"}],"event_choices":[{"damage_healed":0,"gold_gain":0,"player_choice":"Bought 0 Potions","damage_taken":0,"max_hp_gain":0,"max_hp_loss":0,"event_name":"The Woman in Blue","floor":2,"gold_loss":0},{"cards_removed":["Strike_G"],"damage_healed":0,"gold_gain":0,"player_choice":"Offered Basic","damage_taken":0,"max_hp_gain":0,"max_hp_loss":0,"event_name":"Bonfire Elementals","floor":12,"gold_loss":0},{"damage_healed":0,"gold_gain":0,"player_choice":"Became a Ghost","damage_taken":0,"max_hp_gain":0,"max_hp_loss":35,"event_name":"Ghosts","floor":20,"gold_loss":0,"cards_obtained":["Ghostly","Ghostly","Ghostly","Ghostly","Ghostly"]},{"damage_healed":0,"gold_gain":0,"player_choice":"Opened","damage_taken":0,"relics_obtained":["Ornamental Fan"],"max_hp_gain":0,"max_hp_loss":0,"event_name":"The Mausoleum","floor":21,"gold_loss":0},{"damage_healed":0,"gold_gain":0,"player_choice":"Ignored","damage_taken":0,"max_hp_gain":0,"max_hp_loss":0,"event_name":"Cursed Tome","floor":25,"gold_loss":0},{"damage_healed":0,"gold_gain":0,"player_choice":"Paid Fearfully","damage_taken":0,"max_hp_gain":0,"max_hp_loss":0,"event_name":"Masked Bandits","floor":29,"gold_loss":103},{"damage_healed":0,"gold_gain":0,"player_choice":"Ignored","damage_taken":0,"max_hp_gain":0,"max_hp_loss":0,"event_name":"The Moai Head","floor":36,"gold_loss":0},{"damage_healed":0,"gold_gain":0,"player_choice":"Paid","damage_taken":0,"relics_obtained":["Red Mask"],"max_hp_gain":0,"max_hp_loss":0,"event_name":"Tomb of Lord Red Mask","floor":37,"gold_loss":143},{"damage_healed":0,"gold_gain":0,"player_choice":"Max HP","damage_taken":0,"max_hp_gain":0,"max_hp_loss":2,"event_name":"Winding Halls","floor":38,"gold_loss":0},{"damage_healed":0,"gold_gain":0,"player_choice":"Upgraded","damage_taken":0,"max_hp_gain":0,"max_hp_loss":0,"event_name":"Upgrade Shrine","floor":46,"gold_loss":0,"cards_upgraded":["Ghostly"]}],"is_beta":false,"boss_relics":[{"not_picked":["Empty Cage","Coffee Dripper"],"picked":"Pandora\u0027s Box"},{"not_picked":["Tiny House","Ring of the Serpent"],"picked":"Lizard Tail"}],"items_purged_floors":[19],"is_endless":false,"potions_floor_spawned":[1,8,10,14,16,18,24,30,33,39,41],"killed_by":"Donu and Deca","ascension_level":12}