{"gold_per_floor":[118,135,135,149,169,204,204,40,64,97,116,116,66,66,66,161,161,180,200,214,6,6],"floor_reached":22,"playtime":1265,"items_purged":["Strike_R","Bash"],"score":225,"play_id":"0cd34813-1b9d-45a9-89cc-371820215ccd","local_time":"20190307234718","is_ascension_mode":true,"campfire_choices":[{"floor":7,"key":"REST"},{"floor":12,"key":"REST"},{"floor":15,"key":"REST"}],"neow_cost":"NONE","seed_source_timestamp":36761862225000,"circlet_count":0,"master_deck":["Strike_R","Strike_R","Strike_R","Defend_R","Defend_R","Defend_R","Defend_R","Headbutt","Bloodletting","Burning Pact","Pummel","Feel No Pain","Juggernaut","Second Wind","Wild Strike","Juggernaut","True Grit","Warcry","Warcry","Corruption","Havoc"],"relics":["Burning Blood","PreservedInsect","Ancient Tea Set","Smiling Mask","Self Forming Clay","Mark of Pain"],"potions_floor_usage":[5,6,19,20,22],"damage_taken":[{"damage":4,"enemies":"2 Louse","floor":1,"turns":5},{"damage":1,"enemies":"Cultist","floor":2,"turns":3},{"damage":0,"enemies":"Small Slimes","floor":4,"turns":3},{"damage":10,"enemies":"Blue Slaver","floor":5,"turns":4},{"damage":48,"enemies":"3 Sentries","floor":6,"turns":11},{"damage":21,"enemies":"Gremlin Nob","floor":10,"turns":4},{"damage":20,"enemies":"2 Fungi Beasts","floor":11,"turns":5},{"damage":72,"enemies":"Hexaghost","floor":16,"turns":12},{"damage":16,"enemies":"Shell Parasite","floor":18,"turns":4},{"damage":33,"enemies":"2 Thieves","floor":19,"turns":4},{"damage":24,"enemies":"Cultist and Chosen","floor":20,"turns":6},{"damage":39,"enemies":"Snake Plant","floor":22,"turns":4}],"seed_played":"318868026117292434","potions_obtained":[{"floor":4,"key":"Weak Potion"},{"floor":5,"key":"Energy Potion"},{"floor":11,"key":"Explosive Potion"},{"floor":16,"key":"Swift Potion"},{"floor":20,"key":"AttackPotion"}],"is_trial":false,"path_per_floor":["M","M","?","M","M","E","R","$","T","E","M","R","$","T","R","B",null,"M","M","M","$","M"],"character_chosen":"IRONCLAD","items_purchased":["Juggernaut","Warcry","Corruption","Havoc"],"campfire_rested":3,"item_purchase_floors":[8,21,21,21],"current_hp_per_floor":[88,88,88,88,84,42,68,68,68,53,39,65,65,65,88,22,88,78,51,33,33,0],"gold":6,"neow_bonus":"TEN_PERCENT_HP_BONUS","is_prod":false,"is_daily":false,"chose_seed":false,"campfire_upgraded":0,"win_rate":0,"timestamp":1552024038,"path_taken":["M","M","?","M","?","E","R","$","T","E","M","R","?","?","R","BOSS","M","M","M","$","M"],"build_version":"2019-01-23","purchased_purges":2,"victory":false,"max_hp_per_floor":[88,88,88,88,88,88,88,88,88,88,88,88,88,88,88,88,88,88,88,88,88,88],"card_choices":[{"not_picked":["Iron Wave","Hemokinesis","Cleave"],"picked":"SKIP","floor":1},{"not_picked":["Cleave","Havoc"],"picked":"Headbutt","floor":2},{"not_picked":["Twin Strike","True Grit"],"picked":"Burning Pact","floor":4},{"not_picked":["Twin Strike","Perfected Strike"],"picked":"Pummel","floor":5},{"not_picked":["Armaments","Headbutt"],"picked":"Feel No Pain","floor":6},{"not_picked":["Impervious","Cleave"],"picked":"Second Wind","floor":10},{"not_picked":["Carnage","Cleave"],"picked":"Wild Strike","floor":11},{"not_picked":["Immolate","Double Tap"],"picked":"Juggernaut","floor":16},{"not_picked":["Perfected Strike+1","Spot Weakness","Inflame"],"picked":"SKIP","floor":18},{"not_picked":["Iron Wave","Whirlwind"],"picked":"True Grit","floor":19},{"not_picked":["Shockwave","Clash"],"picked":"Warcry","floor":20}],"player_experience":314839,"relics_obtained":[{"floor":6,"key":"PreservedInsect"},{"floor":9,"key":"Ancient Tea Set"},{"floor":10,"key":"Smiling Mask"},{"floor":14,"key":"Self Forming Clay"}],"event_choices":[{"damage_healed":0,"gold_gain":0,"cards_transformed":["Strike_R"],"player_choice":"Transformed","damage_taken":0,"max_hp_gain":0,"max_hp_loss":0,"event_name":"Transmorgrifier","floor":3,"gold_loss":0,"cards_obtained":["Bloodletting"]}],"is_beta":false,"boss_relics":[{"not_picked":["Runic Dome","Coffee Dripper"],"picked":"Mark of Pain"}],"items_purged_floors":[13,21],"is_endless":false,"potions_floor_spawned":[4,5,11,16,20],"killed_by":"Snake Plant","ascension_level":3}