{"gold_per_floor":[365,515,12,22,40,75,75,105,105,131,131,9,72,91,91,91],"floor_reached":16,"playtime":558,"items_purged":["Doubt"],"score":236,"play_id":"4c6e41ab-c81b-40f0-9787-e792c498665f","local_time":"20190303044908","is_ascension_mode":true,"campfire_choices":[{"data":"Zap","floor":7,"key":"SMITH"},{"data":"Fission","floor":11,"key":"SMITH"},{"data":"Chill","floor":15,"key":"SMITH"}],"neow_cost":"PERCENT_DAMAGE","seed_source_timestamp":160210135060299,"circlet_count":0,"master_deck":["AscendersBane","Strike_B","Strike_B","Strike_B","Strike_B","Defend_B","Defend_B","Defend_B","Defend_B","Zap+1","Dualcast","Auto Shields","Leap","Melter","Gash","Hello World","Conserve Battery","Gash","Fission+1","FTL","FTL","Chill+1"],"relics":["Cracked Core","Symbiotic Virus","Dodecahedron","Dead Branch","Nunchaku","Oddly Smooth Stone","Bottled Flame"],"potions_floor_usage":[6,10,13],"damage_taken":[{"damage":3,"enemies":"2 Louse","floor":1,"turns":2},{"damage":7,"enemies":"Jaw Worm","floor":4,"turns":3},{"damage":0,"enemies":"Cultist","floor":5,"turns":4},{"damage":8,"enemies":"Gremlin Nob","floor":6,"turns":3},{"damage":5,"enemies":"Lagavulin","floor":8,"turns":5},{"damage":15,"enemies":"3 Sentries","floor":10,"turns":6},{"damage":34,"enemies":"Lagavulin Event","floor":13,"turns":6},{"damage":0,"enemies":"2 Fungi Beasts","floor":14,"turns":2},{"damage":38,"enemies":"Slime Boss","floor":16,"turns":3}],"seed_played":"615782309543187569","potions_obtained":[{"floor":1,"key":"PowerPotion"},{"floor":8,"key":"Block Potion"},{"floor":10,"key":"FairyPotion"}],"is_trial":false,"path_per_floor":["M","?","$","M","M","E","R","E","T","E","R","$","?","M","R","B"],"character_chosen":"DEFECT","items_purchased":["Symbiotic Virus","Leap","Melter","FTL","Regen Potion"],"campfire_rested":0,"item_purchase_floors":[3,3,3,12,12],"current_hp_per_floor":[43,43,43,36,36,28,28,23,23,8,8,8,7,7,7,0],"gold":91,"neow_bonus":"TWO_FIFTY_GOLD","is_prod":false,"is_daily":false,"chose_seed":false,"campfire_upgraded":3,"win_rate":0,"timestamp":1551606548,"path_taken":["M","?","$","M","M","E","R","E","T","E","R","$","?","M","R","BOSS"],"build_version":"2019-01-23","purchased_purges":1,"victory":false,"max_hp_per_floor":[71,71,71,71,71,71,71,71,71,71,71,71,71,71,71,71],"card_choices":[{"not_picked":["Cold Snap","Rebound"],"picked":"Auto Shields","floor":1},{"not_picked":["Fusion","Force Field"],"picked":"Gash","floor":4},{"not_picked":["Heatsinks","Conserve Battery"],"picked":"Hello World","floor":5},{"not_picked":["Go for the Eyes","Leap"],"picked":"Conserve Battery","floor":6},{"not_picked":["Skim","Melter"],"picked":"Gash","floor":8},{"not_picked":["Cold Snap","FTL"],"picked":"Fission","floor":10},{"not_picked":["Leap","Compile Driver"],"picked":"FTL","floor":13},{"not_picked":["Melter","Barrage"],"picked":"Chill","floor":14}],"player_experience":655176,"relics_obtained":[{"floor":6,"key":"Dodecahedron"},{"floor":8,"key":"Dead Branch"},{"floor":9,"key":"Nunchaku"},{"floor":10,"key":"Oddly Smooth Stone"},{"floor":13,"key":"Bottled Flame"}],"event_choices":[{"damage_healed":0,"gold_gain":150,"player_choice":"AGREE","damage_taken":0,"max_hp_gain":0,"max_hp_loss":0,"event_name":"Liars Game","floor":2,"gold_loss":0,"cards_obtained":["Doubt"]},{"damage_healed":0,"gold_gain":30,"player_choice":"Searched \u00272\u0027 times","damage_taken":0,"max_hp_gain":0,"max_hp_loss":0,"event_name":"Dead Adventurer","floor":13,"gold_loss":0}],"is_beta":false,"boss_relics":[],"items_purged_floors":[3],"is_endless":false,"potions_floor_spawned":[1,8,10],"killed_by":"Slime Boss","ascension_level":20}