{"gold_per_floor":[115,131,231,250,38,38,72,72,98,124,124,143,43,56,56,157,157,167,167,184,195,211,211,211,211,234,1,101,30,30,59,59,159,159,169,169,26,26,26,26,41,41,41,53,53,66,84,97,97,97],"floor_reached":51,"playtime":5254,"items_purged":["Doubt","Defend_R"],"score":838,"play_id":"9cff7fe9-4992-41ef-810f-6f569574beb3","local_time":"20190304204852","is_ascension_mode":true,"campfire_choices":[{"data":"Armaments","floor":6,"key":"SMITH"},{"data":"Clothesline","floor":8,"key":"SMITH"},{"data":"Pommel Strike","floor":11,"key":"SMITH"},{"data":"Shrug It Off","floor":15,"key":"SMITH"},{"data":"Demon Form","floor":23,"key":"SMITH"},{"data":"Demon Form","floor":25,"key":"SMITH"},{"floor":30,"key":"REST"},{"data":"Metallicize","floor":32,"key":"SMITH"},{"floor":40,"key":"REST"},{"data":"Barricade","floor":42,"key":"SMITH"},{"floor":49,"key":"REST"}],"neow_cost":"CURSE","seed_source_timestamp":31239730146280,"circlet_count":0,"master_deck":["Strike_R","Strike_R","Strike_R","Strike_R","Strike_R","Defend_R","Defend_R","Defend_R","Bash","Shrug It Off+1","Pommel Strike+1","Armaments+1","Ghostly Armor","Clothesline+1","Shrug It Off","Shrug It Off","Shrug It Off","Demon Form+1","Metallicize+1","Demon Form+1","Metallicize+1","Barricade+1","Doubt","Battle Trance+1"],"relics":["Burning Blood","Dream Catcher","Vajra","Orichalcum","Velvet Choker","Regal Pillow","PreservedInsect","Turnip","Bottled Lightning","Peace Pipe","White Beast Statue","Strawberry","Bird Faced Urn"],"potions_floor_usage":[4,7,16,22,28,28,31,33,33,50,50,50,50,50,50],"damage_taken":[{"damage":14,"enemies":"Jaw Worm","floor":1,"turns":4},{"damage":7,"enemies":"Cultist","floor":2,"turns":5},{"damage":15,"enemies":"2 Louse","floor":4,"turns":3},{"damage":30,"enemies":"Lagavulin","floor":7,"turns":9},{"damage":29,"enemies":"3 Sentries","floor":10,"turns":13},{"damage":0,"enemies":"Blue Slaver","floor":12,"turns":4},{"damage":14,"enemies":"Exordium Wildlife","floor":14,"turns":6},{"damage":13,"enemies":"Slime Boss","floor":16,"turns":13},{"damage":19,"enemies":"Spheric Guardian","floor":18,"turns":6},{"damage":0,"enemies":"Shell Parasite","floor":20,"turns":7},{"damage":12,"enemies":"Snake Plant","floor":21,"turns":5},{"damage":5,"enemies":"3 Cultists","floor":22,"turns":7},{"damage":4,"enemies":"Colosseum Slavers","floor":28,"turns":6},{"damage":44,"enemies":"Colosseum Nobs","floor":28,"turns":5},{"damage":44,"enemies":"Gremlin Leader","floor":31,"turns":6},{"damage":42,"enemies":"Automaton","floor":33,"turns":11},{"damage":40,"enemies":"3 Darklings","floor":35,"turns":10},{"damage":19,"enemies":"3 Shapes","floor":41,"turns":7},{"damage":59,"enemies":"Jaw Worm Horde","floor":44,"turns":8},{"damage":25,"enemies":"Sphere and 2 Shapes","floor":46,"turns":8},{"damage":45,"enemies":"3 Darklings","floor":47,"turns":8},{"damage":3,"enemies":"Spire Growth","floor":48,"turns":9},{"damage":91,"enemies":"Awakened One","floor":50,"turns":66}],"seed_played":"1120167594605797038","potions_obtained":[{"floor":1,"key":"SteroidPotion"},{"floor":4,"key":"Fire Potion"},{"floor":14,"key":"Weak Potion"},{"floor":16,"key":"SkillPotion"},{"floor":20,"key":"SkillPotion"},{"floor":28,"key":"SkillPotion"},{"floor":31,"key":"SpeedPotion"},{"floor":35,"key":"EntropicBrew"},{"floor":41,"key":"Ancient Potion"},{"floor":44,"key":"Dexterity Potion"},{"floor":47,"key":"AttackPotion"},{"floor":48,"key":"Dexterity Potion"}],"is_trial":false,"path_per_floor":["M","M","?","M","$","R","E","R","T","E","R","M","$","M","R","B",null,"M","?","M","M","M","R","?","R","T","$","?","$","R","E","R","B",null,"M","?","$","$","?","R","M","R","T","M","?","M","M","M","R","B",null],"character_chosen":"IRONCLAD","items_purchased":["Armaments","Ghostly Armor","Clothesline","PreservedInsect","Regen Potion","BloodPotion","Strawberry"],"campfire_rested":3,"item_purchase_floors":[5,5,5,27,27,29,37],"current_hp_per_floor":[72,71,71,74,74,74,50,50,50,42,42,48,48,52,52,51,73,60,60,66,60,61,61,61,61,61,61,39,39,78,40,40,12,63,29,29,36,36,36,77,64,64,64,17,87,72,39,50,87,10],"gold":97,"neow_bonus":"THREE_RARE_CARDS","is_prod":false,"is_daily":false,"chose_seed":false,"campfire_upgraded":8,"win_rate":0,"timestamp":1551754132,"path_taken":["M","M","?","M","$","R","E","R","T","E","R","M","?","?","R","BOSS","M","?","?","M","M","R","?","R","T","$","?","?","R","E","R","BOSS","M","?","?","$","?","R","M","R","T","?","?","M","M","M","R","BOSS"],"build_version":"2019-01-23","purchased_purges":2,"victory":true,"max_hp_per_floor":[80,80,80,80,80,80,80,80,80,80,80,80,80,80,80,80,80,80,80,80,80,80,80,80,80,80,80,80,80,80,80,80,80,80,80,80,87,87,87,87,87,87,87,87,87,87,87,87,87,87],"card_choices":[{"not_picked":["Impervious","Brutality"],"picked":"Reaper","floor":0},{"not_picked":["Pommel Strike","Carnage"],"picked":"Shrug It Off","floor":1},{"not_picked":["Evolve","Twin Strike","Rupture"],"picked":"SKIP","floor":2},{"not_picked":["Headbutt","Flex"],"picked":"Pommel Strike","floor":4},{"not_picked":["True Grit","Rupture"],"picked":"Shrug It Off","floor":7},{"not_picked":["Havoc","Pommel Strike"],"picked":"Shrug It Off","floor":10},{"not_picked":["Thunderclap","Clash"],"picked":"Shrug It Off","floor":12},{"not_picked":["Cleave","Feel No Pain","Wild Strike"],"picked":"SKIP","floor":14},{"not_picked":["Reaper","Berserk"],"picked":"Demon Form","floor":16},{"not_picked":["Body Slam+1","Spot Weakness+1"],"picked":"Metallicize","floor":18},{"not_picked":["Power Through","Heavy Blade","Armaments"],"picked":"SKIP","floor":20},{"not_picked":["Havoc","Thunderclap"],"picked":"Metallicize+1","floor":21},{"not_picked":["Shrug It Off","Carnage","Sword Boomerang"],"picked":"SKIP","floor":22},{"not_picked":["Blood for Blood","Corruption","Brutality"],"picked":"SKIP","floor":31},{"not_picked":["Exhume","Bludgeon"],"picked":"Barricade","floor":33},{"not_picked":["True Grit","Ghostly Armor","Pommel Strike+1"],"picked":"SKIP","floor":35},{"not_picked":["Hemokinesis","Sword Boomerang+1","Clothesline+1"],"picked":"SKIP","floor":41},{"not_picked":["Pommel Strike","Rage","Warcry+1"],"picked":"SKIP","floor":44},{"not_picked":["Combust","Seeing Red+1","Havoc+1"],"picked":"SKIP","floor":46},{"not_picked":["Flame Barrier","Exhume","Wild Strike"],"picked":"SKIP","floor":47},{"not_picked":["Cleave+1","Blood for Blood"],"picked":"Battle Trance+1","floor":48}],"player_experience":140157,"relics_obtained":[{"floor":7,"key":"Dream Catcher"},{"floor":9,"key":"Vajra"},{"floor":10,"key":"Orichalcum"},{"floor":26,"key":"Regal Pillow"},{"floor":28,"key":"Turnip"},{"floor":28,"key":"Bottled Lightning"},{"floor":31,"key":"Peace Pipe"},{"floor":43,"key":"Bird Faced Urn"}],"event_choices":[{"damage_healed":0,"gold_gain":100,"player_choice":"Pray","damage_taken":0,"max_hp_gain":0,"max_hp_loss":0,"event_name":"Golden Shrine","floor":3,"gold_loss":0},{"damage_healed":0,"gold_gain":0,"cards_transformed":["Reaper"],"player_choice":"Transformed","damage_taken":0,"max_hp_gain":0,"max_hp_loss":0,"event_name":"Transmorgrifier","floor":19,"gold_loss":0,"cards_obtained":["Demon Form"]},{"damage_healed":0,"gold_gain":0,"player_choice":"Ignored","damage_taken":0,"max_hp_gain":0,"max_hp_loss":0,"event_name":"Ghosts","floor":24,"gold_loss":0},{"damage_healed":0,"gold_gain":0,"player_choice":"Fight","damage_taken":0,"max_hp_gain":0,"max_hp_loss":0,"event_name":"Colosseum","floor":28,"gold_loss":0},{"damage_healed":0,"gold_gain":0,"player_choice":"Fought Nobs","damage_taken":0,"max_hp_gain":0,"max_hp_loss":0,"event_name":"Colosseum","floor":28,"gold_loss":0},{"damage_healed":0,"gold_gain":0,"player_choice":"0 cards matched","damage_taken":0,"max_hp_gain":0,"max_hp_loss":0,"event_name":"Match and Keep!","floor":36,"gold_loss":0,"cards_obtained":[]},{"damage_healed":0,"gold_gain":0,"player_choice":"Leave","damage_taken":0,"max_hp_gain":0,"max_hp_loss":0,"event_name":"FaceTrader","floor":39,"gold_loss":0},{"damage_healed":70,"gold_gain":0,"player_choice":"Heal","damage_taken":0,"max_hp_gain":0,"max_hp_loss":0,"event_name":"MindBloom","floor":45,"gold_loss":0,"cards_obtained":["Doubt"]}],"is_beta":false,"boss_relics":[{"not_picked":["Philosopher\u0027s Stone","Sozu"],"picked":"Velvet Choker"},{"not_picked":["Coffee Dripper","Orrery"],"picked":"White Beast Statue"}],"items_purged_floors":[5,13],"is_endless":false,"potions_floor_spawned":[1,4,14,16,20,28,31,35,41,44,46,47,48],"ascension_level":5}