{"gold_per_floor":[118,118,137,137,155,194,213,252,252,267,18,18,52,52,52,150,150,175,198,129,129,152,152,183,183,183,208,224,224,237,268,268,361,361,382,401,401,25,25,66,66,101,127,127,152,186,206,225,225,225],"floor_reached":51,"playtime":3478,"items_purged":["Injury"],"score":1751,"play_id":"fc87478b-5f9e-418f-a403-68688263822e","local_time":"20180701011236","is_ascension_mode":true,"campfire_choices":[{"floor":12,"key":"REST"},{"data":"Cloak And Dagger","floor":15,"key":"SMITH"},{"data":"After Image","floor":23,"key":"SMITH"},{"data":"Malaise","floor":25,"key":"SMITH"},{"data":"Infinite Blades","floor":32,"key":"SMITH"},{"data":"Blade Dance","floor":41,"key":"SMITH"},{"data":"Malaise","floor":49,"key":"SMITH"}],"neow_cost":"TEN_PERCENT_HP_LOSS","seed_source_timestamp":1133698317836456,"circlet_count":0,"master_deck":["Survivor+1","Neutralize+1","AscendersBane","Endless Agony+1","Quick Slash+1","Injury","PiercingWail+1","Malaise+1","Noxious Fumes+1","Backstab+1","Catalyst+1","Cloak And Dagger+1","Footwork+1","Storm of Steel+1","PiercingWail+1","Well Laid Plans+1","After Image+1","Blade Dance+1","Finisher+1","Infinite Blades+1","Bullet Time+1","Prepared+1","Dagger Throw+1","All Out Attack+1","Cloak And Dagger+1","Prepared+1","Acrobatics+1","Underhanded Strike+1","Slice+1","Leg Sweep+1","Underhanded Strike+1","Acrobatics+1","Blade Dance+1","Backstab+1","Dodge and Roll","Malaise+1"],"special_seed":17712,"relics":["Ring of the Snake","Dead Branch","Golden Idol","Kunai","Letter Opener","Ninja Scroll","Boot","Mummified Hand","Coffee Dripper","Darkstone Periapt","Bag of Preparation","Omamori","Pandora\u0027s Box","Mark of the Bloom","Strawberry","Ancient Tea Set","Singing Bowl","Tingsha","Bronze Scales","Lantern"],"potions_floor_usage":[6,7,31,31,50],"damage_taken":[{"damage":0,"enemies":"Small Slimes","floor":1,"turns":3},{"damage":8,"enemies":"Jaw Worm","floor":3,"turns":4},{"damage":0,"enemies":"Cultist","floor":5,"turns":4},{"damage":10,"enemies":"3 Sentries","floor":6,"turns":6},{"damage":11,"enemies":"3 Louse","floor":7,"turns":5},{"damage":12,"enemies":"Lagavulin","floor":8,"turns":6},{"damage":0,"enemies":"Gremlin Gang","floor":10,"turns":1},{"damage":2,"enemies":"Gremlin Nob","floor":13,"turns":4},{"damage":0,"enemies":"Slime Boss","floor":16,"turns":6},{"damage":1,"enemies":"2 Thieves","floor":18,"turns":2},{"damage":0,"enemies":"3 Byrds","floor":19,"turns":1},{"damage":1,"enemies":"3 Cultists","floor":22,"turns":3},{"damage":0,"enemies":"Gremlin Leader","floor":24,"turns":5},{"damage":0,"enemies":"Snecko","floor":27,"turns":4},{"damage":0,"enemies":"Centurion and Healer","floor":28,"turns":3},{"damage":0,"enemies":"Sentry and Sphere","floor":30,"turns":3},{"damage":1,"enemies":"Slavers","floor":31,"turns":3},{"damage":0,"enemies":"Champ","floor":33,"turns":5},{"damage":0,"enemies":"3 Darklings","floor":35,"turns":3},{"damage":0,"enemies":"Orb Walker","floor":36,"turns":1},{"damage":0,"enemies":"Giant Head","floor":40,"turns":3},{"damage":0,"enemies":"2 Orb Walkers","floor":42,"turns":2},{"damage":0,"enemies":"Maw","floor":45,"turns":4},{"damage":6,"enemies":"Nemesis","floor":46,"turns":3},{"damage":0,"enemies":"Sphere and 2 Shapes","floor":47,"turns":1},{"damage":0,"enemies":"3 Darklings","floor":48,"turns":2},{"damage":9,"enemies":"Donu and Deca","floor":50,"turns":5}],"seed_played":"2744409917562014260","potions_obtained":[{"floor":1,"key":"Strength Potion"},{"floor":5,"key":"Regen Potion"},{"floor":8,"key":"Ancient Potion"},{"floor":18,"key":"PowerPotion"},{"floor":35,"key":"Fire Potion"},{"floor":42,"key":"GamblersBrew"},{"floor":46,"key":"Strength Potion"}],"is_trial":false,"path_per_floor":["M","?","M","?","M","E","M","E","T","M","$","R","E","?","R","B",null,"M","M","$","?","M","R","E","R","T","M","M","?","M","E","R","B",null,"M","M","?","$","?","E","R","E","T","?","M","E","M","M","R","B"],"character_chosen":"THE_SILENT","items_purchased":["Cloak And Dagger","Boot","After Image","Strawberry","Ancient Tea Set","Blade Dance"],"campfire_rested":1,"item_purchase_floors":[11,11,20,38,38,38],"current_hp_per_floor":[59,59,51,51,51,41,44,32,32,32,32,50,48,30,30,30,53,52,52,52,52,51,51,51,51,51,51,51,51,51,50,50,50,58,58,58,58,58,58,58,58,58,58,58,58,52,52,52,52,43],"gold":225,"neow_bonus":"ONE_RARE_RELIC","is_prod":false,"is_daily":false,"chose_seed":false,"campfire_upgraded":6,"win_rate":0,"timestamp":1530400356,"path_taken":["M","?","M","?","M","E","M","E","T","?","$","R","E","?","R","BOSS","M","M","$","?","?","R","E","R","T","M","M","?","M","E","R","BOSS","M","M","?","$","?","E","R","E","T","?","M","E","M","M","R","BOSS"],"build_version":"2018-06-28","purchased_purges":1,"victory":true,"max_hp_per_floor":[60,60,60,60,60,60,60,60,60,60,60,60,60,60,60,60,60,60,60,60,60,60,60,60,60,60,60,60,60,60,60,60,60,60,60,60,60,67,67,69,69,71,71,71,73,73,73,75,75,75],"card_choices":[{"not_picked":["Concentrate","Quick Slash"],"picked":"Endless Agony","floor":1},{"not_picked":["Outmaneuver","Prepared"],"picked":"Quick Slash","floor":3},{"not_picked":["Crippling Poison","Catalyst"],"picked":"PiercingWail","floor":5},{"not_picked":["Underhanded Strike","Bane"],"picked":"Malaise","floor":6},{"not_picked":["Terror","Flechettes"],"picked":"Noxious Fumes","floor":7},{"not_picked":["Distraction","Choke"],"picked":"Backstab","floor":8},{"not_picked":["All Out Attack","Accuracy"],"picked":"Catalyst","floor":10},{"not_picked":["Underhanded Strike","Cloak And Dagger"],"picked":"Footwork","floor":13},{"not_picked":["Tools of the Trade","Corpse Explosion"],"picked":"Storm of Steel","floor":16},{"not_picked":["Concentrate","Dagger Spray"],"picked":"PiercingWail","floor":18},{"not_picked":["Backflip","Noxious Fumes"],"picked":"Well Laid Plans+1","floor":19},{"not_picked":["Slice","Outmaneuver","Dagger Spray"],"picked":"SKIP","floor":22},{"not_picked":["Sucker Punch","Venomology"],"picked":"Blade Dance","floor":24},{"not_picked":["Slice","Dagger Spray+1","Choke"],"picked":"SKIP","floor":27},{"not_picked":["Terror","Dodge and Roll"],"picked":"Finisher","floor":28},{"not_picked":["Calculated Gamble","Well Laid Plans+1"],"picked":"Infinite Blades","floor":30},{"not_picked":["Backflip","Heel Hook+1","Prepared"],"picked":"SKIP","floor":31},{"not_picked":["Envenom","Doppelganger"],"picked":"Bullet Time","floor":33},{"not_picked":["Underhanded Strike+1","Quick Slash","Dash"],"picked":"SKIP","floor":35},{"not_picked":["Prepared","Catalyst+1"],"picked":"Acrobatics+1","floor":36},{"not_picked":["Acrobatics","Bane","After Image"],"picked":"Singing Bowl","floor":40},{"not_picked":["Dagger Spray","Underhanded Strike+1","Cloak And Dagger"],"picked":"Singing Bowl","floor":42},{"not_picked":["Deadly Poison","Dagger Throw","Acrobatics"],"picked":"Singing Bowl","floor":45},{"not_picked":["Crippling Poison","Underhanded Strike"],"picked":"Dodge and Roll","floor":46},{"not_picked":["Poisoned Stab+1","Backflip"],"picked":"Malaise","floor":47},{"not_picked":["Terror","Masterful Stab","Bullet Time"],"picked":"Singing Bowl","floor":48}],"player_experience":712394,"relics_obtained":[{"floor":6,"key":"Kunai"},{"floor":8,"key":"Letter Opener"},{"floor":9,"key":"Ninja Scroll"},{"floor":13,"key":"Mummified Hand"},{"floor":24,"key":"Darkstone Periapt"},{"floor":26,"key":"Bag of Preparation"},{"floor":31,"key":"Omamori"},{"floor":40,"key":"Singing Bowl"},{"floor":42,"key":"Tingsha"},{"floor":43,"key":"Bronze Scales"},{"floor":46,"key":"Lantern"}],"event_choices":[{"event_name":"Golden Idol","player_choice":"Take Wound","floor":2,"damage_taken":0},{"event_name":"Accursed Blacksmith","player_choice":"Forge","floor":4,"damage_taken":0},{"event_name":"Shining Light","player_choice":"Entered Light","floor":14,"damage_taken":0},{"event_name":"Cursed Tome","player_choice":"Ignored","floor":21,"damage_taken":0},{"event_name":"Vampires","player_choice":"Ignored","floor":29,"damage_taken":0},{"event_name":"MindBloom","player_choice":"Upgrade","floor":37,"damage_taken":0},{"event_name":"Duplicator","player_choice":"One dupe","floor":39,"damage_taken":0},{"event_name":"The Moai Head","player_choice":"Ignored","floor":44,"damage_taken":0}],"boss_relics":[{"not_picked":["Calling Bell","Velvet Choker"],"picked":"Coffee Dripper"},{"not_picked":["Runic Dome","Astrolabe"],"picked":"Pandora\u0027s Box"}],"items_purged_floors":[11],"is_endless":false,"potions_floor_spawned":[1,5,8,10,18,19,24,27,35,40,42,46],"ascension_level":15}