{"gold_per_floor":[113,126,137,137,103,103,133,133,204,217,217,245,262,296,296,397,397,413,440,39,39,39,39,66,66,66,66,86,106,126,157,157,256,256,276,288,308,308,57,82,82,116,163,163,178,198,228,228,228,228],"floor_reached":51,"playtime":1940,"items_purged":["Defend_R","Pain"],"score":933,"play_id":"2d823985-d80e-4309-85a2-826a5a3a53aa","local_time":"20190303143156","is_ascension_mode":true,"campfire_choices":[{"data":"Whirlwind","floor":6,"key":"SMITH"},{"data":"Flex","floor":8,"key":"SMITH"},{"data":"Flex","floor":15,"key":"SMITH"},{"data":"Feed","floor":23,"key":"SMITH"},{"data":"Anger","floor":25,"key":"SMITH"},{"floor":32,"key":"REST"},{"floor":41,"key":"REST"},{"floor":49,"key":"REST"}],"neow_cost":"NONE","seed_source_timestamp":19756053258142,"circlet_count":0,"master_deck":["Strike_R","Strike_R","Strike_R","Strike_R","Strike_R","Defend_R","Defend_R","Bash+1","Anger+1","Twin Strike","Cleave","Whirlwind+1","Flex+1","Flex+1","Flex+1","Feed+1","Flex+1","Metamorphosis+1","Burning Pact+1","Bloodletting+1","Seeing Red+1","Warcry+1","Fiend Fire","Heavy Blade+1","Pommel Strike+1","Sentinel+1","Fiend Fire","Offering+1","Warcry+1","Inflame+1","Seeing Red+1"],"relics":["Burning Blood","NeowsBlessing","Pen Nib","Letter Opener","WarpedTongs","Toxic Egg 2","Regal Pillow","Mark of Pain","Centennial Puzzle","PreservedInsect","Nilry\u0027s Codex","Omamori","Ornamental Fan","Bottled Lightning","Thread and Needle","Black Star","Happy Flower","Potion Belt","Blood Vial","Question Card","Ancient Tea Set","Art of War","Ice Cream"],"potions_floor_usage":[7,30,37],"damage_taken":[{"damage":0,"enemies":"2 Louse","floor":1,"turns":1},{"damage":0,"enemies":"Cultist","floor":2,"turns":1},{"damage":0,"enemies":"Small Slimes","floor":3,"turns":1},{"damage":4,"enemies":"3 Sentries","floor":7,"turns":3},{"damage":16,"enemies":"Red Slaver","floor":10,"turns":4},{"damage":9,"enemies":"Gremlin Nob","floor":12,"turns":3},{"damage":0,"enemies":"Blue Slaver","floor":13,"turns":1},{"damage":20,"enemies":"Lagavulin","floor":14,"turns":3},{"damage":10,"enemies":"Slime Boss","floor":16,"turns":6},{"damage":24,"enemies":"Spheric Guardian","floor":18,"turns":4},{"damage":5,"enemies":"Gremlin Leader","floor":24,"turns":2},{"damage":0,"enemies":"3 Byrds","floor":28,"turns":2},{"damage":8,"enemies":"Snake Plant","floor":29,"turns":3},{"damage":10,"enemies":"Snecko","floor":30,"turns":3},{"damage":0,"enemies":"Slavers","floor":31,"turns":1},{"damage":77,"enemies":"Automaton","floor":33,"turns":9},{"damage":9,"enemies":"Orb Walker","floor":35,"turns":2},{"damage":28,"enemies":"3 Darklings","floor":36,"turns":4},{"damage":24,"enemies":"Jaw Worm Horde","floor":37,"turns":2},{"damage":31,"enemies":"Reptomancer","floor":40,"turns":5},{"damage":11,"enemies":"Giant Head","floor":42,"turns":4},{"damage":20,"enemies":"Spire Growth","floor":45,"turns":3},{"damage":6,"enemies":"Transient","floor":46,"turns":5},{"damage":22,"enemies":"Nemesis","floor":47,"turns":3},{"damage":21,"enemies":"Donu and Deca","floor":50,"turns":3}],"seed_played":"-7079206745124662732","potions_obtained":[{"floor":1,"key":"Explosive Potion"},{"floor":7,"key":"SpeedPotion"},{"floor":14,"key":"SpeedPotion"},{"floor":16,"key":"Poison Potion"},{"floor":28,"key":"Swift Potion"},{"floor":29,"key":"BloodPotion"},{"floor":30,"key":"FearPotion"},{"floor":33,"key":"FairyPotion"},{"floor":37,"key":"Regen Potion"},{"floor":46,"key":"Regen Potion"},{"floor":47,"key":"Poison Potion"}],"is_trial":false,"path_per_floor":["M","M","M","?","$","R","E","R","T","M","?","E","M","E","R","B",null,"M","T","$","?","?","R","E","R","T","$","M","M","M","E","R","B",null,"M","M","M","?","$","E","R","E","T","?","M","M","E","?","R","B",null],"character_chosen":"IRONCLAD","items_purchased":["Whirlwind","PreservedInsect","Metamorphosis+1","Offering+1"],"campfire_rested":3,"item_purchase_floors":[5,20,20,39],"current_hp_per_floor":[80,80,80,80,80,80,80,80,80,70,70,67,73,59,59,55,80,62,62,62,46,46,46,47,47,47,47,53,51,51,57,84,13,84,85,63,53,53,53,32,74,69,69,69,61,63,49,49,92,79],"gold":228,"neow_bonus":"THREE_ENEMY_KILL","is_prod":false,"is_daily":false,"chose_seed":false,"campfire_upgraded":5,"win_rate":0,"timestamp":1551619916,"path_taken":["M","M","M","?","$","R","E","R","T","?","?","E","M","E","R","BOSS","M","?","$","?","?","R","E","R","T","$","M","M","?","E","R","BOSS","M","M","M","?","?","E","R","E","T","?","M","M","E","?","R","BOSS"],"build_version":"2019-01-23","purchased_purges":2,"victory":true,"max_hp_per_floor":[80,80,80,80,80,80,80,80,80,80,80,80,80,80,80,80,80,80,80,80,80,80,80,80,80,80,80,80,80,84,84,84,84,84,88,88,88,88,88,92,92,92,92,92,96,96,96,96,96,96],"card_choices":[{"not_picked":["Second Wind","Heavy Blade"],"picked":"Anger","floor":1},{"not_picked":["Reckless Charge","Wild Strike"],"picked":"Twin Strike","floor":2},{"not_picked":["Heavy Blade","Blood for Blood"],"picked":"Cleave","floor":3},{"not_picked":["Dark Embrace","Carnage"],"picked":"Flex","floor":7},{"not_picked":["Flame Barrier","Seeing Red"],"picked":"Flex","floor":10},{"not_picked":["Entrench","Carnage","Feel No Pain"],"picked":"SKIP","floor":12},{"not_picked":["Twin Strike","Headbutt","Clothesline"],"picked":"SKIP","floor":13},{"not_picked":["Reaper","Twin Strike"],"picked":"Flex+1","floor":14},{"not_picked":["Brutality","Fiend Fire"],"picked":"Feed","floor":16},{"not_picked":["Body Slam","Anger+1"],"picked":"Flex+1","floor":18},{"not_picked":["Thunderclap","Clash+1"],"picked":"Burning Pact+1","floor":24},{"not_picked":["Feel No Pain","Disarm+1","Headbutt"],"picked":"SKIP","floor":28},{"not_picked":["Feel No Pain","Disarm+1","Headbutt"],"picked":"SKIP","floor":28},{"not_picked":["Feel No Pain","Perfected Strike"],"picked":"Bloodletting+1","floor":29},{"not_picked":["Burning Pact+1","Heavy Blade"],"picked":"Seeing Red+1","floor":30},{"not_picked":["Twin Strike","Armaments+1"],"picked":"Warcry+1","floor":31},{"not_picked":["Immolate","Brutality"],"picked":"Fiend Fire","floor":33},{"not_picked":["Shrug It Off+1","Warcry+1"],"picked":"Heavy Blade+1","floor":35},{"not_picked":["Shockwave+1","Warcry+1"],"picked":"Pommel Strike+1","floor":36},{"not_picked":["Perfected Strike+1","Havoc+1"],"picked":"Sentinel+1","floor":37},{"not_picked":["Demon Form","Clash","Reckless Charge+1"],"picked":"SKIP","floor":40},{"not_picked":["Clothesline","Rupture+1"],"picked":"Warcry+1","floor":42},{"not_picked":["Body Slam+1","Searing Blow","Sword Boomerang","Iron Wave+1"],"picked":"SKIP","floor":45},{"not_picked":["Warcry+1","Reckless Charge+1","Searing Blow"],"picked":"Inflame","floor":46},{"not_picked":["Havoc+1","Clash","Second Wind+1"],"picked":"Seeing Red+1","floor":47}],"player_experience":1052711,"relics_obtained":[{"floor":7,"key":"Pen Nib"},{"floor":9,"key":"Letter Opener"},{"floor":12,"key":"Toxic Egg 2"},{"floor":14,"key":"Regal Pillow"},{"floor":19,"key":"Centennial Puzzle"},{"floor":21,"key":"Nilry\u0027s Codex"},{"floor":22,"key":"Omamori"},{"floor":24,"key":"Ornamental Fan"},{"floor":26,"key":"Bottled Lightning"},{"floor":31,"key":"Thread and Needle"},{"floor":40,"key":"Happy Flower"},{"floor":40,"key":"Potion Belt"},{"floor":42,"key":"Blood Vial"},{"floor":42,"key":"Question Card"},{"floor":43,"key":"Ancient Tea Set"},{"floor":47,"key":"Art of War"},{"floor":47,"key":"Ice Cream"}],"event_choices":[{"damage_healed":0,"gold_gain":0,"player_choice":"Upgraded","damage_taken":0,"max_hp_gain":0,"max_hp_loss":0,"event_name":"Upgrade Shrine","floor":4,"gold_loss":0,"cards_upgraded":["Bash"]},{"damage_healed":0,"gold_gain":0,"player_choice":"Rummage","damage_taken":0,"relics_obtained":["WarpedTongs"],"max_hp_gain":0,"max_hp_loss":0,"event_name":"Accursed Blacksmith","floor":11,"gold_loss":0,"cards_obtained":["Pain"]},{"damage_healed":0,"gold_gain":0,"player_choice":"Obtained Book","damage_taken":16,"max_hp_gain":0,"max_hp_loss":0,"event_name":"Cursed Tome","floor":21,"gold_loss":0},{"damage_healed":0,"gold_gain":0,"player_choice":"Relic","damage_taken":0,"max_hp_gain":0,"max_hp_loss":0,"event_name":"Wheel of Change","floor":22,"gold_loss":0},{"damage_healed":0,"gold_gain":0,"player_choice":"Copied","damage_taken":0,"max_hp_gain":0,"max_hp_loss":0,"event_name":"Duplicator","floor":38,"gold_loss":0,"cards_obtained":["Fiend Fire"]},{"cards_removed":["Defend_R"],"damage_healed":0,"gold_gain":0,"player_choice":"Removed Skill","damage_taken":0,"max_hp_gain":0,"max_hp_loss":0,"event_name":"Falling","floor":44,"gold_loss":0},{"damage_healed":0,"gold_gain":0,"player_choice":"Upgraded","damage_taken":0,"max_hp_gain":0,"max_hp_loss":0,"event_name":"Upgrade Shrine","floor":48,"gold_loss":0,"cards_upgraded":["Inflame"]}],"is_beta":false,"boss_relics":[{"not_picked":["Eternal Feather","Calling Bell"],"picked":"Mark of Pain"},{"not_picked":["Lizard Tail","Velvet Choker"],"picked":"Black Star"}],"items_purged_floors":[20,39],"is_endless":false,"potions_floor_spawned":[1,7,14,16,28,29,30,33,37,46,47],"ascension_level":1}