{"gold_per_floor":[12,24,24,99,110,110,142,142,142,26,26],"floor_reached":11,"playtime":308,"items_purged":["Strike_R"],"score":99,"play_id":"d8db2274-272d-4f54-a69a-a7e56f48cac9","local_time":"20190220163255","is_ascension_mode":true,"campfire_choices":[{"data":"Body Slam","floor":6,"key":"SMITH"},{"data":"Body Slam","floor":8,"key":"SMITH"}],"neow_cost":"NO_GOLD","seed_source_timestamp":408975418158877,"circlet_count":0,"master_deck":["Strike_R","Strike_R","Strike_R","Defend_R","Defend_R","Defend_R","Bash+1","Pommel Strike","Twin Strike+1","Body Slam+1","Body Slam+1","Corruption"],"relics":["Burning Blood","Gambling Chip","Dead Branch"],"potions_floor_usage":[5,5,7,11],"damage_taken":[{"damage":13,"enemies":"Jaw Worm","floor":1,"turns":4},{"damage":3,"enemies":"2 Louse","floor":2,"turns":3},{"damage":12,"enemies":"Small Slimes","floor":5,"turns":2},{"damage":30,"enemies":"Lagavulin","floor":7,"turns":5},{"damage":25,"enemies":"3 Sentries","floor":11,"turns":4}],"seed_played":"-5784974553883969541","potions_obtained":[{"floor":1,"key":"EntropicBrew"},{"floor":2,"key":"FearPotion"}],"is_trial":false,"path_per_floor":["M","M","?","?","M","R","E","R","T","$","E"],"character_chosen":"IRONCLAD","items_purchased":["Corruption"],"campfire_rested":0,"item_purchase_floors":[10],"current_hp_per_floor":[65,68,52,41,35,35,25,25,25,25,0],"gold":26,"neow_bonus":"REMOVE_TWO","is_prod":false,"is_daily":false,"chose_seed":false,"campfire_upgraded":2,"win_rate":0,"timestamp":1550669575,"path_taken":["M","M","?","?","M","R","E","R","T","$","E"],"build_version":"2019-01-23","purchased_purges":1,"victory":false,"max_hp_per_floor":[80,80,80,80,80,80,80,80,80,80,80],"card_choices":[{"not_picked":["Battle Trance","Wild Strike"],"picked":"Pommel Strike","floor":1},{"not_picked":["Flex","Warcry"],"picked":"Twin Strike","floor":2},{"not_picked":["Headbutt","Pommel Strike"],"picked":"Body Slam","floor":5},{"not_picked":["Limit Break","Entrench"],"picked":"Body Slam","floor":7}],"player_experience":329832,"relics_obtained":[{"floor":7,"key":"Gambling Chip"},{"floor":9,"key":"Dead Branch"}],"event_choices":[{"damage_healed":0,"gold_gain":0,"player_choice":"Entered Light","damage_taken":16,"max_hp_gain":0,"max_hp_loss":0,"event_name":"Shining Light","floor":3,"gold_loss":0,"cards_upgraded":["Twin Strike","Bash"]},{"damage_healed":0,"gold_gain":75,"player_choice":"Gather Gold","damage_taken":11,"max_hp_gain":0,"max_hp_loss":0,"event_name":"World of Goop","floor":4,"gold_loss":0}],"is_beta":false,"boss_relics":[],"items_purged_floors":[10],"is_endless":false,"potions_floor_spawned":[1,2],"killed_by":"3 Sentries","ascension_level":8}