{"path_per_floor":["M","M","M","$","M","R","E","R","T","E","?","E","?","M","R","B",null,"M","$","?","?","?","R","?","R","T","M","M","E","R","M","R","B",null,"M","M","$","M","M","R","M","E","T","?","M","E","R","?","R","B"],"character_chosen":"DEFECT","items_purchased":["Defragment","FTL","Bandage Up","Vajra"],"gold_per_floor":[110,121,136,67,87,87,115,115,115,142,104,130,130,146,146,247,247,261,14,14,14,14,14,114,114,114,128,146,179,179,191,191,290,290,304,316,68,80,92,92,110,145,170,0,15,45,45,45,45,45],"floor_reached":51,"campfire_rested":2,"playtime":2355,"item_purchase_floors":[4,19,19,37],"current_hp_per_floor":[66,66,66,66,48,48,44,44,44,32,32,20,20,20,42,37,66,57,57,57,57,57,57,57,57,57,61,65,60,60,64,64,48,68,68,62,62,49,50,50,54,18,18,18,22,26,26,26,48,46],"items_purged":["Strike_B","Strike_B"],"gold":45,"score":1044,"play_id":"cdd8c237-5015-4187-993c-8b4321f6d76f","local_time":"20180612214917","is_prod":false,"is_daily":false,"chose_seed":false,"is_ascension_mode":true,"campfire_upgraded":8,"win_rate":0,"timestamp":1528807757,"campfire_choices":[{"data":"Defragment","floor":6,"key":"SMITH"},{"data":"Gash","floor":8,"key":"SMITH"},{"floor":15,"key":"REST"},{"data":"Defragment","floor":23,"key":"SMITH"},{"data":"RitualDagger","floor":25,"key":"SMITH"},{"data":"Gash","floor":30,"key":"SMITH"},{"data":"Hologram","floor":32,"key":"SMITH"},{"data":"Zap","floor":40,"key":"SMITH"},{"data":"Go for the Eyes","floor":47,"key":"SMITH"},{"floor":49,"key":"REST"}],"path_taken":["M","M","M","$","M","R","E","R","T","E","?","E","?","M","R","BOSS","M","$","?","?","?","R","?","R","T","?","M","E","R","M","R","BOSS","M","M","$","M","M","R","M","E","T","?","M","E","R","?","R","BOSS"],"build_version":"2018-06-07v3","seed_source_timestamp":1209884806802307,"purchased_purges":2,"victory":true,"master_deck":["Defend_B","Defend_B","Defend_B","Defend_B","Zap+1","Dualcast","Auto Shields","Gash+1","Beam Cell","Genetic Algorithm","Glacier","All For One","Hologram+1","Beam Cell","Turbo","All For One","Skim+1","FTL","Bandage Up","Defragment+1","RitualDagger+1","Gash+1","Reprogram","Go for the Eyes+1","Glacier","Gash+1","Gash+1","Echo Form","Finesse"],"max_hp_per_floor":[75,75,75,75,75,75,75,75,75,75,75,75,75,75,75,75,75,75,75,75,75,75,75,75,75,75,75,75,75,75,75,75,75,75,75,75,75,75,75,75,75,75,75,75,75,75,75,75,75,75],"relics":["Cracked Core","Question Card","Ice Cream","Sundial","DataDisk","Sozu","Emotion Chip","Pen Nib","Lizard Tail","Vajra","Bottled Lightning","Lantern","Red Mask","Oddly Smooth Stone"],"card_choices":[{"not_picked":["Loop","Beam Cell"],"picked":"Gash","floor":1},{"not_picked":["Sweeping Beam","Turbo"],"picked":"Beam Cell","floor":2},{"not_picked":["Static Discharge","Beam Cell"],"picked":"Genetic Algorithm","floor":3},{"not_picked":["Force Field","Streamline"],"picked":"Glacier","floor":5},{"not_picked":["Hologram","Turbo"],"picked":"All For One","floor":7},{"not_picked":["Cold Snap","Coolheaded","Ball Lightning"],"picked":"Hologram","floor":10},{"not_picked":["Cold Snap","Steam Power","Creative AI"],"picked":"Beam Cell","floor":12},{"not_picked":["Doom and Gloom","Streamline","Heatsinks"],"picked":"Turbo","floor":14},{"not_picked":["Rainbow","Multi-Cast","Hyperbeam"],"picked":"All For One","floor":16},{"not_picked":["Sweeping Beam","Stack","Reinforced Body"],"picked":"Skim+1","floor":18},{"not_picked":["Ball Lightning","Leap","Stack+1"],"picked":"Gash","floor":27},{"not_picked":["Chill","Rebound","Barrage"],"picked":"Reprogram","floor":28},{"not_picked":["Compile Driver","All For One","Reprogram"],"picked":"Go for the Eyes","floor":29},{"not_picked":["Redo","Hologram","Rip and Tear","Leap"],"picked":"SKIP","floor":31},{"not_picked":["Beam Cell+1","Stack","Conserve Battery+1","Rebound+1"],"picked":"SKIP","floor":35},{"not_picked":["Beam Cell+1","Coolheaded+1","Go for the Eyes","Genetic Algorithm"],"picked":"SKIP","floor":36},{"not_picked":["Leap","Ball Lightning+1","Beam Cell+1","Doom and Gloom"],"picked":"SKIP","floor":38},{"not_picked":["Machine Learning","Double Energy","Loop+1"],"picked":"Glacier","floor":39},{"not_picked":["Leap+1","Reprogram+1","Force Field+1"],"picked":"Gash+1","floor":41},{"not_picked":["Turbo+1","Coolheaded","Fusion"],"picked":"Gash+1","floor":42},{"not_picked":["Coolheaded","Rebound+1","Recycle+1"],"picked":"Echo Form","floor":45},{"not_picked":["Steam Power+1","Machine Learning","Hologram","Scrape"],"picked":"SKIP","floor":46}],"player_experience":509529,"potions_floor_usage":[12,29,33,50],"damage_taken":[{"damage":2,"enemies":"Small Slimes","floor":1,"turns":3},{"damage":0,"enemies":"2 Louse","floor":2,"turns":2},{"damage":0,"enemies":"Jaw Worm","floor":3,"turns":3},{"damage":18,"enemies":"3 Louse","floor":5,"turns":4},{"damage":4,"enemies":"Lagavulin","floor":7,"turns":9},{"damage":12,"enemies":"3 Sentries","floor":10,"turns":7},{"damage":12,"enemies":"Gremlin Nob","floor":12,"turns":3},{"damage":0,"enemies":"Red Slaver","floor":14,"turns":5},{"damage":5,"enemies":"The Guardian","floor":16,"turns":11},{"damage":9,"enemies":"2 Thieves","floor":18,"turns":4},{"damage":0,"enemies":"3 Byrds","floor":27,"turns":4},{"damage":0,"enemies":"Snecko","floor":28,"turns":4},{"damage":9,"enemies":"Slavers","floor":29,"turns":5},{"damage":0,"enemies":"3 Cultists","floor":31,"turns":5},{"damage":20,"enemies":"Collector","floor":33,"turns":7},{"damage":0,"enemies":"3 Shapes","floor":35,"turns":4},{"damage":6,"enemies":"Orb Walker","floor":36,"turns":3},{"damage":17,"enemies":"4 Shapes","floor":38,"turns":4},{"damage":3,"enemies":"Maw","floor":39,"turns":5},{"damage":0,"enemies":"3 Darklings","floor":41,"turns":7},{"damage":40,"enemies":"Nemesis","floor":42,"turns":7},{"damage":0,"enemies":"Sphere and 2 Shapes","floor":45,"turns":5},{"damage":0,"enemies":"Giant Head","floor":46,"turns":5},{"damage":6,"enemies":"Donu and Deca","floor":50,"turns":4}],"relics_obtained":[{"floor":7,"key":"Question Card"},{"floor":9,"key":"Ice Cream"},{"floor":10,"key":"Sundial"},{"floor":12,"key":"DataDisk"},{"floor":26,"key":"Emotion Chip"},{"floor":29,"key":"Pen Nib"},{"floor":42,"key":"Bottled Lightning"},{"floor":43,"key":"Lantern"},{"floor":46,"key":"Oddly Smooth Stone"}],"event_choices":[{"event_name":"World of Goop","player_choice":"Left","floor":11,"damage_taken":0},{"event_name":"The Lab","player_choice":"Got Potions","floor":13,"damage_taken":0},{"event_name":"Back to Basics","player_choice":"Elegance","floor":20,"damage_taken":0},{"event_name":"Cursed Tome","player_choice":"Ignored","floor":21,"damage_taken":0},{"event_name":"Nest","player_choice":"Joined the Cult","floor":22,"damage_taken":0},{"event_name":"Golden Shrine","player_choice":"Pray","floor":24,"damage_taken":0},{"event_name":"Tomb of Lord Red Mask","player_choice":"Paid","floor":44,"damage_taken":0},{"event_name":"Match and Keep!","player_choice":"1 cards matched","floor":48,"damage_taken":0}],"boss_relics":[{"not_picked":["Nuclear Battery","Astrolabe"],"picked":"Sozu"},{"not_picked":["White Beast Statue","Velvet Choker"],"picked":"Lizard Tail"}],"items_purged_floors":[19,37],"potions_floor_spawned":[3,12,14,16,27,29,33,39,42,45,46],"seed_played":"7265523140366724522","ascension_level":6,"potions_obtained":[{"floor":3,"key":"FearPotion"},{"floor":12,"key":"Dexterity Potion"},{"floor":13,"key":"Ancient Potion"},{"floor":13,"key":"Strength Potion"},{"floor":14,"key":"Block Potion"}],"is_trial":false}