{"path_per_floor":["M","?","?","?","M","E","R","M","T","E","R","E","R","M","R","B",null,"M","?","$","?","?","E","R","M","T","R","T","R","$","M","R","B",null,"M","$","?","?","M","R","$","M","T","E","?","?","R","M","R","B"],"character_chosen":"DEFECT","items_purchased":["Impulse","Barrage","Regal Pillow","Capacitor","Skim","War Paint"],"gold_per_floor":[112,112,62,62,77,112,112,126,152,179,179,208,208,228,228,332,332,346,346,196,196,231,295,295,311,336,336,384,384,65,75,75,179,179,199,74,74,296,313,313,11,24,51,85,85,85,85,99,99,99],"floor_reached":51,"campfire_rested":2,"playtime":2607,"current_hp_per_floor":[75,80,80,80,80,64,64,64,64,57,57,24,24,24,24,23,80,78,78,78,78,37,24,24,17,17,17,17,17,17,17,56,18,80,53,53,73,73,72,72,72,63,63,27,27,27,27,27,67,41],"items_purged":["Decay","Writhe","Injury","Writhe"],"gold":99,"score":740,"play_id":"a110785f-e948-4a71-b363-d251d37a6eaf","local_time":"20180507181756","is_prod":false,"is_daily":false,"chose_seed":false,"is_ascension_mode":true,"campfire_upgraded":9,"timestamp":1525684676,"path_taken":["M","?","?","?","M","E","R","?","T","E","R","E","R","M","R","BOSS","M","?","$","?","?","E","R","M","T","R","?","R","$","M","R","BOSS","M","$","?","?","M","R","$","M","T","E","?","?","R","M","R","BOSS"],"build_version":"2018-05-03","seed_source_timestamp":452507985627592,"purchased_purges":5,"victory":true,"master_deck":["Strike_B","Strike_B","Defend_B","Defend_B","Defend_B+1","Defend_B","Zap+1","Dualcast+1","Glacier+1","Machine Learning","Glacier+1","Capacitor+1","Coolheaded+1","Cold Snap","Leap","Multi-Cast","Impulse+1","Barrage+1","Defragment+1","Reprogram+1","Capacitor+1","Skim+1","Reboot+1","Ball Lightning","Darkness+1"],"max_hp_per_floor":[75,80,80,80,80,80,80,80,80,80,80,80,80,80,80,80,80,80,80,80,80,80,80,80,80,80,80,80,80,80,80,80,80,80,80,80,80,80,80,80,80,80,80,89,86,86,86,86,86,86],"relics":["Cracked Core","Pen Nib","Art of War","Juzu Bracelet","Calling Bell","Bag of Preparation","Blue Candle","Ice Cream","Lantern","Red Mask","Tiny Chest","Happy Flower","Ancient Tea Set","Regal Pillow","Sozu","War Paint","Singing Bowl","Strawberry"],"card_choices":[{"not_picked":["Cold Snap","Auto Shields"],"picked":"Glacier","floor":1},{"not_picked":["Lockon","Conserve Battery"],"picked":"Glacier","floor":5},{"not_picked":["Beam Cell","Go for the Eyes"],"picked":"Capacitor","floor":6},{"not_picked":["Skim","Thunder Strike"],"picked":"Coolheaded","floor":10},{"not_picked":["Hologram","Coolheaded"],"picked":"Cold Snap","floor":12},{"not_picked":["Skim","Hologram"],"picked":"Leap","floor":14},{"not_picked":["Amplify","Creative AI"],"picked":"Multi-Cast","floor":16},{"not_picked":["Lockon","Capacitor"],"picked":"Defragment","floor":22},{"not_picked":["Scrape","Streamline"],"picked":"Reprogram","floor":25},{"not_picked":["Fusion","Rainbow"],"picked":"Reboot","floor":33},{"not_picked":["Coolheaded","Axe Kick"],"picked":"Ball Lightning","floor":39},{"not_picked":["Hologram","Axe Kick"],"picked":"Darkness","floor":48}],"player_experience":475174,"potions_floor_usage":[6,18,18,23,31,42],"damage_taken":[{"damage":0,"enemies":"Small Slimes","floor":1,"turns":2},{"damage":0,"enemies":"2 Louse","floor":5,"turns":5},{"damage":16,"enemies":"Gremlin Nob","floor":6,"turns":4},{"damage":0,"enemies":"Cultist","floor":8,"turns":3},{"damage":7,"enemies":"Lagavulin","floor":10,"turns":11},{"damage":33,"enemies":"Gremlin Nob","floor":12,"turns":6},{"damage":0,"enemies":"3 Louse","floor":14,"turns":3},{"damage":1,"enemies":"The Guardian","floor":16,"turns":21},{"damage":2,"enemies":"3 Byrds","floor":18,"turns":2},{"damage":41,"enemies":"가면 도적단","floor":22,"turns":8},{"damage":13,"enemies":"Slavers","floor":23,"turns":8},{"damage":7,"enemies":"Spheric Guardian","floor":25,"turns":5},{"damage":0,"enemies":"Chosen and Byrds","floor":31,"turns":7},{"damage":38,"enemies":"Collector","floor":33,"turns":17},{"damage":27,"enemies":"Flame Bruiser 1 Orb","floor":35,"turns":9},{"damage":1,"enemies":"Orb Walker","floor":39,"turns":4},{"damage":9,"enemies":"4 Shapes","floor":42,"turns":6},{"damage":45,"enemies":"2 Orb Walkers","floor":44,"turns":8},{"damage":0,"enemies":"Flame Bruiser 2 Orb","floor":48,"turns":4},{"damage":26,"enemies":"Donu and Deca","floor":50,"turns":10}],"event_choices":[{"event_name":"Big Fish","player_choice":"Donut","floor":2,"damage_taken":0},{"event_name":"The Cleric","player_choice":"Card Removal","floor":3,"damage_taken":0},{"event_name":"Transmorgrifier","player_choice":"Transform","floor":4,"damage_taken":0},{"event_name":"Vampires","player_choice":"Ignored","floor":19,"damage_taken":0},{"event_name":"The Mausoleum","player_choice":"Yes","floor":21,"damage_taken":0},{"event_name":"Masked Bandits","player_choice":"Fought over 196 gold","floor":22,"damage_taken":0},{"event_name":"Winding Halls","player_choice":"Writhe","floor":37,"damage_taken":0},{"event_name":"Tomb of Lord Red Mask","player_choice":"Wore Mask","floor":38,"damage_taken":0},{"event_name":"Purifier","player_choice":"One Purge","floor":45,"damage_taken":0},{"event_name":"Mysterious Sphere","player_choice":"Ignore","floor":46,"damage_taken":0}],"boss_relics":[{"not_picked":["Black Star","Runic Pyramid"],"picked":"Calling Bell"},{"not_picked":["Astrolabe","Cursed Key"],"picked":"Sozu"}],"potions_floor_spawned":[1,5,12,14,16,18,31,35,39],"seed_played":"6505714074667319862","ascension_level":1,"is_trial":false}