{"gold_per_floor":[112,37,52,52,70,70,70,70,70,70,70,8,20,40,40,145,145,165,165,80,97,73,73,172,185,242,242,6,6,19,19],"floor_reached":31,"playtime":887,"items_purged":["Strike_G"],"score":248,"play_id":"9f667cd8-6339-4f79-bb22-c32655baa2e0","local_time":"20181119040601","is_ascension_mode":false,"campfire_choices":[{"data":"Deadly Poison","floor":6,"key":"SMITH"},{"data":"Neutralize","floor":8,"key":"SMITH"},{"data":"Blade Dance","floor":11,"key":"SMITH"},{"data":"Catalyst","floor":15,"key":"SMITH"},{"floor":23,"key":"REST"},{"data":"Envenom","floor":27,"key":"SMITH"},{"data":"Bouncing Flask","floor":29,"key":"SMITH"}],"neow_cost":"NONE","seed_source_timestamp":223572155703933,"circlet_count":0,"master_deck":["Defend_G","Defend_G","Defend_G","Defend_G","Defend_G","Strike_G","Strike_G","Strike_G","Survivor","Neutralize+1","Deadly Poison+1","Blade Dance+1","PiercingWail","Catalyst+1","Unload","Envenom+1","Poisoned Stab","Deadly Poison","Poisoned Stab","Bouncing Flask+1","Blade Dance"],"relics":["Ring of the Snake","Strawberry","WingedGreaves","Potion Belt","WristBlade","Anchor","Tiny Chest","Happy Flower"],"potions_floor_usage":[16,21],"damage_taken":[{"damage":0,"enemies":"2 Louse","floor":1,"turns":3},{"damage":0,"enemies":"Jaw Worm","floor":3,"turns":4},{"damage":0,"enemies":"Small Slimes","floor":5,"turns":3},{"damage":5,"enemies":"Red Slaver","floor":13,"turns":4},{"damage":0,"enemies":"3 Louse","floor":14,"turns":3},{"damage":12,"enemies":"The Guardian","floor":16,"turns":9},{"damage":29,"enemies":"3 Byrds","floor":18,"turns":5},{"damage":12,"enemies":"Spheric Guardian","floor":21,"turns":5},{"damage":9,"enemies":"Snake Plant","floor":25,"turns":3},{"damage":31,"enemies":"Shelled Parasite and Fungi","floor":30,"turns":5},{"damage":11,"enemies":"Centurion and Healer","floor":31,"turns":2}],"seed_played":"7813692477359479942","potions_obtained":[{"floor":5,"key":"FearPotion"},{"floor":13,"key":"PowerPotion"},{"floor":16,"key":"SteroidPotion"},{"floor":18,"key":"Energy Potion"}],"is_trial":false,"path_per_floor":["M","$","M","?","M","R","?","R","T","$","R","?","M","M","R","B",null,"M","?","?","M","$","R","?","M","T","R","$","R","M","M"],"character_chosen":"THE_SILENT","items_purchased":["Poisoned Stab","Bouncing Flask","Happy Flower"],"campfire_rested":1,"item_purchase_floors":[22,28,28],"current_hp_per_floor":[77,77,77,82,82,82,75,75,75,75,75,75,70,70,70,58,82,53,37,37,25,25,51,51,42,42,42,42,42,11,0],"gold":19,"neow_bonus":"RANDOM_COMMON_RELIC","is_prod":false,"is_daily":false,"chose_seed":false,"campfire_upgraded":6,"win_rate":0,"timestamp":1542629161,"path_taken":["M","$","M","?","M","R","?","R","T","$","R","?","?","M","R","BOSS","M","?","?","M","$","R","?","M","T","R","$","R","M","M"],"build_version":"2018-11-15","purchased_purges":1,"victory":false,"max_hp_per_floor":[77,77,77,82,82,82,82,82,82,82,82,82,82,82,82,82,82,82,87,87,87,87,87,87,87,87,87,87,87,87,87],"card_choices":[{"not_picked":["Flying Knee","Reflex"],"picked":"Deadly Poison","floor":1},{"not_picked":["Flying Knee","Leg Sweep"],"picked":"Blade Dance","floor":3},{"not_picked":["Concentrate","Deflect"],"picked":"PiercingWail","floor":5},{"not_picked":["Flying Knee","Blade Dance"],"picked":"Catalyst","floor":13},{"not_picked":["Flying Knee","Dash"],"picked":"Unload","floor":14},{"not_picked":["Adrenaline","A Thousand Cuts"],"picked":"Envenom","floor":16},{"not_picked":["PiercingWail+1","Deadly Poison"],"picked":"Poisoned Stab","floor":18},{"not_picked":["PiercingWail+1","Dagger Throw+1"],"picked":"Deadly Poison","floor":21},{"not_picked":["PiercingWail","Quick Slash","Eviscerate"],"picked":"SKIP","floor":25},{"not_picked":["Dash","Dodge and Roll+1"],"picked":"Blade Dance","floor":30}],"player_experience":433692,"relics_obtained":[{"floor":9,"key":"WingedGreaves"},{"floor":26,"key":"Tiny Chest"}],"event_choices":[{"damage_healed":0,"gold_gain":0,"player_choice":"Donut","damage_taken":0,"max_hp_gain":5,"max_hp_loss":0,"event_name":"Big Fish","floor":4,"gold_loss":0},{"cards_removed":["Strike_G"],"damage_healed":0,"gold_gain":0,"player_choice":"Card Removal","damage_taken":7,"max_hp_gain":0,"max_hp_loss":0,"event_name":"Golden Wing","floor":7,"gold_loss":0},{"damage_healed":0,"gold_gain":0,"player_choice":"Paid Gold","damage_taken":0,"relics_obtained":["Potion Belt"],"max_hp_gain":0,"max_hp_loss":0,"event_name":"WeMeetAgain","floor":12,"gold_loss":62},{"damage_healed":0,"gold_gain":0,"player_choice":"Shed Blood","damage_taken":21,"max_hp_gain":5,"max_hp_loss":0,"event_name":"Forgotten Altar","floor":19,"gold_loss":0},{"damage_healed":0,"gold_gain":0,"player_choice":"Obtained Relic","damage_taken":0,"relics_obtained":["Anchor"],"max_hp_gain":0,"max_hp_loss":0,"event_name":"Addict","floor":20,"gold_loss":85},{"damage_healed":0,"gold_gain":99,"player_choice":"Stole From Cult","damage_taken":0,"max_hp_gain":0,"max_hp_loss":0,"event_name":"Nest","floor":24,"gold_loss":0}],"is_beta":false,"boss_relics":[{"not_picked":["Calling Bell","Astrolabe"],"picked":"WristBlade"}],"items_purged_floors":[2],"is_endless":false,"potions_floor_spawned":[5,13,16,18],"killed_by":"Centurion and Healer","ascension_level":0}