{"gold_per_floor":[112,33,33,50,68,68,94,94,94,124,124,124,149,149,149,221,221,235,235,251,270,147,147,173,173,173,200,51,61,76,107,107,184,184,202,202,202,52,72,102,102,113,113,113,143,30,45,45,45,45],"floor_reached":51,"playtime":4045,"items_purged":["Pain"],"score":1461,"play_id":"5671a2af-c180-4aa2-b68d-2df46bfb3c57","local_time":"20180624010431","is_ascension_mode":true,"campfire_choices":[{"data":"Neutralize","floor":6,"key":"SMITH"},{"data":"Sucker Punch","floor":8,"key":"SMITH"},{"floor":12,"key":"REST"},{"data":"Footwork","floor":15,"key":"SMITH"},{"data":"Backflip","floor":23,"key":"SMITH"},{"data":"Cloak And Dagger","floor":25,"key":"SMITH"},{"floor":32,"key":"REST"},{"data":"Calculated Gamble","floor":41,"key":"SMITH"},{"data":"Predator","floor":44,"key":"SMITH"},{"floor":49,"key":"REST"}],"neow_cost":"NONE","seed_source_timestamp":527853752019829,"circlet_count":0,"master_deck":["Defend_G","Defend_G","Defend_G","Defend_G","Defend_G","Survivor","Neutralize+1","AscendersBane","Tools of the Trade+1","Predator+1","Footwork+1","Sucker Punch+1","Deadly Poison","PiercingWail","Cloak And Dagger+1","Deflect","Die Die Die","Dagger Spray","Riddle With Holes","Backflip+1","Cloak And Dagger+1","Parasite","Escape Plan","Acrobatics+1","Backstab","Bullet Time","Backstab+1","Calculated Gamble+1","Master of Strategy","Bandage Up","Blade Dance+1","Tactician","Dodge and Roll+1","Malaise","Caltrops+1"],"relics":["Ring of the Snake","Shuriken","Centennial Puzzle","Pantograph","Dodecahedron","Cursed Key","Kunai","Pear","Question Card","Art of War","Pen Nib","Astrolabe","Bronze Scales","Potion Belt","Darkstone Periapt","Frozen Egg 2"],"potions_floor_usage":[7,11,27,29,33,39,45,50,50],"damage_taken":[{"damage":5,"enemies":"Cultist","floor":1,"turns":6},{"damage":0,"enemies":"2 Louse","floor":4,"turns":2},{"damage":5,"enemies":"Small Slimes","floor":5,"turns":4},{"damage":8,"enemies":"3 Sentries","floor":7,"turns":12},{"damage":10,"enemies":"Lagavulin","floor":10,"turns":9},{"damage":0,"enemies":"3 Louse","floor":11,"turns":1},{"damage":5,"enemies":"3 Sentries","floor":13,"turns":10},{"damage":0,"enemies":"The Guardian","floor":16,"turns":10},{"damage":6,"enemies":"Spheric Guardian","floor":18,"turns":6},{"damage":0,"enemies":"3 Byrds","floor":20,"turns":6},{"damage":4,"enemies":"Snake Plant","floor":21,"turns":5},{"damage":12,"enemies":"Gremlin Leader","floor":24,"turns":8},{"damage":13,"enemies":"Slavers","floor":27,"turns":5},{"damage":18,"enemies":"Sentry and Sphere","floor":29,"turns":6},{"damage":0,"enemies":"Chosen and Byrds","floor":30,"turns":7},{"damage":13,"enemies":"Book of Stabbing","floor":31,"turns":7},{"damage":11,"enemies":"Champ","floor":33,"turns":16},{"damage":0,"enemies":"3 Darklings","floor":35,"turns":3},{"damage":0,"enemies":"3 Shapes","floor":39,"turns":4},{"damage":0,"enemies":"Giant Head","floor":40,"turns":8},{"damage":0,"enemies":"Sphere and 2 Shapes","floor":42,"turns":3},{"damage":33,"enemies":"Nemesis","floor":45,"turns":8},{"damage":17,"enemies":"3 Darklings","floor":47,"turns":3},{"damage":7,"enemies":"Donu and Deca","floor":50,"turns":9}],"seed_played":"8352772093099926886","potions_obtained":[{"floor":1,"key":"EssenceOfSteel"},{"floor":10,"key":"SmokeBomb"},{"floor":18,"key":"Regen Potion"},{"floor":21,"key":"Explosive Potion"},{"floor":30,"key":"GhostInAJar"},{"floor":35,"key":"Block Potion"},{"floor":42,"key":"SteroidPotion"},{"floor":45,"key":"PowerPotion"}],"is_trial":false,"path_per_floor":["M","$","?","M","M","R","E","R","T","E","M","R","E","?","R","B",null,"M","?","M","M","$","R","E","R","T","E","$","M","M","E","R","B",null,"M","?","?","$","M","E","R","M","T","R","E","$","M","?","R","B"],"character_chosen":"THE_SILENT","items_purchased":["Footwork","Riddle With Holes","Backflip","Art of War","Bronze Scales","Malaise"],"campfire_rested":3,"item_purchase_floors":[2,22,22,28,38,46],"current_hp_per_floor":[54,54,54,54,49,49,41,41,41,31,31,50,45,45,45,66,66,60,60,60,56,56,56,44,44,54,41,41,35,35,22,44,58,72,72,67,86,86,86,86,86,86,86,86,57,57,44,44,69,79],"gold":45,"neow_bonus":"TRANSFORM_CARD","is_prod":false,"is_daily":false,"chose_seed":false,"campfire_upgraded":7,"win_rate":0,"timestamp":1529795071,"path_taken":["M","$","?","M","M","R","E","R","T","E","M","R","E","?","R","BOSS","M","?","M","M","$","R","E","R","T","E","$","M","M","E","R","BOSS","M","?","?","$","M","E","R","M","T","R","E","$","?","?","R","BOSS"],"build_version":"2018-06-21v2","purchased_purges":1,"victory":true,"max_hp_per_floor":[66,66,66,66,66,66,66,66,66,66,66,66,66,66,66,66,66,66,66,66,66,66,66,66,66,76,76,76,76,76,76,76,76,76,76,76,86,86,86,86,86,86,86,86,86,86,86,86,86,86],"card_choices":[{"not_picked":["Calculated Gamble","Cloak And Dagger"],"picked":"Predator","floor":1},{"not_picked":["Quick Slash","Deflect"],"picked":"Sucker Punch","floor":4},{"not_picked":["Underhanded Strike","Prepared"],"picked":"Deadly Poison","floor":5},{"not_picked":["Concentrate","Escape Plan"],"picked":"PiercingWail","floor":7},{"not_picked":["Finisher","Flying Knee"],"picked":"Cloak And Dagger","floor":10},{"not_picked":["All Out Attack","Bane"],"picked":"Deflect","floor":13},{"not_picked":["Burst","Glass Knife"],"picked":"Die Die Die","floor":16},{"not_picked":["Sucker Punch","Underhanded Strike","Outmaneuver"],"picked":"SKIP","floor":18},{"not_picked":["Night Terror","Skewer"],"picked":"Dagger Spray","floor":20},{"not_picked":["Setup","Slice","Dagger Spray"],"picked":"SKIP","floor":21},{"not_picked":["Flying Knee","Backflip"],"picked":"Cloak And Dagger","floor":24},{"not_picked":["Choke","Dagger Throw"],"picked":"Escape Plan","floor":27},{"not_picked":["Quick Slash","Deflect","Wraith Form v2","Poisoned Stab"],"picked":"SKIP","floor":29},{"not_picked":["Deflect","Accuracy","Prepared"],"picked":"Acrobatics+1","floor":30},{"not_picked":["Envenom","Backflip","Bouncing Flask"],"picked":"Backstab","floor":31},{"not_picked":["Doppelganger","Glass Knife","A Thousand Cuts"],"picked":"Bullet Time","floor":33},{"not_picked":["Outmaneuver+1","Dagger Spray","Quick Slash"],"picked":"Calculated Gamble","floor":35},{"not_picked":["Magnetism","Transmutation","Finesse"],"picked":"Master of Strategy","floor":36},{"not_picked":["Blind","Secret Weapon","Swift Strike"],"picked":"Bandage Up","floor":36},{"not_picked":["Quick Slash","Noxious Fumes","Distraction"],"picked":"Blade Dance+1","floor":39},{"not_picked":["Expertise","Flechettes","Quick Slash","Prepared"],"picked":"SKIP","floor":40},{"not_picked":["Riddle With Holes","Deadly Poison","Dagger Throw"],"picked":"Tactician","floor":42},{"not_picked":["Acrobatics","Calculated Gamble+1","Poisoned Stab+1"],"picked":"Dodge and Roll+1","floor":45},{"not_picked":["Deadly Poison","Backflip","Bane"],"picked":"Caltrops+1","floor":47}],"player_experience":682594,"relics_obtained":[{"floor":7,"key":"Shuriken"},{"floor":9,"key":"Centennial Puzzle"},{"floor":10,"key":"Pantograph"},{"floor":13,"key":"Dodecahedron"},{"floor":24,"key":"Kunai"},{"floor":26,"key":"Pear"},{"floor":27,"key":"Question Card"},{"floor":31,"key":"Pen Nib"},{"floor":40,"key":"Potion Belt"},{"floor":43,"key":"Darkstone Periapt"},{"floor":45,"key":"Frozen Egg 2"}],"event_choices":[{"event_name":"Purifier","player_choice":"One Purge","floor":3,"damage_taken":0},{"event_name":"Living Wall","player_choice":"Grow","floor":14,"damage_taken":0},{"event_name":"Upgrade Shrine","player_choice":"Upgraded","floor":19,"damage_taken":0},{"event_name":"SensoryStone","player_choice":"Memory 2","floor":36,"damage_taken":0},{"event_name":"Bonfire Elementals","player_choice":"RARE","floor":37,"damage_taken":0},{"event_name":"Falling","player_choice":"Removed Attack","floor":48,"damage_taken":0}],"boss_relics":[{"not_picked":["Calling Bell","Lizard Tail"],"picked":"Cursed Key"},{"not_picked":["Busted Crown","Runic Dome"],"picked":"Astrolabe"}],"items_purged_floors":[46],"is_endless":false,"potions_floor_spawned":[1,10,18,21,30,35,42,45],"ascension_level":15}