{"gold_per_floor":[359,379,7,37,71,120,120,174,200,232,232,265,190,229,229,343,343,395,395,451,3,53,79,79,79,105,105,136,60,60,60,60,60],"floor_reached":33,"playtime":1021,"items_purged":["Strike_R"],"score":575,"play_id":"da048452-2344-4ace-89e5-acde0d2d127f","local_time":"20181120231644","is_ascension_mode":true,"campfire_choices":[{"floor":7.0,"key":"REST"},{"floor":15.0,"key":"REST"},{"floor":24.0,"key":"REST"},{"data":"Flame Barrier","floor":27.0,"key":"SMITH"},{"data":"True Grit","floor":30.0,"key":"SMITH"},{"floor":32.0,"key":"REST"}],"neow_cost":"TEN_PERCENT_HP_LOSS","seed_source_timestamp":130871357181286,"circlet_count":0,"master_deck":["AscendersBane","Strike_R","Strike_R","Strike_R","Defend_R","Defend_R","Defend_R","Defend_R","Bash","Feel No Pain","HandOfGreed","Shockwave","Shrug It Off","Fiend Fire","Flame Barrier+1","Warcry","Battle Trance","True Grit+1","Offering"],"special_seed":0,"relics":["Burning Blood","Happy Flower","Ginger","Pen Nib","Bag of Marbles","Sozu","Charon\u0027s Ashes","Boot","Oddly Smooth Stone","Torii"],"potions_floor_usage":[],"damage_taken":[{"damage":9.0,"enemies":"2 Louse","floor":1.0,"turns":4.0},{"damage":9.0,"enemies":"Jaw Worm","floor":2.0,"turns":5.0},{"damage":6.0,"enemies":"Cultist","floor":4.0,"turns":4.0},{"damage":12.0,"enemies":"Large Slime","floor":5.0,"turns":5.0},{"damage":37.0,"enemies":"Lagavulin","floor":6.0,"turns":5.0},{"damage":32.0,"enemies":"Gremlin Nob","floor":8.0,"turns":4.0},{"damage":11.0,"enemies":"Blue Slaver","floor":10.0,"turns":4.0},{"damage":6.0,"enemies":"Looter","floor":12.0,"turns":3.0},{"damage":6.0,"enemies":"Exordium Wildlife","floor":14.0,"turns":2.0},{"damage":48.0,"enemies":"Slime Boss","floor":16.0,"turns":15.0},{"damage":21.0,"enemies":"2 Thieves","floor":18.0,"turns":4.0},{"damage":17.0,"enemies":"3 Byrds","floor":20.0,"turns":9.0},{"damage":19.0,"enemies":"Gremlin Leader","floor":23.0,"turns":5.0},{"damage":3.0,"enemies":"Snecko","floor":28.0,"turns":6.0},{"damage":59,"enemies":"Collector","floor":33,"turns":6}],"seed_played":"1375881799644216298","potions_obtained":[{"floor":2.0,"key":"SkillPotion"},{"floor":4.0,"key":"SpeedPotion"},{"floor":8.0,"key":"SteroidPotion"}],"is_trial":false,"path_per_floor":["M","M","$","M","M","M","E","R","E","T","M","?","M","?","M","R","B",null,"M","?","M","$","?","E","R","$","T","R","M","$","R","T","R","B"],"character_chosen":"IRONCLAD","items_purchased":["HandOfGreed","Happy Flower","Charon\u0027s Ashes","Warcry","Offering"],"campfire_rested":4,"item_purchase_floors":[3,3,21,21,29],"current_hp_per_floor":[65,62,62,62,56,25,45,19,19,14,36,36,36,36,56,14,55,40,40,29,29,29,16,36,36,36,36,39,39,39,39,59,0],"gold":60,"neow_bonus":"TWO_FIFTY_GOLD","is_prod":false,"is_daily":false,"chose_seed":false,"campfire_upgraded":2,"win_rate":0,"timestamp":1542784604,"path_taken":["M","M","$","M","M","E","R","E","T","M","?","M","?","M","R","BOSS","M","?","M","$","?","E","R","?","T","R","M","$","R","?","R","BOSS"],"build_version":"2018-11-15","purchased_purges":1,"victory":false,"max_hp_per_floor":[68,68,68,68,68,68,68,68,68,68,68,68,68,68,68,68,68,68,68,68,68,68,68,68,68,68,68,68,68,68,68,68,68],"card_choices":[{"not_picked":["Thunderclap","Rupture","Armaments"],"picked":"SKIP","floor":1.0},{"not_picked":["Wild Strike","Clothesline"],"picked":"Feel No Pain","floor":2.0},{"not_picked":["Perfected Strike","Heavy Blade","Iron Wave"],"picked":"SKIP","floor":4.0},{"not_picked":["Flex","Blood for Blood","Perfected Strike"],"picked":"SKIP","floor":5.0},{"not_picked":["Reckless Charge","Searing Blow","Iron Wave"],"picked":"SKIP","floor":6.0},{"not_picked":["Heavy Blade","Headbutt","Bludgeon"],"picked":"SKIP","floor":8.0},{"not_picked":["Headbutt","Uppercut"],"picked":"Shockwave","floor":10.0},{"not_picked":["Cleave","Carnage"],"picked":"Shrug It Off","floor":12.0},{"not_picked":["Rage","Evolve","Havoc"],"picked":"SKIP","floor":14.0},{"not_picked":["Feed","Dark Embrace"],"picked":"Fiend Fire","floor":16.0},{"not_picked":["Carnage","Headbutt","Combust"],"picked":"SKIP","floor":18.0},{"not_picked":["Entrench","Sword Boomerang","Warcry"],"picked":"SKIP","floor":20.0},{"not_picked":["Infernal Blade","True Grit"],"picked":"Battle Trance","floor":23.0},{"not_picked":["Wild Strike","Perfected Strike"],"picked":"True Grit","floor":28.0}],"player_experience":661830,"relics_obtained":[{"floor":6.0,"key":"Ginger"},{"floor":8.0,"key":"Pen Nib"},{"floor":9.0,"key":"Bag of Marbles"},{"floor":23.0,"key":"Boot"},{"floor":26.0,"key":"Oddly Smooth Stone"},{"floor":31.0,"key":"Torii"}],"event_choices":[{"damage_healed":22.0,"max_hp_gain":0.0,"max_hp_loss":0.0,"gold_gain":0.0,"event_name":"Big Fish","player_choice":"Banana","floor":11.0,"gold_loss":0.0,"damage_taken":0.0},{"cards_removed":["Strike_R"],"damage_healed":0.0,"max_hp_gain":0.0,"max_hp_loss":0.0,"gold_gain":0.0,"event_name":"The Cleric","player_choice":"Card Removal","floor":13.0,"gold_loss":75.0,"damage_taken":0.0},{"damage_healed":0.0,"max_hp_gain":0.0,"max_hp_loss":0.0,"gold_gain":0.0,"event_name":"The Library","player_choice":"Read","floor":19.0,"gold_loss":0.0,"damage_taken":0.0,"cards_obtained":["Flame Barrier"]},{"damage_healed":0.0,"max_hp_gain":0.0,"max_hp_loss":0.0,"gold_gain":50.0,"event_name":"Nest","player_choice":"Stole From Cult","floor":22.0,"gold_loss":0.0,"damage_taken":0.0}],"is_beta":false,"boss_relics":[{"not_picked":["Eternal Feather","Ectoplasm"],"picked":"Sozu"}],"items_purged_floors":[21],"is_endless":false,"potions_floor_spawned":[2,4,8,12,14,28],"killed_by":"Collector","ascension_level":20}