{"gold_per_floor":[113,113,128,202,53,84,84,123,197,216,216,237,237,268,268,268],"floor_reached":16,"playtime":995,"items_purged":["Strike_R"],"score":161,"play_id":"07d639a7-e3b5-4050-9028-caca7495d939","local_time":"20190307224201","is_ascension_mode":true,"campfire_choices":[{"floor":13,"key":"REST"},{"floor":15,"key":"REST"}],"neow_cost":"NONE","seed_source_timestamp":33115249281999,"circlet_count":0,"master_deck":["Strike_R","Strike_R","Strike_R","Strike_R","Defend_R","Defend_R","Defend_R","Defend_R","Bash","Pommel Strike","Burning Pact","Inflame","Thunderclap","Rampage","Perfected Strike","Flex","Reaper"],"relics":["Burning Blood","Strawberry","Golden Idol","Kunai","Pear","Anchor","Blue Candle","Charon\u0027s Ashes"],"potions_floor_usage":[6,8,12,16],"damage_taken":[{"damage":9,"enemies":"2 Louse","floor":1,"turns":2},{"damage":8,"enemies":"Jaw Worm","floor":3,"turns":4},{"damage":65,"enemies":"3 Sentries","floor":6,"turns":11},{"damage":16,"enemies":"Lagavulin","floor":8,"turns":6},{"damage":0,"enemies":"Small Slimes","floor":10,"turns":4},{"damage":4,"enemies":"Blue Slaver","floor":12,"turns":3},{"damage":40,"enemies":"Gremlin Nob","floor":14,"turns":5},{"damage":64,"enemies":"The Guardian","floor":16,"turns":13}],"seed_played":"4961701835688780475","potions_obtained":[{"floor":3,"key":"Regen Potion"},{"floor":6,"key":"Weak Potion"},{"floor":8,"key":"Block Potion"},{"floor":10,"key":"Dexterity Potion"}],"is_trial":false,"path_per_floor":["M","?","M","T","$","E","?","E","T","M","?","M","R","E","R","B"],"character_chosen":"IRONCLAD","items_purchased":["Inflame"],"campfire_rested":2,"item_purchase_floors":[5],"current_hp_per_floor":[84,63,61,61,61,27,27,17,17,23,23,25,54,20,49,0],"gold":268,"neow_bonus":"RANDOM_COMMON_RELIC","is_prod":false,"is_daily":false,"chose_seed":false,"campfire_upgraded":0,"win_rate":0,"timestamp":1552020121,"path_taken":["M","?","M","?","$","E","?","E","T","M","?","M","R","E","R","BOSS"],"build_version":"2019-01-23","purchased_purges":1,"victory":false,"max_hp_per_floor":[87,87,87,87,87,97,97,97,97,97,97,97,97,97,97,97],"card_choices":[{"not_picked":["True Grit","Wild Strike"],"picked":"Pommel Strike","floor":1},{"not_picked":["Sentinel","Thunderclap"],"picked":"Burning Pact","floor":3},{"not_picked":["Heavy Blade","Fire Breathing"],"picked":"Thunderclap","floor":6},{"not_picked":["Rupture","Warcry"],"picked":"Rampage","floor":8},{"not_picked":["Armaments","Reckless Charge"],"picked":"Perfected Strike","floor":10},{"not_picked":["Wild Strike","Armaments"],"picked":"Flex","floor":12},{"not_picked":["Shrug It Off","Dropkick"],"picked":"Reaper","floor":14}],"player_experience":311248,"relics_obtained":[{"floor":4,"key":"Kunai"},{"floor":6,"key":"Pear"},{"floor":8,"key":"Anchor"},{"floor":9,"key":"Blue Candle"},{"floor":14,"key":"Charon\u0027s Ashes"}],"event_choices":[{"damage_healed":0,"gold_gain":0,"player_choice":"Take Damage","damage_taken":21,"relics_obtained":["Golden Idol"],"max_hp_gain":0,"max_hp_loss":0,"event_name":"Golden Idol","floor":2,"gold_loss":0},{"damage_healed":0,"gold_gain":0,"player_choice":"Ignored","damage_taken":0,"max_hp_gain":0,"max_hp_loss":0,"event_name":"Golden Wing","floor":7,"gold_loss":0},{"damage_healed":0,"gold_gain":0,"player_choice":"Ignored","damage_taken":0,"max_hp_gain":0,"max_hp_loss":0,"event_name":"Liars Game","floor":11,"gold_loss":0}],"is_beta":false,"boss_relics":[],"items_purged_floors":[5],"is_endless":false,"potions_floor_spawned":[3,6,8,10],"killed_by":"The Guardian","ascension_level":3}