{"gold_per_floor":[113,113,129,27,40,40,104,124,147,147,147,186,186,202,202,323,323,342,441,464,564,489,489,512,525,525,525,543,543,556,569,569,688,688,711,811,826,382,407,407,443,443,443,457,457,72,93,111,111,111],"floor_reached":50,"playtime":3085,"items_purged":["Strike_G","Strike_G","Pain"],"score":657,"play_id":"4cf52e28-d097-40c7-aa68-5609c9c36923","local_time":"20181124234805","is_ascension_mode":true,"campfire_choices":[{"data":"Neutralize","floor":6,"key":"SMITH"},{"data":"Dodge and Roll","floor":11,"key":"SMITH"},{"data":"Noxious Fumes","floor":13,"key":"SMITH"},{"data":"Noxious Fumes","floor":15,"key":"SMITH"},{"data":"After Image","floor":23,"key":"SMITH"},{"data":"Dodge and Roll","floor":32,"key":"SMITH"},{"data":"Tools of the Trade","floor":40,"key":"SMITH"},{"floor":42,"key":"REST"},{"floor":45,"key":"REST"},{"floor":49,"key":"REST"}],"neow_cost":"NONE","seed_source_timestamp":825479976305221,"circlet_count":0,"master_deck":["Defend_G","Defend_G","Defend_G","Defend_G","Defend_G","Strike_G","Strike_G","Survivor","Neutralize+1","Unload","Tactician","Quick Slash","Noxious Fumes+1","Bane","Backflip","Dodge and Roll+1","Unload","Noxious Fumes+1","After Image+1","Noxious Fumes+1","Flying Knee+1","Die Die Die+1","Dodge and Roll+1","Tools of the Trade+1","Crippling Poison+1","Reflex+1","Caltrops+1","Master of Strategy","Purity","Blur","PiercingWail"],"relics":["Ring of the Snake","Golden Idol","Tiny Chest","Centennial Puzzle","Happy Flower","Oddly Smooth Stone","Cursed Key","Molten Egg 2","Sundial","Empty Cage","TwistedFunnel","Lantern","Bronze Scales","Ancient Tea Set"],"potions_floor_usage":[25,28,33,41,50,50],"damage_taken":[{"damage":2,"enemies":"Small Slimes","floor":1,"turns":4},{"damage":2,"enemies":"Jaw Worm","floor":3,"turns":4},{"damage":0,"enemies":"2 Louse","floor":5,"turns":2},{"damage":7,"enemies":"3 Sentries","floor":7,"turns":8},{"damage":2,"enemies":"Looter","floor":8,"turns":4},{"damage":4,"enemies":"Lagavulin","floor":12,"turns":6},{"damage":9,"enemies":"Lots of Slimes","floor":14,"turns":4},{"damage":7,"enemies":"The Guardian","floor":16,"turns":10},{"damage":3,"enemies":"2 Thieves","floor":18,"turns":4},{"damage":3,"enemies":"Shell Parasite","floor":20,"turns":5},{"damage":1,"enemies":"Centurion and Healer","floor":24,"turns":5},{"damage":0,"enemies":"Snake Plant","floor":25,"turns":6},{"damage":1,"enemies":"Shelled Parasite and Fungi","floor":28,"turns":5},{"damage":4,"enemies":"Centurion and Healer","floor":30,"turns":6},{"damage":1,"enemies":"3 Cultists","floor":31,"turns":5},{"damage":11,"enemies":"Automaton","floor":33,"turns":10},{"damage":14,"enemies":"3 Darklings","floor":35,"turns":5},{"damage":1,"enemies":"3 Shapes","floor":37,"turns":4},{"damage":0,"enemies":"Jaw Worm Horde","floor":39,"turns":3},{"damage":17,"enemies":"Giant Head","floor":41,"turns":9},{"damage":2,"enemies":"Sphere and 2 Shapes","floor":44,"turns":5},{"damage":11,"enemies":"3 Darklings","floor":47,"turns":3},{"damage":0,"enemies":"Spire Growth","floor":48,"turns":6},{"damage":73,"enemies":"Time Eater","floor":50,"turns":9}],"seed_played":"-4543991290379713810","potions_obtained":[{"floor":7,"key":"GamblersBrew"},{"floor":12,"key":"Energy Potion"},{"floor":16,"key":"Block Potion"},{"floor":28,"key":"PowerPotion"},{"floor":31,"key":"EssenceOfSteel"},{"floor":35,"key":"Swift Potion"},{"floor":44,"key":"LiquidBronze"},{"floor":48,"key":"LiquidBronze"}],"is_trial":false,"path_per_floor":["M","?","M","$","M","R","E","M","T","T","R","E","R","M","R","B",null,"M","?","M","?","$","R","M","M","T","T","M","?","M","M","R","B",null,"M","?","M","$","M","R","E","R","T","M","R","$","M","M","R","B"],"character_chosen":"THE_SILENT","items_purchased":["Noxious Fumes","Bane","TwistedFunnel","Lantern","Master of Strategy","Purity"],"campfire_rested":3,"item_purchase_floors":[4,4,38,38,46,46],"current_hp_per_floor":[61,61,59,59,59,59,52,50,50,50,50,46,46,37,37,30,56,53,53,50,50,50,50,49,49,49,49,48,48,44,43,43,32,57,43,43,42,42,42,42,25,44,44,42,61,61,50,50,65,0],"gold":111,"neow_bonus":"TRANSFORM_CARD","is_prod":false,"is_daily":false,"chose_seed":false,"campfire_upgraded":7,"win_rate":0,"timestamp":1543121285,"path_taken":["M","?","M","?","M","R","E","M","T","?","R","E","R","M","R","BOSS","M","?","M","?","$","R","M","?","T","?","?","?","M","M","R","BOSS","M","?","M","$","M","R","E","R","T","?","R","$","M","M","R","BOSS"],"build_version":"2018-11-15","purchased_purges":3,"victory":false,"max_hp_per_floor":[70,65,65,65,65,65,65,65,65,65,65,65,65,65,65,65,65,65,65,65,65,65,65,65,65,65,65,65,65,65,65,65,65,65,65,65,65,65,65,65,65,65,65,65,65,65,65,65,65,65],"card_choices":[{"not_picked":["Slice","Backflip"],"picked":"Tactician","floor":1},{"not_picked":["Dagger Spray","Dodge and Roll"],"picked":"Quick Slash","floor":3},{"not_picked":["Well Laid Plans","Masterful Stab"],"picked":"Backflip","floor":5},{"not_picked":["Calculated Gamble","Slice"],"picked":"Dodge and Roll","floor":7},{"not_picked":["Blade Dance","Bane"],"picked":"Unload","floor":8},{"not_picked":["Setup","Flying Knee"],"picked":"Noxious Fumes","floor":12},{"not_picked":["Riddle With Holes","Cloak And Dagger","Sucker Punch"],"picked":"SKIP","floor":14},{"not_picked":["Glass Knife","Storm of Steel"],"picked":"After Image","floor":16},{"not_picked":["Outmaneuver","Slice","Terror"],"picked":"SKIP","floor":18},{"not_picked":["Finisher","Quick Slash"],"picked":"Noxious Fumes+1","floor":20},{"not_picked":["Sucker Punch+1","Poisoned Stab"],"picked":"Flying Knee+1","floor":24},{"not_picked":["Slice+1","Finisher+1","Bane"],"picked":"SKIP","floor":25},{"not_picked":["Blade Dance","Distraction","Quick Slash+1"],"picked":"SKIP","floor":28},{"not_picked":["Deflect","Flying Knee+1"],"picked":"Die Die Die+1","floor":30},{"not_picked":["Deflect","Bouncing Flask"],"picked":"Dodge and Roll","floor":31},{"not_picked":["Wraith Form v2","Corpse Explosion"],"picked":"Tools of the Trade","floor":33},{"not_picked":["Slice+1","Noxious Fumes+1"],"picked":"Crippling Poison+1","floor":35},{"not_picked":["Noxious Fumes+1","Deadly Poison+1"],"picked":"Reflex+1","floor":37},{"not_picked":["Quick Slash+1","Cloak And Dagger","Deflect"],"picked":"SKIP","floor":39},{"not_picked":["Calculated Gamble+1","Skewer+1"],"picked":"Caltrops+1","floor":41},{"not_picked":["Bane+1","Escape Plan+1","Quick Slash+1"],"picked":"SKIP","floor":44},{"not_picked":["Blade Dance+1","Cloak And Dagger"],"picked":"Blur","floor":47},{"not_picked":["Leg Sweep+1","Heel Hook+1"],"picked":"PiercingWail","floor":48}],"player_experience":417891,"relics_obtained":[{"floor":7,"key":"Tiny Chest"},{"floor":9,"key":"Centennial Puzzle"},{"floor":10,"key":"Happy Flower"},{"floor":12,"key":"Oddly Smooth Stone"},{"floor":26,"key":"Molten Egg 2"},{"floor":27,"key":"Sundial"},{"floor":41,"key":"Bronze Scales"},{"floor":43,"key":"Ancient Tea Set"}],"event_choices":[{"damage_healed":0,"gold_gain":0,"player_choice":"Lose Max HP","damage_taken":0,"relics_obtained":["Golden Idol"],"max_hp_gain":0,"max_hp_loss":5,"event_name":"Golden Idol","floor":2,"gold_loss":0},{"damage_healed":0,"gold_gain":99,"player_choice":"Stole From Cult","damage_taken":0,"max_hp_gain":0,"max_hp_loss":0,"event_name":"Nest","floor":19,"gold_loss":0},{"damage_healed":0,"gold_gain":100,"player_choice":"Pray","damage_taken":0,"max_hp_gain":0,"max_hp_loss":0,"event_name":"Golden Shrine","floor":21,"gold_loss":0},{"damage_healed":0,"gold_gain":0,"player_choice":"Ignored","damage_taken":0,"max_hp_gain":0,"max_hp_loss":0,"event_name":"Ghosts","floor":29,"gold_loss":0},{"damage_healed":0,"gold_gain":100,"player_choice":"Pray","damage_taken":0,"max_hp_gain":0,"max_hp_loss":0,"event_name":"Golden Shrine","floor":36,"gold_loss":0}],"is_beta":true,"boss_relics":[{"not_picked":["Fusion Hammer","Astrolabe"],"picked":"Cursed Key"},{"not_picked":["WristBlade","Calling Bell"],"picked":"Empty Cage"}],"items_purged_floors":[22,38,46],"is_endless":false,"potions_floor_spawned":[7,12,16,28,31,35,37,44,48],"killed_by":"Time Eater","ascension_level":6}