{"gold_per_floor":[118,130,140,140,140,170,182,208,208,237,237,247,275,275,275,375,375,392,405,505,178,178,219,249,292,354,281,293,174,174,186,186,281,281,296,311,324,200,217,245,255,255,255,267,300,300,325,325,325,325,325,325,70,99,99],"floor_reached":55,"playtime":3646,"items_purged":["Strike_B","Strike_B","Parasite","Defend_B"],"score":995,"play_id":"a5babee2-b23f-45eb-864a-3af84d4fe2dc","local_time":"20190218121653","is_ascension_mode":true,"campfire_choices":[{"data":"Lockon","floor":11.0,"key":"SMITH"},{"data":"Loop","floor":15.0,"key":"SMITH"},{"data":"Fusion","floor":32.0,"key":"SMITH"},{"data":"Loop","floor":46.0,"key":"SMITH"},{"floor":49.0,"key":"RECALL"},{"data":"Thunder Strike","floor":52.0,"key":"SMITH"}],"neow_cost":"NONE","seed_source_timestamp":0,"circlet_count":0,"master_deck":["Defend_B+1","Zap+1","Dualcast","Leap","Sweeping Beam","Undo+1","Ball Lightning","Lockon+1","Cold Snap","Loop+1","Thunder Strike+1","Loop+1","Melter","Tempest+1","Redo+1","Storm+1","Meteor Strike","Loop+1","Self Repair+1","Echo Form+1","Auto Shields+1","Defragment+1","Storm+1","Reboot+1","Reinforced Body+1","Leap+1","Fission+1","Ball Lightning+1","Storm+1","Loop+1","Hologram+1","Glacier+1"],"special_seed":0,"relics":["Cracked Core","Nunchaku","Happy Flower","Smiling Mask","Dodecahedron","Bag of Preparation","Nuclear Battery","Matryoshka","MawBank","Frozen Egg 2","Regal Pillow","StoneCalendar","Art of War","Juzu Bracelet","Toxic Egg 2","Enchiridion","Astrolabe","Bottled Flame","Mango","War Paint","Pear"],"potions_floor_usage":[55],"damage_taken":[{"damage":2.0,"enemies":"2 Louse","floor":1.0,"turns":3.0},{"damage":0.0,"enemies":"Small Slimes","floor":2.0,"turns":3.0},{"damage":1.0,"enemies":"Cultist","floor":3.0,"turns":3.0},{"damage":0.0,"enemies":"Lagavulin","floor":6.0,"turns":8.0},{"damage":3.0,"enemies":"3 Louse","floor":7.0,"turns":3.0},{"damage":0.0,"enemies":"3 Sentries","floor":8.0,"turns":5.0},{"damage":9.0,"enemies":"Lagavulin","floor":10.0,"turns":7.0},{"damage":4.0,"enemies":"Large Slime","floor":12.0,"turns":4.0},{"damage":13.0,"enemies":"3 Sentries","floor":13.0,"turns":6.0},{"damage":0.0,"enemies":"Slime Boss","floor":16.0,"turns":5.0},{"damage":0.0,"enemies":"2 Thieves","floor":18.0,"turns":3.0},{"damage":0.0,"enemies":"Shell Parasite","floor":19.0,"turns":5.0},{"damage":13.0,"enemies":"Gremlin Leader","floor":23.0,"turns":5.0},{"damage":0.0,"enemies":"Snake Plant","floor":24.0,"turns":2.0},{"damage":7.0,"enemies":"Slavers","floor":25.0,"turns":2.0},{"damage":10.0,"enemies":"Chosen and Byrds","floor":31.0,"turns":3.0},{"damage":30.0,"enemies":"Champ","floor":33.0,"turns":6.0},{"damage":36.0,"enemies":"3 Darklings","floor":35.0,"turns":3.0},{"damage":1.0,"enemies":"Orb Walker","floor":36.0,"turns":2.0},{"damage":2.0,"enemies":"Writhing Mass","floor":37.0,"turns":4.0},{"damage":1.0,"enemies":"Spire Growth","floor":39.0,"turns":2.0},{"damage":4.0,"enemies":"Giant Head","floor":40.0,"turns":5.0},{"damage":3.0,"enemies":"4 Shapes","floor":41.0,"turns":4.0},{"damage":0.0,"enemies":"3 Darklings","floor":44.0,"turns":3.0},{"damage":0.0,"enemies":"Reptomancer","floor":45.0,"turns":3.0},{"damage":10.0,"enemies":"Nemesis","floor":47.0,"turns":5.0},{"damage":54.0,"enemies":"Awakened One","floor":50.0,"turns":5.0},{"damage":26,"enemies":"Shield and Spear","floor":54,"turns":3},{"damage":89,"enemies":"The Heart","floor":55,"turns":5}],"seed_played":"7274468982456274325","potions_obtained":[{"floor":3.0,"key":"FearPotion"},{"floor":7.0,"key":"PowerPotion"},{"floor":10.0,"key":"LiquidBronze"},{"floor":13.0,"key":"GamblersBrew"},{"floor":19.0,"key":"Explosive Potion"},{"floor":23.0,"key":"PowerPotion"},{"floor":25.0,"key":"FearPotion"},{"floor":36.0,"key":"Ancient Potion"},{"floor":37.0,"key":"Explosive Potion"},{"floor":40.0,"key":"AttackPotion"},{"floor":54,"key":"SkillPotion"}],"is_trial":false,"path_per_floor":["M","M","M","?","?","E","M","E","T","E","R","M","E","?","R","B",null,"M","M","?","$","T","E","M","E","T","?","?","$","?","M","R","B",null,"M","M","M","$","M","E","M","?","T","M","E","R","E","?","R","B",null,"R","$","E","B"],"character_chosen":"DEFECT","items_purchased":["Matryoshka","Loop","Redo+1","Storm+1","Storm+1","Loop+1","Hologram+1","GamblersBrew"],"campfire_rested":0,"item_purchase_floors":[21,21,29,29,38,53,53,53],"current_hp_per_floor":[80,80,79,79,63,63,60,60,60,51,51,47,34,27,27,27,82,82,82,82,82,82,69,69,62,62,62,46,46,46,36,36,6,82,56,65,73,73,79,79,79,79,79,79,93,93,93,93,93,39,93,93,93,87,0],"gold":99,"neow_bonus":"TEN_PERCENT_HP_BONUS","is_prod":false,"is_daily":false,"chose_seed":false,"campfire_upgraded":5,"win_rate":0,"timestamp":1550481413,"path_taken":["M","M","M","?","?","E","M","E","T","E","R","M","E","?","R","BOSS","M","M","?","$","?","E","M","E","T","?","?","$","?","M","R","BOSS","M","M","M","$","M","E","M","?","T","M","E","R","E","?","R","BOSS","R","$","E","BOSS"],"build_version":"2019-01-23","purchased_purges":4,"victory":false,"max_hp_per_floor":[82,82,82,82,82,82,82,82,82,82,82,82,82,82,82,82,82,82,82,82,82,82,82,82,82,82,82,82,82,82,82,82,82,82,82,82,82,79,79,79,79,79,79,79,93,93,93,93,93,93,93,93,93,103,103],"card_choices":[{"not_picked":["Go for the Eyes","Storm"],"picked":"Leap","floor":1.0},{"not_picked":["Stack","Cold Snap"],"picked":"Sweeping Beam","floor":2.0},{"not_picked":["Steam","Stack"],"picked":"Undo","floor":3.0},{"not_picked":["Gash","Stack"],"picked":"Ball Lightning","floor":6.0},{"not_picked":["Sweeping Beam","Gash"],"picked":"Lockon","floor":7.0},{"not_picked":["Gash","Fusion"],"picked":"Biased Cognition","floor":8.0},{"not_picked":["Recycle","Darkness"],"picked":"Cold Snap","floor":10.0},{"not_picked":["Turbo","Beam Cell"],"picked":"Fusion","floor":12.0},{"not_picked":["Rebound","Sunder"],"picked":"Loop","floor":13.0},{"not_picked":["Multi-Cast","Biased Cognition"],"picked":"Thunder Strike","floor":16.0},{"not_picked":["Chill+1","Beam Cell","Barrage"],"picked":"SKIP","floor":18.0},{"not_picked":["Compile Driver","Self Repair","Recycle"],"picked":"SKIP","floor":19.0},{"not_picked":["Genetic Algorithm","Steam Power"],"picked":"Melter","floor":23.0},{"not_picked":["Undo","Turbo"],"picked":"Tempest","floor":24.0},{"not_picked":["Consume","Self Repair+1","Blizzard"],"picked":"SKIP","floor":25.0},{"not_picked":["Turbo+1","Rainbow+1","Lockon"],"picked":"SKIP","floor":31.0},{"not_picked":["Buffer+1","Core Surge"],"picked":"Meteor Strike","floor":33.0},{"not_picked":["Sweeping Beam+1","Cold Snap+1","Gash"],"picked":"SKIP","floor":35.0},{"not_picked":["Redo+1","Leap+1"],"picked":"Auto Shields+1","floor":36.0},{"not_picked":["Beam Cell","Ball Lightning"],"picked":"Defragment+1","floor":37.0},{"not_picked":["Steam Power+1","Gash"],"picked":"Reboot+1","floor":39.0},{"not_picked":["Beam Cell","Glacier+1"],"picked":"Reinforced Body+1","floor":40.0},{"not_picked":["Doom and Gloom+1","Steam+1","Gash+1"],"picked":"SKIP","floor":41.0},{"not_picked":["Gash","Steam+1"],"picked":"Leap+1","floor":44.0},{"not_picked":["Reinforced Body+1","Sweeping Beam"],"picked":"Fission+1","floor":45.0},{"not_picked":["Rebound","Hello World+1"],"picked":"Ball Lightning+1","floor":47.0},{"not_picked":["Reinforced Body+1","Go for the Eyes"],"picked":"Glacier+1","floor":54}],"player_experience":313967,"relics_obtained":[{"floor":6.0,"key":"Nunchaku"},{"floor":8.0,"key":"Happy Flower"},{"floor":9.0,"key":"Smiling Mask"},{"floor":10.0,"key":"Dodecahedron"},{"floor":13.0,"key":"Bag of Preparation"},{"floor":22.0,"key":"MawBank"},{"floor":22.0,"key":"Frozen Egg 2"},{"floor":23.0,"key":"Regal Pillow"},{"floor":25.0,"key":"StoneCalendar"},{"floor":26.0,"key":"Art of War"},{"floor":26.0,"key":"Juzu Bracelet"},{"floor":28.0,"key":"Enchiridion"},{"floor":40.0,"key":"Bottled Flame"},{"floor":45.0,"key":"Mango"},{"floor":47.0,"key":"War Paint"},{"floor":54,"key":"Pear"}],"event_choices":[{"damage_healed":0.0,"max_hp_gain":0.0,"max_hp_loss":0.0,"gold_gain":0.0,"event_name":"Living Wall","player_choice":"Grow","floor":4.0,"gold_loss":0.0,"damage_taken":0.0,"cards_upgraded":["Zap"]},{"damage_healed":0.0,"max_hp_gain":0.0,"max_hp_loss":0.0,"gold_gain":0.0,"event_name":"Shining Light","player_choice":"Entered Light","floor":5.0,"gold_loss":0.0,"damage_taken":16.0,"cards_upgraded":["Defend_B","Strike_B"]},{"cards_removed":["Strike_B"],"damage_healed":0.0,"max_hp_gain":0.0,"max_hp_loss":0.0,"gold_gain":0.0,"event_name":"Golden Wing","player_choice":"Card Removal","floor":14.0,"gold_loss":0.0,"damage_taken":7.0},{"damage_healed":0.0,"max_hp_gain":0.0,"max_hp_loss":0.0,"gold_gain":100.0,"event_name":"Golden Shrine","player_choice":"Pray","floor":20.0,"gold_loss":0.0,"damage_taken":0.0},{"damage_healed":0.0,"max_hp_gain":0.0,"max_hp_loss":0.0,"gold_gain":0.0,"event_name":"Addict","player_choice":"Obtained Relic","floor":27.0,"gold_loss":85.0,"damage_taken":0.0,"relics_obtained":["Toxic Egg 2"]},{"damage_healed":0.0,"max_hp_gain":0.0,"max_hp_loss":0.0,"gold_gain":0.0,"event_name":"Cursed Tome","player_choice":"Obtained Book","floor":28.0,"gold_loss":0.0,"damage_taken":16.0},{"cards_removed":["Strike_B"],"damage_healed":0.0,"max_hp_gain":0.0,"max_hp_loss":0.0,"gold_gain":0.0,"event_name":"Back to Basics","player_choice":"Elegance","floor":30.0,"gold_loss":0.0,"damage_taken":0.0},{"cards_removed":["Fusion"],"damage_healed":0.0,"max_hp_gain":0.0,"max_hp_loss":0.0,"gold_gain":0.0,"event_name":"Falling","player_choice":"Removed Skill","floor":42.0,"gold_loss":0.0,"damage_taken":0.0},{"damage_healed":0.0,"max_hp_gain":0.0,"max_hp_loss":0.0,"gold_gain":0.0,"event_name":"Duplicator","player_choice":"Copied","floor":48.0,"gold_loss":0.0,"damage_taken":0.0,"cards_obtained":["Storm"]}],"is_beta":false,"boss_relics":[{"not_picked":["Black Star","Fusion Hammer"],"picked":"Nuclear Battery"},{"not_picked":["Calling Bell","Snecko Eye"],"picked":"Astrolabe"}],"items_purged_floors":[21,29,38,53],"is_endless":false,"potions_floor_spawned":[3,7,10,13,19,23,25,31,36,37,40,44,54],"killed_by":"The Heart","ascension_level":1}