{"path_per_floor":["M","?","$","M","$","E","R","E","T","?","R","M","?","M","R","B",null,"M","?","?","$","M","R","$","R","T","R","M","M","M","M","R"],"character_chosen":"THE_SILENT","items_purchased":["Slice","Bouncing Flask","Noxious Fumes","Oddly Smooth Stone","Acrobatics","PiercingWail"],"gold_per_floor":[117,192,68,78,6,36,36,66,145,145,145,157,186,201,201,278,278,298,298,298,54,68,68,20,20,77,77,89,102,114,125,125,125],"floor_reached":33,"campfire_rested":2,"playtime":1196,"current_hp_per_floor":[59,48,48,48,48,48,48,20,30,55,55,55,45,43,43,20,62,53,53,53,53,22,44,44,44,44,44,39,1,1,1,23,0],"items_purged":["Strike_G"],"gold":125,"score":476,"play_id":"7f10287d-42fd-4752-9139-6a9c13fe14e0","local_time":"20180401085053","is_prod":false,"is_daily":false,"is_ascension_mode":true,"campfire_upgraded":5,"timestamp":1522540253,"path_taken":["M","?","?","M","$","E","R","E","T","?","R","?","?","M","R","BOSS","M","?","?","$","M","R","?","R","T","R","M","M","M","?","R","BOSS"],"build_version":"2018-03-29v2","purchased_purges":1,"victory":false,"master_deck":["Defend_G","Defend_G","Defend_G","Defend_G","Defend_G","Strike_G","Strike_G","Strike_G","Survivor","Neutralize+1","AscendersBane","Riddle With Holes","Slice","Noxious Fumes+1","Bouncing Flask+1","Cloak And Dagger","After Image+1","Blur","Adrenaline","Backflip","Noxious Fumes+1","Acrobatics","Escape Plan","PiercingWail","Backflip"],"max_hp_per_floor":[66,66,66,66,66,66,66,66,76,76,76,76,76,76,76,76,76,76,76,76,76,76,76,76,76,76,76,76,76,76,76,76,76],"relics":["Ring of the Snake","NeowsBlessing","Omamori","Blue Candle","Pear","Odd Mushroom","The Specimen","Oddly Smooth Stone","Tiny Chest"],"card_choices":[{"not_picked":["PiercingWail","Dodge and Roll"],"picked":"Riddle With Holes","floor":1},{"not_picked":["Well Laid Plans","Dagger Spray"],"picked":"Noxious Fumes","floor":4},{"not_picked":["Masterful Stab","Slice"],"picked":"Cloak And Dagger","floor":8},{"not_picked":["Catalyst","Setup"],"picked":"After Image","floor":13},{"not_picked":["Acrobatics","Cloak And Dagger"],"picked":"Blur","floor":14},{"not_picked":["Doppelganger","Storm of Steel"],"picked":"Adrenaline","floor":16},{"not_picked":["Heel Hook","Sucker Punch"],"picked":"Backflip","floor":18},{"not_picked":["Underhanded Strike","PiercingWail"],"picked":"Escape Plan","floor":22},{"not_picked":["Unload","Poisoned Stab"],"picked":"Backflip","floor":28}],"player_experience":394944,"potions_floor_usage":[18,29,30,30],"damage_taken":[{"damage":0,"enemies":"Jaw Worm","floor":1,"turns":1},{"damage":0,"enemies":"Small Slimes","floor":4,"turns":1},{"damage":0,"enemies":"Lagavulin","floor":6,"turns":2},{"damage":28,"enemies":"Gremlin Nob","floor":8,"turns":4},{"damage":0,"enemies":"Cultist","floor":12,"turns":3},{"damage":10,"enemies":"The Mushroom Lair","floor":13,"turns":4},{"damage":2,"enemies":"Exordium Thugs","floor":14,"turns":5},{"damage":23,"enemies":"The Guardian","floor":16,"turns":9},{"damage":9,"enemies":"Shell Parasite","floor":18,"turns":5},{"damage":31,"enemies":"2 Thieves","floor":22,"turns":5},{"damage":5,"enemies":"Centurion and Healer","floor":28,"turns":6},{"damage":38,"enemies":"Cultist and Chosen","floor":29,"turns":7},{"damage":0,"enemies":"3 Cultists","floor":30,"turns":5},{"damage":0,"enemies":"Centurion and Healer","floor":31,"turns":8},{"damage":26,"enemies":"Collector","floor":33,"turns":5}],"event_choices":[{"event_name":"World of Goop","player_choice":"Gather Gold","floor":2,"damage_taken":0},{"event_name":"Big Fish","player_choice":"Banana","floor":10,"damage_taken":0},{"event_name":"Mushrooms","player_choice":"Fought Mushrooms","floor":13,"damage_taken":0},{"event_name":"Drug Dealer","player_choice":"Ignored","floor":19,"damage_taken":0},{"event_name":"Bonfire Elementals","player_choice":"BASIC","floor":20,"damage_taken":0}],"boss_relics":[{"not_picked":["Orrery","Runic Pyramid"],"picked":"The Specimen"}],"potions_floor_spawned":[12,13,14,18,22],"seed_played":"6278188529075516048","killed_by":"Collector","ascension_level":14,"is_trial":false}