{"gold_per_floor":[117,117,137,154,164,164,196,196,196,207,224,224,239,252,252,353,353,373,472,742,760,36,36,62,62,62,87,105,105,120,133,133,232,232,243,263,278,278,0,18,18,38,87,122,122,134,134,165,165,165],"floor_reached":50,"playtime":3146,"items_purged":[],"score":702,"play_id":"48899a1c-45e6-449a-a9a2-e129e0547f4d","local_time":"20181013065151","is_ascension_mode":true,"campfire_choices":[{"data":"Blade Dance","floor":6,"key":"SMITH"},{"data":"Terror","floor":8,"key":"SMITH"},{"data":"Accuracy","floor":12,"key":"SMITH"},{"data":"Cloak And Dagger","floor":15,"key":"SMITH"},{"data":"Finisher","floor":23,"key":"SMITH"},{"data":"Endless Agony","floor":25,"key":"SMITH"},{"data":"Cloak And Dagger","floor":29,"key":"SMITH"},{"data":"Cloak And Dagger","floor":32,"key":"SMITH"},{"data":"A Thousand Cuts","floor":41,"key":"SMITH"},{"data":"Malaise","floor":45,"key":"SMITH"},{"data":"Cloak And Dagger","floor":47,"key":"SMITH"},{"data":"Outmaneuver","floor":49,"key":"SMITH"}],"neow_cost":"NONE","seed_source_timestamp":183085116243967,"circlet_count":0,"master_deck":["Defend_G","Defend_G","Defend_G+1","Defend_G","Defend_G+1","Strike_G","Strike_G","Strike_G","Strike_G","Strike_G+1","Survivor","Neutralize","Cloak And Dagger+1","Blade Dance+1","Quick Slash","Glass Knife","Terror+1","Dagger Spray","Accuracy+1","All Out Attack","Blade Dance+1","Die Die Die","Finisher+1","Blade Dance","Backflip","Cloak And Dagger+1","Cloak And Dagger+1","Cloak And Dagger+1","Footwork","Cloak And Dagger+1","Corpse Explosion","Dagger Spray+1","Dodge and Roll+1","Terror","Backstab+1","A Thousand Cuts+1","Blade Dance+1","Choke+1","Sucker Punch+1","Prepared+1","Cloak And Dagger+1","Malaise+1","Slice+1","Outmaneuver+1"],"relics":["Philosopher\u0027s Stone","Meat on the Bone","Paper Crane","Orrery","Bottled Lightning","War Paint","Toolbox","Gremlin Horn","Letter Opener","Molten Egg 2","WristBlade","Red Mask","Orichalcum","Dream Catcher","WingedGreaves"],"potions_floor_usage":[13,27,28,36,42,42,48,48,50],"damage_taken":[{"damage":0,"enemies":"Small Slimes","floor":1,"turns":5},{"damage":0,"enemies":"Jaw Worm","floor":3,"turns":4},{"damage":0,"enemies":"2 Louse","floor":4,"turns":2},{"damage":11,"enemies":"Exordium Wildlife","floor":5,"turns":4},{"damage":4,"enemies":"3 Sentries","floor":7,"turns":8},{"damage":16,"enemies":"Gremlin Gang","floor":10,"turns":4},{"damage":0,"enemies":"Blue Slaver","floor":11,"turns":2},{"damage":8,"enemies":"Lots of Slimes","floor":13,"turns":4},{"damage":4,"enemies":"3 Louse","floor":14,"turns":2},{"damage":23,"enemies":"Hexaghost","floor":16,"turns":7},{"damage":10,"enemies":"2 Thieves","floor":18,"turns":3},{"damage":0,"enemies":"Spheric Guardian","floor":21,"turns":3},{"damage":15,"enemies":"Gremlin Leader","floor":24,"turns":3},{"damage":0,"enemies":"Slavers","floor":27,"turns":2},{"damage":12,"enemies":"Centurion and Healer","floor":28,"turns":2},{"damage":6,"enemies":"Cultist and Chosen","floor":30,"turns":3},{"damage":0,"enemies":"Sentry and Sphere","floor":31,"turns":3},{"damage":23,"enemies":"Collector","floor":33,"turns":7},{"damage":6,"enemies":"Orb Walker","floor":35,"turns":2},{"damage":0,"enemies":"3 Shapes","floor":36,"turns":1},{"damage":0,"enemies":"Spire Growth","floor":37,"turns":1},{"damage":13,"enemies":"4 Shapes","floor":40,"turns":2},{"damage":0,"enemies":"Transient","floor":42,"turns":5},{"damage":9,"enemies":"2 Orb Walkers","floor":44,"turns":4},{"damage":5,"enemies":"3 Darklings","floor":46,"turns":4},{"damage":12,"enemies":"Nemesis","floor":48,"turns":3},{"damage":72,"enemies":"Awakened One","floor":50,"turns":6}],"seed_played":"-5605671070718888750","potions_obtained":[{"floor":3,"key":"Energy Potion"},{"floor":11,"key":"SneckoOil"},{"floor":13,"key":"Fire Potion"},{"floor":14,"key":"SteroidPotion"},{"floor":16,"key":"GhostInAJar"},{"floor":33,"key":"SkillPotion"},{"floor":36,"key":"Fruit Juice"},{"floor":37,"key":"EssenceOfSteel"},{"floor":42,"key":"Weak Potion"},{"floor":48,"key":"PowerPotion"}],"is_trial":false,"path_per_floor":["M","?","M","M","M","R","E","R","T","M","M","R","M","M","R","B",null,"M","?","?","M","$","R","E","R","T","E","M","R","M","M","R","B",null,"M","M","M","?","?","M","R","M","T","E","R","M","R","E","R"],"character_chosen":"THE_SILENT","items_purchased":["Bottled Lightning","War Paint","Toolbox","Footwork","Cloak And Dagger"],"campfire_rested":0,"item_purchase_floors":[22,22,22,22,22],"current_hp_per_floor":[70,56,56,56,45,45,41,41,41,37,37,37,41,37,37,26,70,60,60,32,44,44,44,41,41,41,41,41,41,47,47,47,36,70,64,69,69,69,69,56,56,56,56,47,47,42,42,42,42,0],"gold":165,"neow_bonus":"BOSS_RELIC","is_prod":false,"is_daily":false,"chose_seed":false,"campfire_upgraded":12,"win_rate":0,"timestamp":1539438711,"path_taken":["M","?","M","M","M","R","E","R","T","M","M","R","M","M","R","BOSS","M","?","?","M","$","R","E","R","T","E","M","R","M","M","R","BOSS","M","M","?","?","?","M","R","M","T","E","R","M","R","E","R","BOSS"],"build_version":"2018-10-11","purchased_purges":0,"victory":false,"max_hp_per_floor":[70,70,70,70,70,70,70,70,70,70,70,70,70,70,70,70,70,70,70,70,70,70,70,70,70,70,70,70,70,70,70,70,70,70,70,75,75,75,75,75,75,75,75,75,75,75,75,75,75,75],"card_choices":[{"not_picked":["Slice","Sucker Punch"],"picked":"Cloak And Dagger","floor":1},{"not_picked":["Dodge and Roll","Poisoned Stab"],"picked":"Blade Dance","floor":3},{"not_picked":["Poisoned Stab","Deadly Poison"],"picked":"Quick Slash","floor":4},{"not_picked":["Bouncing Flask","Catalyst"],"picked":"Glass Knife","floor":5},{"not_picked":["Dagger Spray","Calculated Gamble"],"picked":"Terror","floor":7},{"not_picked":["Underhanded Strike","Noxious Fumes"],"picked":"Dagger Spray","floor":10},{"not_picked":["Dodge and Roll","PiercingWail"],"picked":"Accuracy","floor":11},{"not_picked":["Deadly Poison","Bane"],"picked":"All Out Attack","floor":13},{"not_picked":["Dagger Throw","Acrobatics"],"picked":"Blade Dance","floor":14},{"not_picked":["Wraith Form v2","Grand Finale"],"picked":"Die Die Die","floor":16},{"not_picked":["Cloak And Dagger","Flying Knee"],"picked":"Finisher","floor":17},{"not_picked":["Prepared","Poisoned Stab"],"picked":"Endless Agony","floor":17},{"not_picked":["Eviscerate","Prepared"],"picked":"Blade Dance","floor":17},{"not_picked":["Grand Finale","Poisoned Stab"],"picked":"Backflip","floor":17},{"not_picked":["Predator","Outmaneuver"],"picked":"Cloak And Dagger","floor":17},{"not_picked":["PiercingWail+1","Backflip"],"picked":"Cloak And Dagger+1","floor":18},{"not_picked":["Noxious Fumes","Poisoned Stab"],"picked":"Cloak And Dagger","floor":21},{"not_picked":["Noxious Fumes+1","Dodge and Roll"],"picked":"Corpse Explosion","floor":24},{"not_picked":["Acrobatics","Dagger Throw"],"picked":"Dagger Spray","floor":27},{"not_picked":["All Out Attack+1","Quick Slash+1"],"picked":"Dodge and Roll+1","floor":28},{"not_picked":["Acrobatics","Tactician"],"picked":"Terror","floor":30},{"not_picked":["Skewer+1","Well Laid Plans+1"],"picked":"Backstab+1","floor":31},{"not_picked":["Die Die Die+1","Corpse Explosion"],"picked":"A Thousand Cuts","floor":33},{"not_picked":["All Out Attack+1","Dash+1"],"picked":"Blade Dance+1","floor":35},{"not_picked":["Poisoned Stab+1","Acrobatics+1"],"picked":"Choke+1","floor":36},{"not_picked":["Skewer+1","Poisoned Stab+1"],"picked":"Sucker Punch+1","floor":37},{"not_picked":["Bane+1","Dodge and Roll"],"picked":"Prepared+1","floor":40},{"not_picked":["Quick Slash+1","Dagger Throw+1"],"picked":"Cloak And Dagger+1","floor":42},{"not_picked":["Flechettes+1","Tactician+1"],"picked":"Malaise","floor":44},{"not_picked":["Cloak And Dagger","Underhanded Strike+1"],"picked":"Slice+1","floor":46},{"not_picked":["Quick Slash+1","Footwork"],"picked":"Outmaneuver","floor":48}],"player_experience":240749,"relics_obtained":[{"floor":7,"key":"Meat on the Bone"},{"floor":9,"key":"Paper Crane"},{"floor":24,"key":"Gremlin Horn"},{"floor":26,"key":"Letter Opener"},{"floor":27,"key":"Molten Egg 2"},{"floor":43,"key":"Orichalcum"},{"floor":44,"key":"Dream Catcher"},{"floor":48,"key":"WingedGreaves"}],"event_choices":[{"event_name":"Shining Light","player_choice":"Entered Light","floor":2,"damage_taken":0},{"event_name":"Nest","player_choice":"Stole From Cult","floor":19,"damage_taken":0},{"event_name":"Knowing Skull","player_choice":"GOLD GOLD GOLD ","floor":20,"damage_taken":0},{"event_name":"Falling","player_choice":"Removed Attack","floor":38,"damage_taken":0},{"event_name":"Tomb of Lord Red Mask","player_choice":"Paid","floor":39,"damage_taken":0}],"is_beta":false,"boss_relics":[{"not_picked":["Cursed Key","Fusion Hammer"],"picked":"Orrery"},{"not_picked":["Calling Bell","White Beast Statue"],"picked":"WristBlade"}],"items_purged_floors":[],"is_endless":false,"potions_floor_spawned":[3,11,13,14,16,18,21,33,36,37,42,48],"killed_by":"Awakened One","ascension_level":1}