{"gold_per_floor":[117,16,16,30,47,72,72,92,92,68,79,79,79,99,99,195,195,210,133,164,164,178,178,189,189,261,291,309,309,5,5,5,102,102,122,141,141,16,32,59,59,59],"floor_reached":42,"playtime":2607,"items_purged":["Strike_B","Gash","Fusion"],"score":535,"play_id":"7601f150-84bf-4756-83c0-b95f7f0a88a3","local_time":"20190306014004","is_ascension_mode":true,"campfire_choices":[{"data":"Multi-Cast","floor":7.0,"key":"SMITH"},{"data":"White Noise","floor":13.0,"key":"SMITH"},{"data":"Leap","floor":15.0,"key":"SMITH"},{"data":"Dualcast","floor":23.0,"key":"SMITH"},{"data":"Go for the Eyes","floor":25.0,"key":"SMITH"},{"data":"Consume","floor":29,"key":"SMITH"},{"floor":32,"key":"REST"},{"floor":41,"key":"REST"}],"neow_cost":"NONE","seed_source_timestamp":0,"circlet_count":0,"master_deck":["Zap","Dualcast+1","Melter","Conserve Battery","Leap+1","Multi-Cast+1","Go for the Eyes+1","White Noise+1","Conserve Battery","Rainbow","Steam","Core Surge","Double Energy","Auto Shields","Cold Snap","Consume+1","Chill","Ball Lightning+1","Hologram+1","Thinking Ahead","Acrobatics+1","Stack+1"],"special_seed":0,"relics":["Cracked Core","NeowsBlessing","Symbiotic Virus","Meat on the Bone","Pandora\u0027s Box","Red Mask","Mercury Hourglass","Frozen Egg 2","PrismaticShard","Nuclear Battery","Oddly Smooth Stone"],"potions_floor_usage":[33,33,36,40],"damage_taken":[{"damage":0.0,"enemies":"Small Slimes","floor":1.0,"turns":1.0},{"damage":0.0,"enemies":"Cultist","floor":4.0,"turns":1.0},{"damage":0.0,"enemies":"2 Louse","floor":5.0,"turns":1.0},{"damage":20.0,"enemies":"3 Sentries","floor":6.0,"turns":7.0},{"damage":0.0,"enemies":"Large Slime","floor":8.0,"turns":3.0},{"damage":0.0,"enemies":"Looter","floor":11.0,"turns":3.0},{"damage":0.0,"enemies":"3 Louse","floor":14.0,"turns":3.0},{"damage":12.0,"enemies":"The Guardian","floor":16.0,"turns":6.0},{"damage":0.0,"enemies":"Spheric Guardian","floor":18.0,"turns":3.0},{"damage":0.0,"enemies":"Masked Bandits","floor":20.0,"turns":3.0},{"damage":1.0,"enemies":"2 Thieves","floor":22.0,"turns":4.0},{"damage":40.0,"enemies":"3 Cultists","floor":24.0,"turns":5.0},{"damage":27,"enemies":"Book of Stabbing","floor":27,"turns":5},{"damage":6,"enemies":"Snake Plant","floor":28,"turns":3},{"damage":35,"enemies":"Automaton","floor":33,"turns":9},{"damage":0,"enemies":"3 Shapes","floor":35,"turns":5},{"damage":13,"enemies":"3 Darklings","floor":36,"turns":6},{"damage":0,"enemies":"Sphere and 2 Shapes","floor":39,"turns":4},{"damage":55,"enemies":"Reptomancer","floor":40,"turns":10},{"damage":45,"enemies":"Giant Head","floor":42,"turns":9}],"seed_played":"-7053858624544660609","potions_obtained":[{"floor":1.0,"key":"FocusPotion"},{"floor":5.0,"key":"Dexterity Potion"},{"floor":16.0,"key":"LiquidBronze"},{"floor":20.0,"key":"FocusPotion"},{"floor":24.0,"key":"GamblersBrew"},{"floor":28,"key":"LiquidBronze"},{"floor":33,"key":"LiquidBronze"},{"floor":36,"key":"Energy Potion"}],"is_trial":false,"path_per_floor":["M","$","?","M","M","E","R","M","T","$","M","?","R","M","R","B",null,"M","$","?","?","M","R","M","R","T","E","M","R","$","?","R","B",null,"M","M","?","$","M","E","R","E"],"character_chosen":"DEFECT","items_purchased":["Conserve Battery","Go for the Eyes","Consume","PrismaticShard"],"campfire_rested":2,"item_purchase_floors":[2,10,19,30],"current_hp_per_floor":[75,75,75,75,75,55,55,55,55,55,55,55,55,55,55,43,75,75,75,75,75,74,74,46,46,46,31,37,37,37,37,59,36,75,75,62,62,62,62,19,40,0],"gold":59,"neow_bonus":"THREE_ENEMY_KILL","is_prod":false,"is_daily":false,"chose_seed":false,"campfire_upgraded":6,"win_rate":0,"timestamp":1551865204,"path_taken":["M","$","?","?","M","E","R","M","T","$","?","?","R","M","R","BOSS","M","$","?","?","M","R","M","R","T","E","M","R","$","?","R","BOSS","M","M","?","$","M","E","R","E"],"build_version":"2019-01-23","purchased_purges":3,"victory":false,"max_hp_per_floor":[75,75,75,75,75,75,75,75,75,75,75,75,75,75,75,75,75,75,75,75,75,75,75,75,75,75,75,75,75,75,75,75,75,75,75,75,71,71,71,71,71,71],"card_choices":[{"not_picked":["Consume","Rebound"],"picked":"Melter","floor":1.0},{"not_picked":["Streamline","Rebound","Hologram"],"picked":"SKIP","floor":4.0},{"not_picked":["Turbo","Undo"],"picked":"Leap","floor":5.0},{"not_picked":["Steam","Auto Shields"],"picked":"Multi-Cast","floor":6.0},{"not_picked":["Barrage","Beam Cell","Hologram"],"picked":"SKIP","floor":8.0},{"not_picked":["Go for the Eyes","Rip and Tear"],"picked":"White Noise","floor":11.0},{"not_picked":["Compile Driver","Streamline"],"picked":"Conserve Battery","floor":14.0},{"not_picked":["Fission","Hyperbeam"],"picked":"Rainbow","floor":16.0},{"not_picked":["Sweeping Beam","Loop"],"picked":"Cold Snap","floor":18.0},{"not_picked":["Coolheaded","BootSequence"],"picked":"Chill","floor":20.0},{"not_picked":["Compile Driver","Coolheaded"],"picked":"Ball Lightning+1","floor":22.0},{"not_picked":["Rebound","Consume+1","Genetic Algorithm"],"picked":"SKIP","floor":24.0},{"not_picked":["Genetic Algorithm+1","Sweeping Beam"],"picked":"Hologram+1","floor":27},{"not_picked":["Hologram","Turbo","Undo"],"picked":"SKIP","floor":28},{"not_picked":["Envenom+1","Metamorphosis"],"picked":"Thinking Ahead","floor":33},{"not_picked":["Riddle With Holes+1","Poisoned Stab+1","FTL"],"picked":"SKIP","floor":35},{"not_picked":["Madness+1","Deep Breath"],"picked":"Acrobatics+1","floor":36},{"not_picked":["Coolheaded+1","Sever Soul"],"picked":"Stack+1","floor":39},{"not_picked":["Melter+1","Pummel","Anger+1"],"picked":"SKIP","floor":40}],"player_experience":294527,"relics_obtained":[{"floor":6.0,"key":"Symbiotic Virus"},{"floor":9.0,"key":"Meat on the Bone"},{"floor":20.0,"key":"Red Mask"},{"floor":26.0,"key":"Mercury Hourglass"},{"floor":27,"key":"Frozen Egg 2"},{"floor":40,"key":"Oddly Smooth Stone"}],"event_choices":[{"cards_removed":["Strike_B"],"damage_healed":0.0,"max_hp_gain":0.0,"max_hp_loss":0.0,"gold_gain":0.0,"event_name":"Bonfire Elementals","player_choice":"Offered Basic","floor":3.0,"gold_loss":0.0,"damage_taken":0.0},{"damage_healed":0.0,"max_hp_gain":0.0,"max_hp_loss":0.0,"gold_gain":0.0,"event_name":"Liars Game","player_choice":"Ignored","floor":12.0,"gold_loss":0.0,"damage_taken":0.0},{"damage_healed":0.0,"max_hp_gain":0.0,"max_hp_loss":0.0,"gold_gain":0.0,"event_name":"Masked Bandits","player_choice":"Fought Bandits","floor":20.0,"gold_loss":0.0,"damage_taken":0.0},{"damage_healed":0.0,"max_hp_gain":0.0,"max_hp_loss":0.0,"gold_gain":0.0,"event_name":"Ghosts","player_choice":"Ignored","floor":21.0,"gold_loss":0.0,"damage_taken":0.0},{"damage_healed":0,"gold_gain":0,"player_choice":"Ignored","damage_taken":0,"max_hp_gain":0,"max_hp_loss":0,"event_name":"Vampires","floor":31,"gold_loss":0},{"damage_healed":0,"gold_gain":0,"player_choice":"Max HP","damage_taken":0,"max_hp_gain":0,"max_hp_loss":4,"event_name":"Winding Halls","floor":37,"gold_loss":0}],"is_beta":false,"boss_relics":[{"not_picked":["Philosopher\u0027s Stone","Orrery"],"picked":"Pandora\u0027s Box"},{"not_picked":["Velvet Choker","Busted Crown"],"picked":"Nuclear Battery"}],"items_purged_floors":[2,30,38],"is_endless":false,"potions_floor_spawned":[1,5,16,20,24,28,33,36],"killed_by":"Giant Head","ascension_level":4}