{"gold_per_floor":[114,114,38,49,110,142,142,317,343,343,355,63,63,63,63,193,193],"floor_reached":17,"playtime":643,"items_purged":["Regret"],"score":229,"play_id":"9a7d3243-c233-4562-977d-e1d6670aa646","local_time":"20190307205939","is_ascension_mode":true,"campfire_choices":[{"data":"Neutralize","floor":7,"key":"SMITH"},{"data":"Footwork","floor":15,"key":"SMITH"}],"neow_cost":"NONE","seed_source_timestamp":20598299700669,"circlet_count":0,"master_deck":["Defend_G","Defend_G","Defend_G","Defend_G","Defend_G","Strike_G","Strike_G","Strike_G","Strike_G","Strike_G","Survivor","Neutralize+1","Backstab+1","Crippling Poison","Corpse Explosion","Well Laid Plans","Footwork+1","Crippling Poison","Malaise","Decay","Pain","Clumsy"],"relics":["Ring of the Snake","NeowsBlessing","Centennial Puzzle","Potion Belt","Golden Idol","Calling Bell","Dream Catcher","Sundial","Girya"],"potions_floor_usage":[16,16],"damage_taken":[{"damage":0,"enemies":"Jaw Worm","floor":1,"turns":1},{"damage":0,"enemies":"Small Slimes","floor":4,"turns":1},{"damage":0,"enemies":"Gremlin Nob","floor":6,"turns":1},{"damage":0,"enemies":"2 Louse","floor":11,"turns":1},{"damage":28,"enemies":"Hexaghost","floor":16,"turns":11}],"seed_played":"1783948879051147056","potions_obtained":[{"floor":1,"key":"Block Potion"},{"floor":4,"key":"SkillPotion"}],"is_trial":false,"path_per_floor":["M","?","$","M","?","E","R","?","T","?","M","$","?","?","R","B",null],"character_chosen":"THE_SILENT","items_purchased":["Crippling Poison","Footwork","Block Potion","FearPotion","Crippling Poison"],"campfire_rested":0,"item_purchase_floors":[3,12,12,12,12],"current_hp_per_floor":[63,63,63,63,63,63,63,63,63,63,63,63,63,63,63,35,58],"gold":193,"neow_bonus":"THREE_ENEMY_KILL","is_prod":false,"is_daily":false,"chose_seed":false,"campfire_upgraded":2,"win_rate":0,"timestamp":1552013979,"path_taken":["M","?","$","M","?","E","R","?","T","?","?","$","?","?","R","BOSS"],"build_version":"2019-01-23","purchased_purges":1,"victory":false,"max_hp_per_floor":[70,70,70,70,70,70,70,70,70,70,70,70,65,65,65,65,65],"card_choices":[{"not_picked":["Prepared","Bane"],"picked":"Backstab","floor":1},{"not_picked":["Outmaneuver","Underhanded Strike","Distraction"],"picked":"SKIP","floor":4},{"not_picked":["Blade Dance","Dagger Spray"],"picked":"Corpse Explosion","floor":6},{"not_picked":["Terror","Dagger Spray"],"picked":"Well Laid Plans","floor":11},{"not_picked":["Unload","Night Terror"],"picked":"Malaise","floor":16}],"player_experience":275578,"relics_obtained":[{"floor":6,"key":"Centennial Puzzle"},{"floor":9,"key":"Potion Belt"},{"floor":17,"key":"Dream Catcher"},{"floor":17,"key":"Sundial"},{"floor":17,"key":"Girya"}],"event_choices":[{"damage_healed":0,"gold_gain":0,"player_choice":"Grow","damage_taken":0,"max_hp_gain":0,"max_hp_loss":0,"event_name":"Living Wall","floor":2,"gold_loss":0,"cards_upgraded":["Backstab"]},{"damage_healed":0,"gold_gain":61,"player_choice":"Gained Gold","damage_taken":0,"max_hp_gain":0,"max_hp_loss":0,"event_name":"Golden Wing","floor":5,"gold_loss":0},{"damage_healed":0,"gold_gain":175,"player_choice":"AGREE","damage_taken":0,"max_hp_gain":0,"max_hp_loss":0,"event_name":"Liars Game","floor":8,"gold_loss":0,"cards_obtained":["Doubt"]},{"damage_healed":0,"gold_gain":0,"cards_transformed":["Doubt"],"player_choice":"Transformed","damage_taken":0,"max_hp_gain":0,"max_hp_loss":0,"event_name":"Transmorgrifier","floor":10,"gold_loss":0,"cards_obtained":["Regret"]},{"damage_healed":0,"gold_gain":0,"player_choice":"Lose Max HP","damage_taken":0,"relics_obtained":["Golden Idol"],"max_hp_gain":0,"max_hp_loss":5,"event_name":"Golden Idol","floor":13,"gold_loss":0},{"damage_healed":0,"gold_gain":0,"player_choice":"Leave","damage_taken":0,"max_hp_gain":0,"max_hp_loss":0,"event_name":"The Cleric","floor":14,"gold_loss":0}],"is_beta":false,"boss_relics":[{"not_picked":["Fusion Hammer","Empty Cage"],"picked":"Calling Bell"}],"items_purged_floors":[12],"is_endless":false,"potions_floor_spawned":[1,4],"ascension_level":6}