{"gold_per_floor":[113,113,113,128,203,247,18,18,66,84,102,102],"floor_reached":12,"playtime":269,"items_purged":[],"score":191,"play_id":"6a2c95c5-6456-4379-8f55-3968bd3dfeb3","local_time":"20190116114800","is_ascension_mode":true,"campfire_choices":[],"neow_cost":"NONE","seed_source_timestamp":502337613064900,"circlet_count":0,"master_deck":["AscendersBane","Strike_B","Strike_B","Strike_B","Strike_B","Defend_B","Defend_B","Defend_B","Defend_B","Zap","Dualcast","Beam Cell","Consume","Gash","Sweeping Beam","Hologram","Defragment"],"relics":["Cracked Core","NeowsBlessing","Golden Idol","Girya","PreservedInsect","Ancient Tea Set"],"potions_floor_usage":[11,12],"damage_taken":[{"damage":0,"enemies":"2 Louse","floor":1,"turns":1},{"damage":0,"enemies":"Small Slimes","floor":4,"turns":1},{"damage":0,"enemies":"Gremlin Nob","floor":6,"turns":1},{"damage":7,"enemies":"Jaw Worm","floor":10,"turns":3},{"damage":26,"enemies":"Exordium Wildlife","floor":11,"turns":5},{"damage":10,"enemies":"Lagavulin","floor":12,"turns":3}],"seed_played":"-1698680340605547521","potions_obtained":[{"floor":4,"key":"FocusPotion"},{"floor":10,"key":"AttackPotion"}],"is_trial":false,"path_per_floor":["M","?","?","M","?","E","$","$","T","M","M","E"],"character_chosen":"DEFECT","items_purchased":["PreservedInsect","Sweeping Beam"],"campfire_rested":0,"item_purchase_floors":[7,7],"current_hp_per_floor":[64,40,45,45,34,34,34,34,34,27,1,0],"gold":102,"neow_bonus":"THREE_ENEMY_KILL","is_prod":false,"is_daily":false,"chose_seed":false,"campfire_upgraded":0,"win_rate":0,"timestamp":1547668080,"path_taken":["M","?","?","M","?","E","?","$","T","M","M","E"],"build_version":"2019-01-10","purchased_purges":0,"victory":false,"max_hp_per_floor":[71,71,76,76,76,76,76,76,76,76,76,76],"card_choices":[{"not_picked":["Steam","Steam Power"],"picked":"Beam Cell","floor":1},{"not_picked":["Rip and Tear","Cold Snap"],"picked":"Consume","floor":4},{"not_picked":["Coolheaded","Force Field"],"picked":"Gash","floor":6},{"not_picked":["Reprogram","Steam"],"picked":"Hologram","floor":10},{"not_picked":["Sweeping Beam","Coolheaded"],"picked":"Defragment","floor":11}],"player_experience":499780,"relics_obtained":[{"floor":6,"key":"Girya"},{"floor":9,"key":"Ancient Tea Set"}],"event_choices":[{"damage_healed":0,"gold_gain":0,"player_choice":"Take Damage","damage_taken":24,"relics_obtained":["Golden Idol"],"max_hp_gain":0,"max_hp_loss":0,"event_name":"Golden Idol","floor":2,"gold_loss":0},{"damage_healed":0,"gold_gain":0,"player_choice":"Donut","damage_taken":0,"max_hp_gain":5,"max_hp_loss":0,"event_name":"Big Fish","floor":3,"gold_loss":0},{"damage_healed":0,"gold_gain":75,"player_choice":"Gather Gold","damage_taken":11,"max_hp_gain":0,"max_hp_loss":0,"event_name":"World of Goop","floor":5,"gold_loss":0}],"is_beta":false,"boss_relics":[],"items_purged_floors":[],"is_endless":false,"potions_floor_spawned":[4,10],"killed_by":"Lagavulin","ascension_level":17}