{"path_per_floor":["M","M","M","?","M","R","E","R","T","R","M","E","?","$","R","B",null],"character_chosen":"DEFECT","items_purchased":[],"gold_per_floor":[12,24,36,36,47,47,74,74,124,124,143,175,175,100,100,201,201,201],"floor_reached":18,"campfire_rested":1,"playtime":551,"item_purchase_floors":[],"current_hp_per_floor":[75,63,62,62,52,52,32,32,32,32,30,13,13,13,35,20,75,66],"items_purged":["Strike_B"],"gold":201,"score":196,"play_id":"e95c872f-ee59-4fbf-89bd-3aa8fb85546b","local_time":"20180603163343","is_prod":false,"is_daily":false,"chose_seed":false,"is_ascension_mode":true,"campfire_upgraded":3,"win_rate":0,"timestamp":1528011223,"campfire_choices":[{"data":"Echo Form","floor":6.0,"key":"SMITH"},{"data":"Sunder","floor":8.0,"key":"SMITH"},{"data":"Doom and Gloom","floor":10.0,"key":"SMITH"},{"floor":15.0,"key":"REST"}],"path_taken":["M","?","M","?","?","R","E","R","T","R","M","E","?","?","R","BOSS","M"],"build_version":"2018-05-31","seed_source_timestamp":871193351909640,"purchased_purges":1,"victory":false,"master_deck":["Defend_B","Defend_B","Zap","Dualcast","Sunder+1","Hello World","Doom and Gloom+1","Echo Form+1","Beam Cell","Skim","Leap","Seek","Buffer+1","Redo+1","Fission+1"],"max_hp_per_floor":[75,75,75,75,75,75,75,75,75,75,75,75,75,75,75,75,75,75],"relics":["Cracked Core","Frozen Egg 2","Happy Flower","Dream Catcher","Astrolabe"],"card_choices":[{"not_picked":["Turbo","Rebound"],"picked":"Sunder","floor":1.0},{"not_picked":["Coolheaded","Lockon"],"picked":"Hello World","floor":2.0},{"not_picked":["Conserve Battery","Loop"],"picked":"Doom and Gloom","floor":3.0},{"not_picked":["Sweeping Beam","Redo"],"picked":"Echo Form","floor":5.0},{"not_picked":["Chaos","Redo","White Noise"],"picked":"SKIP","floor":7.0},{"not_picked":["Aggregate","Hologram"],"picked":"Beam Cell","floor":11.0},{"not_picked":["Compile Driver","Doom and Gloom"],"picked":"Skim","floor":12.0},{"not_picked":["Sweeping Beam","Steam"],"picked":"Leap","floor":15.0},{"not_picked":["Amplify","All For One"],"picked":"Seek","floor":16}],"player_experience":481519,"potions_floor_usage":[],"damage_taken":[{"damage":0.0,"enemies":"Cultist","floor":1.0,"turns":3.0},{"damage":12.0,"enemies":"Jaw Worm","floor":2.0,"turns":2.0},{"damage":1.0,"enemies":"2 Louse","floor":3.0,"turns":2.0},{"damage":10.0,"enemies":"Lots of Slimes","floor":5.0,"turns":2.0},{"damage":20.0,"enemies":"Lagavulin","floor":7.0,"turns":6.0},{"damage":2.0,"enemies":"Exordium Wildlife","floor":11.0,"turns":4.0},{"damage":17.0,"enemies":"3 Sentries","floor":12.0,"turns":3.0},{"damage":15,"enemies":"Hexaghost","floor":16,"turns":9},{"damage":9,"enemies":"Shell Parasite","floor":18,"turns":2}],"relics_obtained":[{"floor":7.0,"key":"Frozen Egg 2"},{"floor":9.0,"key":"Happy Flower"},{"floor":12.0,"key":"Dream Catcher"}],"event_choices":[{"event_name":"The Cleric","player_choice":"Leave","floor":4.0,"damage_taken":0.0},{"event_name":"Shining Light","player_choice":"Ignored","floor":13.0,"damage_taken":0.0}],"boss_relics":[{"not_picked":["Black Star","Tiny House"],"picked":"Astrolabe"}],"items_purged_floors":[],"potions_floor_spawned":[1,7,12,16],"seed_played":"-5504813445304418426","killed_by":"Shell Parasite","ascension_level":3,"potions_obtained":[{"floor":1.0,"key":"SpeedPotion"},{"floor":7.0,"key":"Swift Potion"},{"floor":12.0,"key":"Energy Potion"},{"floor":16,"key":"SteroidPotion"}],"is_trial":false}