{"gold_per_floor":[109,259,259,259,284,328,328,368,443,443,79,79,104,104,104,194,194,215,340,340,38,54,89,89,6,6,6,31,31,31,71,71,164,164,178,241,241,23,42,77,77,410,410,410,460,560,585,603,603,603],"floor_reached":50,"playtime":6032,"items_purged":["Doubt"],"score":1226,"play_id":"b23fe72f-5470-499b-a1ae-804385d1e9a8","local_time":"20190218213139","is_ascension_mode":true,"campfire_choices":[{"floor":7,"key":"REST"},{"floor":10,"key":"REST"},{"floor":12,"key":"REST"},{"data":"Zap","floor":15,"key":"SMITH"},{"floor":24,"key":"REST"},{"data":"Seek","floor":32,"key":"SMITH"},{"floor":44,"key":"RECALL"},{"floor":49,"key":"REST"}],"neow_cost":"NONE","seed_source_timestamp":21723524311686,"circlet_count":0,"master_deck":["AscendersBane","Defend_B","Zap+1","Go for the Eyes","Ball Lightning","Gash","Sweeping Beam","Genetic Algorithm","Cold Snap","Finesse","Chill","Ball Lightning","Seek+1","Streamline+1","Chill+1","Self Repair+1","Gash","FTL+1","Cold Snap+1","Chill","Chill","Sweeping Beam+1","Capacitor","Scrape+1","Compile Driver+1","Barrage+1","Redo","Hyperbeam+1","Thunder Strike+1","Gash+1","Thunder Strike+1","Beam Cell+1","Blizzard+1","Turbo+1","Rainbow"],"relics":["Cracked Core","Juzu Bracelet","Centennial Puzzle","Gambling Chip","Sundial","Astrolabe","Prayer Wheel","Molten Egg 2","Enchiridion","DataDisk","Calipers","Bottled Lightning","Art of War","Nuclear Battery","Pocketwatch","Anchor","Letter Opener","Ice Cream","Bag of Preparation"],"potions_floor_usage":[6,19,19,36,40],"damage_taken":[{"damage":7,"enemies":"Small Slimes","floor":1,"turns":3},{"damage":4,"enemies":"2 Louse","floor":5,"turns":2},{"damage":30,"enemies":"Gremlin Nob","floor":6,"turns":4},{"damage":32,"enemies":"Lagavulin","floor":8,"turns":7},{"damage":0,"enemies":"Cultist","floor":13,"turns":3},{"damage":32,"enemies":"Hexaghost","floor":16,"turns":8},{"damage":5,"enemies":"Chosen","floor":18,"turns":4},{"damage":9,"enemies":"Colosseum Slavers","floor":19,"turns":3},{"damage":29,"enemies":"Colosseum Nobs","floor":19,"turns":6},{"damage":7,"enemies":"Spheric Guardian","floor":22,"turns":4},{"damage":9,"enemies":"Slavers","floor":23,"turns":6},{"damage":9,"enemies":"Snake Plant","floor":28,"turns":4},{"damage":0,"enemies":"Gremlin Leader","floor":31,"turns":8},{"damage":10,"enemies":"Champ","floor":33,"turns":8},{"damage":0,"enemies":"Orb Walker","floor":35,"turns":2},{"damage":20,"enemies":"2 Orb Walkers","floor":36,"turns":5},{"damage":1,"enemies":"3 Shapes","floor":39,"turns":2},{"damage":5,"enemies":"Reptomancer","floor":40,"turns":6},{"damage":0,"enemies":"Mind Bloom Boss Battle","floor":46,"turns":4},{"damage":60,"enemies":"Giant Head","floor":47,"turns":7},{"damage":10,"enemies":"Spire Growth","floor":48,"turns":3},{"damage":38,"enemies":"Time Eater","floor":50,"turns":5}],"seed_played":"-523322258629258744","potions_obtained":[{"floor":1,"key":"FearPotion"},{"floor":8,"key":"Ancient Potion"},{"floor":16,"key":"Regen Potion"},{"floor":28,"key":"Fire Potion"},{"floor":31,"key":"SpeedPotion"},{"floor":33,"key":"Dexterity Potion"}],"is_trial":false,"path_per_floor":["M","?","?","?","M","E","R","E","T","R","$","R","M","?","R","B",null,"M","?","?","$","M","E","R","$","T","?","M","?","?","E","R","B",null,"M","?","?","$","M","E","?","?","T","R","?","?","E","M","R","B"],"character_chosen":"DEFECT","items_purchased":["Genetic Algorithm","Cold Snap","Finesse","Chill","DataDisk","Cold Snap+1","Chill","Scrape+1","Anchor","AttackPotion"],"campfire_rested":5,"item_purchase_floors":[11,11,11,11,21,21,21,25,38,38],"current_hp_per_floor":[57,57,57,57,53,23,42,10,10,29,29,48,48,41,41,9,50,45,36,15,15,18,19,38,38,38,38,39,39,39,49,49,49,60,64,54,54,54,63,64,64,64,64,64,58,64,14,14,33,0],"gold":603,"neow_bonus":"RANDOM_COMMON_RELIC","is_prod":false,"is_daily":false,"chose_seed":false,"campfire_upgraded":2,"win_rate":0,"timestamp":1550521899,"path_taken":["M","?","?","?","M","E","R","E","T","R","$","R","M","?","R","BOSS","M","?","?","$","M","E","R","$","T","?","M","?","?","E","R","BOSS","M","?","?","$","M","E","?","?","T","R","?","?","E","M","R","BOSS"],"build_version":"2019-02-06","purchased_purges":1,"victory":false,"max_hp_per_floor":[71,71,64,64,64,64,64,64,64,64,64,64,64,64,64,64,64,64,64,64,64,64,64,64,64,64,64,64,64,64,64,64,64,64,64,64,64,64,64,64,64,64,64,64,64,64,64,64,64,64],"card_choices":[{"not_picked":["Static Discharge","Conserve Battery","Barrage"],"picked":"SKIP","floor":1},{"not_picked":["Loop","Compile Driver"],"picked":"Ball Lightning","floor":5},{"not_picked":["Hologram","Redo"],"picked":"Gash","floor":6},{"not_picked":["Fusion","Darkness"],"picked":"Sweeping Beam","floor":8},{"not_picked":["Auto Shields","Sunder"],"picked":"Ball Lightning","floor":13},{"not_picked":["Fission","Amplify"],"picked":"Seek","floor":16},{"not_picked":["Chaos+1","Melter"],"picked":"Gash","floor":18},{"not_picked":["Scrape","Reinforced Body"],"picked":"FTL","floor":19},{"not_picked":["Steam","Genetic Algorithm"],"picked":"Chill","floor":22},{"not_picked":["Ball Lightning+1","Turbo"],"picked":"Sweeping Beam+1","floor":22},{"not_picked":["Biased Cognition","Turbo"],"picked":"Capacitor","floor":23},{"not_picked":["Ball Lightning+1","Genetic Algorithm"],"picked":"Compile Driver+1","floor":28},{"not_picked":["Glacier+1","Sunder+1"],"picked":"Barrage+1","floor":28},{"not_picked":["Double Energy","Turbo","White Noise"],"picked":"SKIP","floor":31},{"not_picked":["Rainbow","Hyperbeam+1"],"picked":"Thunder Strike+1","floor":33},{"not_picked":["Hologram","Sweeping Beam+1"],"picked":"Gash+1","floor":35},{"not_picked":["Auto Shields","Hologram"],"picked":"Thunder Strike+1","floor":35},{"not_picked":["Cold Snap+1","Conserve Battery+1"],"picked":"Beam Cell+1","floor":36},{"not_picked":["Chaos","Go for the Eyes+1"],"picked":"Blizzard+1","floor":39},{"not_picked":["Turbo","Loop","BootSequence"],"picked":"SKIP","floor":39},{"not_picked":["Turbo","Conserve Battery","Redo"],"picked":"SKIP","floor":40},{"not_picked":["Darkness+1","Hello World"],"picked":"Turbo+1","floor":47},{"not_picked":["Steam Power+1","Leap+1"],"picked":"Rainbow","floor":48},{"not_picked":["Undo","Leap","Sweeping Beam+1"],"picked":"SKIP","floor":48}],"player_experience":1242168,"relics_obtained":[{"floor":6,"key":"Centennial Puzzle"},{"floor":8,"key":"Gambling Chip"},{"floor":9,"key":"Sundial"},{"floor":19,"key":"Prayer Wheel"},{"floor":19,"key":"Molten Egg 2"},{"floor":20,"key":"Enchiridion"},{"floor":23,"key":"Calipers"},{"floor":26,"key":"Bottled Lightning"},{"floor":31,"key":"Art of War"},{"floor":36,"key":"Pocketwatch"},{"floor":40,"key":"Letter Opener"},{"floor":46,"key":"Ice Cream"},{"floor":47,"key":"Bag of Preparation"}],"event_choices":[{"damage_healed":0,"gold_gain":150,"player_choice":"AGREE","damage_taken":0,"max_hp_gain":0,"max_hp_loss":0,"event_name":"Liars Game","floor":2,"gold_loss":0,"cards_obtained":["Doubt"]},{"damage_healed":0,"gold_gain":0,"player_choice":"Lose Max HP","damage_taken":0,"relics_obtained":["Golden Idol"],"max_hp_gain":0,"max_hp_loss":7,"event_name":"Golden Idol","floor":3,"gold_loss":0},{"damage_healed":0,"gold_gain":0,"cards_transformed":["Defend_B"],"player_choice":"Transformed","damage_taken":0,"max_hp_gain":0,"max_hp_loss":0,"event_name":"Transmorgrifier","floor":4,"gold_loss":0,"cards_obtained":["Go for the Eyes"]},{"cards_removed":["Strike_B"],"damage_healed":0,"gold_gain":0,"player_choice":"Card Removal","damage_taken":7,"max_hp_gain":0,"max_hp_loss":0,"event_name":"Golden Wing","floor":14,"gold_loss":0},{"damage_healed":0,"gold_gain":0,"player_choice":"Fight","damage_taken":0,"max_hp_gain":0,"max_hp_loss":0,"event_name":"Colosseum","floor":19,"gold_loss":0},{"damage_healed":0,"gold_gain":0,"player_choice":"Fought Nobs","damage_taken":0,"max_hp_gain":0,"max_hp_loss":0,"event_name":"Colosseum","floor":19,"gold_loss":0},{"damage_healed":0,"gold_gain":0,"player_choice":"Obtained Book","damage_taken":21,"max_hp_gain":0,"max_hp_loss":0,"event_name":"Cursed Tome","floor":20,"gold_loss":0},{"damage_healed":0,"gold_gain":0,"player_choice":"Ignored","damage_taken":0,"max_hp_gain":0,"max_hp_loss":0,"event_name":"N\u0027loth","floor":27,"gold_loss":0},{"damage_healed":0,"gold_gain":0,"cards_transformed":["Defend_B","Defend_B"],"player_choice":"Became Test Subject","damage_taken":0,"max_hp_gain":0,"max_hp_loss":0,"event_name":"Drug Dealer","floor":29,"gold_loss":0,"cards_obtained":["Redo","Hyperbeam"]},{"damage_healed":0,"gold_gain":0,"player_choice":"Ignored","damage_taken":0,"max_hp_gain":0,"max_hp_loss":0,"event_name":"Vampires","floor":30,"gold_loss":0},{"damage_healed":0,"gold_gain":0,"player_choice":"Fight","damage_taken":0,"max_hp_gain":0,"max_hp_loss":0,"event_name":"Mysterious Sphere","floor":36,"gold_loss":0},{"damage_healed":0,"gold_gain":0,"player_choice":"Ignored","damage_taken":0,"max_hp_gain":0,"max_hp_loss":0,"event_name":"Tomb of Lord Red Mask","floor":37,"gold_loss":0},{"cards_removed":["Dualcast"],"damage_healed":0,"gold_gain":0,"player_choice":"Removed Skill","damage_taken":0,"max_hp_gain":0,"max_hp_loss":0,"event_name":"Falling","floor":41,"gold_loss":0},{"damage_healed":0,"gold_gain":333,"player_choice":"Gave Idol","damage_taken":0,"max_hp_gain":0,"max_hp_loss":0,"event_name":"The Moai Head","floor":42,"relics_lost":["Golden Idol"],"gold_loss":0},{"damage_healed":0,"gold_gain":50,"player_choice":"Touch","damage_taken":6,"max_hp_gain":0,"max_hp_loss":0,"event_name":"FaceTrader","floor":45,"gold_loss":0},{"damage_healed":0,"gold_gain":0,"player_choice":"Fight","damage_taken":0,"max_hp_gain":0,"max_hp_loss":0,"event_name":"MindBloom","floor":46,"gold_loss":0}],"is_beta":true,"boss_relics":[{"not_picked":["Busted Crown","Eternal Feather"],"picked":"Astrolabe"},{"not_picked":["Black Star","Sozu"],"picked":"Nuclear Battery"}],"items_purged_floors":[11],"is_endless":false,"potions_floor_spawned":[1,8,16,28,31,33,35,39],"killed_by":"Time Eater","ascension_level":20}