{"gold_per_floor":[209,209,224,224,234,269,269,285,285,295,329,329,3,23,23,119,119,135,185,203,203,213,213,225,225,249,1,19,19,19,32,32,127,127,140,140,151,169,569,569,594,612,636,685,685,705,705,721,721,721],"floor_reached":51,"playtime":1072,"items_purged":["Defend_R","Defend_R"],"score":761,"play_id":"44beb999-89f9-48c2-8742-3ed279245754","local_time":"20190122003948","is_ascension_mode":false,"campfire_choices":[{"data":"Strike_R","floor":12.0,"key":"PURGE"},{"floor":15.0,"key":"REST"},{"data":"Strike_R","floor":23.0,"key":"PURGE"},{"data":"Strike_R","floor":25.0,"key":"PURGE"},{"data":"Flex","floor":30.0,"key":"SMITH"},{"data":"Strike_R","floor":32.0,"key":"PURGE"},{"data":"Defend_R","floor":40.0,"key":"PURGE"},{"data":"Strike_R","floor":45.0,"key":"PURGE"},{"data":"Perfected Strike","floor":47.0,"key":"PURGE"},{"data":"Sever Soul","floor":49.0,"key":"PURGE"}],"neow_cost":"NONE","seed_source_timestamp":87317739093145,"circlet_count":0,"master_deck":["Bash","Clash","Whirlwind+1","Whirlwind+1","Flex+1","Double Tap","Seeing Red"],"special_seed":0,"relics":["Burning Blood","Mercury Hourglass","Peace Pipe","Shovel","DollysMirror","Lizard Tail","MutagenicStrength","Bag of Preparation","Orichalcum","Busted Crown","Old Coin","Strawberry","Juzu Bracelet","Turnip"],"potions_floor_usage":[50,50,50],"damage_taken":[{"damage":6.0,"enemies":"Cultist","floor":1.0,"turns":3.0},{"damage":0.0,"enemies":"2 Louse","floor":3.0,"turns":2.0},{"damage":3.0,"enemies":"Jaw Worm","floor":5.0,"turns":3.0},{"damage":39.0,"enemies":"3 Sentries","floor":6.0,"turns":8.0},{"damage":14.0,"enemies":"Exordium Wildlife","floor":8.0,"turns":2.0},{"damage":8.0,"enemies":"Red Slaver","floor":10.0,"turns":2.0},{"damage":31.0,"enemies":"Lagavulin","floor":11.0,"turns":4.0},{"damage":10.0,"enemies":"Exordium Thugs","floor":14.0,"turns":2.0},{"damage":0.0,"enemies":"Slime Boss","floor":16.0,"turns":6.0},{"damage":10.0,"enemies":"Spheric Guardian","floor":18.0,"turns":3.0},{"damage":5.0,"enemies":"Chosen","floor":20.0,"turns":3.0},{"damage":19.0,"enemies":"Centurion and Healer","floor":22.0,"turns":5.0},{"damage":30.0,"enemies":"Snecko","floor":24.0,"turns":4.0},{"damage":24.0,"enemies":"Shelled Parasite and Fungi","floor":28.0,"turns":4.0},{"damage":14.0,"enemies":"Centurion and Healer","floor":31.0,"turns":3.0},{"damage":90.0,"enemies":"Automaton","floor":33.0,"turns":10.0},{"damage":27.0,"enemies":"3 Shapes","floor":35.0,"turns":1.0},{"damage":0.0,"enemies":"3 Darklings","floor":37.0,"turns":1.0},{"damage":0.0,"enemies":"Jaw Worm Horde","floor":38.0,"turns":1.0},{"damage":0.0,"enemies":"Mind Bloom Boss Battle","floor":39.0,"turns":4.0},{"damage":12.0,"enemies":"Sphere and 2 Shapes","floor":42.0,"turns":1.0},{"damage":0.0,"enemies":"2 Orb Walkers","floor":44.0,"turns":1.0},{"damage":10.0,"enemies":"Maw","floor":46.0,"turns":5.0},{"damage":0.0,"enemies":"Jaw Worm Horde","floor":48.0,"turns":1.0},{"damage":53,"enemies":"Awakened One","floor":50,"turns":5}],"seed_played":"-3217476557614864350","potions_obtained":[{"floor":1.0,"key":"LiquidBronze"},{"floor":5.0,"key":"EssenceOfSteel"},{"floor":8.0,"key":"GamblersBrew"},{"floor":16.0,"key":"Block Potion"},{"floor":33.0,"key":"Ancient Potion"},{"floor":35.0,"key":"Fruit Juice"},{"floor":38.0,"key":"SkillPotion"},{"floor":46.0,"key":"FearPotion"}],"is_trial":false,"path_per_floor":["M","?","M","?","M","E","?","M","T","M","E","R","$","M","R","B",null,"M","?","M","?","M","R","M","R","T","$","M","?","R","M","R","B",null,"M","?","M","M","?","R","T","M","T","?","R","M","R","M","R","B",null],"character_chosen":"IRONCLAD","items_purchased":["DollysMirror","Strength Potion","Orichalcum"],"campfire_rested":1,"item_purchase_floors":[13,13,27],"current_hp_per_floor":[80,73,79,84,85,52,52,44,44,42,17,17,17,13,38,44,85,81,81,82,82,69,69,45,45,45,45,27,55,55,47,47,28,85,69,90,90,90,90,90,97,91,91,97,97,93,93,97,97,50],"gold":721,"neow_bonus":"HUNDRED_GOLD","is_prod":false,"is_daily":false,"chose_seed":false,"campfire_upgraded":1,"win_rate":0,"timestamp":1548085188,"path_taken":["M","?","M","?","?","E","?","M","T","M","E","R","$","?","R","BOSS","M","?","?","?","M","R","M","R","T","$","M","?","R","M","R","BOSS","M","?","M","?","?","R","?","M","T","?","R","M","R","M","R","BOSS"],"build_version":"2019-01-17v2","purchased_purges":2,"victory":true,"max_hp_per_floor":[80,80,80,85,85,85,85,85,85,85,85,85,85,85,85,85,85,85,85,85,85,85,85,85,85,85,85,85,85,85,85,85,85,85,90,90,90,90,90,90,97,97,97,97,97,97,97,97,97,97],"card_choices":[{"not_picked":["Pummel","Carnage"],"picked":"Clash","floor":1.0},{"not_picked":["Cleave","Headbutt"],"picked":"Perfected Strike","floor":3.0},{"not_picked":["True Grit","Sword Boomerang"],"picked":"Whirlwind","floor":5.0},{"not_picked":["Sever Soul","Seeing Red","Flame Barrier"],"picked":"SKIP","floor":6.0},{"not_picked":["Seeing Red","Flame Barrier"],"picked":"Sever Soul","floor":6.0},{"not_picked":["Thunderclap","Dropkick","Seeing Red"],"picked":"SKIP","floor":8.0},{"not_picked":["Iron Wave","Reckless Charge","Bludgeon"],"picked":"SKIP","floor":10.0},{"not_picked":["Sword Boomerang","Corruption","Sever Soul"],"picked":"SKIP","floor":11.0},{"not_picked":["Twin Strike","Armaments","Havoc"],"picked":"SKIP","floor":14.0},{"not_picked":["Headbutt","Shockwave","Iron Wave"],"picked":"SKIP","floor":18.0},{"not_picked":["Whirlwind","True Grit","Dropkick+1"],"picked":"SKIP","floor":20.0},{"not_picked":["Corruption","Reckless Charge"],"picked":"Second Wind+1","floor":22.0},{"not_picked":["Rampage+1","Anger","Headbutt"],"picked":"SKIP","floor":24.0},{"not_picked":["Shrug It Off","Sentinel+1"],"picked":"Flex","floor":28.0},{"not_picked":["Second Wind","True Grit+1","Heavy Blade"],"picked":"SKIP","floor":31.0},{"not_picked":["Dark Embrace","Reaper"],"picked":"Double Tap","floor":33.0},{"not_picked":["Uppercut"],"picked":"SKIP","floor":35.0},{"not_picked":["Armaments+1"],"picked":"SKIP","floor":37.0},{"not_picked":["Rupture+1"],"picked":"SKIP","floor":38.0},{"not_picked":["Twin Strike"],"picked":"SKIP","floor":42.0},{"not_picked":[],"picked":"Seeing Red","floor":46.0},{"not_picked":["Pommel Strike"],"picked":"SKIP","floor":48.0}],"player_experience":785303,"relics_obtained":[{"floor":6.0,"key":"Mercury Hourglass"},{"floor":9.0,"key":"Peace Pipe"},{"floor":11.0,"key":"Shovel"},{"floor":26.0,"key":"Bag of Preparation"},{"floor":39.0,"key":"Old Coin"},{"floor":41.0,"key":"Strawberry"},{"floor":43.0,"key":"Juzu Bracelet"},{"floor":44.0,"key":"Turnip"}],"event_choices":[{"cards_removed":["Defend_R"],"damage_healed":0.0,"max_hp_gain":0.0,"max_hp_loss":0.0,"gold_gain":0.0,"event_name":"Golden Wing","player_choice":"Card Removal","floor":2.0,"gold_loss":0.0,"damage_taken":7.0},{"damage_healed":0.0,"max_hp_gain":5.0,"max_hp_loss":0.0,"gold_gain":0.0,"event_name":"Big Fish","player_choice":"Donut","floor":4.0,"gold_loss":0.0,"damage_taken":0.0},{"damage_healed":0.0,"max_hp_gain":0.0,"max_hp_loss":0.0,"gold_gain":0.0,"event_name":"Accursed Blacksmith","player_choice":"Forge","floor":7.0,"gold_loss":0.0,"damage_taken":0.0,"cards_upgraded":["Whirlwind"]},{"damage_healed":0.0,"max_hp_gain":0.0,"max_hp_loss":0.0,"gold_gain":100.0,"event_name":"The Joust","player_choice":"Bet on Murderer","floor":19.0,"gold_loss":50.0,"damage_taken":0.0},{"damage_healed":0.0,"max_hp_gain":0.0,"max_hp_loss":0.0,"gold_gain":0.0,"event_name":"Drug Dealer","player_choice":"Inject Mutagens","floor":21.0,"gold_loss":0.0,"damage_taken":0.0,"relics_obtained":["MutagenicStrength"]},{"damage_healed":28.0,"max_hp_gain":0.0,"max_hp_loss":0.0,"gold_gain":0.0,"event_name":"The Library","player_choice":"Heal","floor":29.0,"gold_loss":0.0,"damage_taken":0.0},{"cards_removed":["Second Wind"],"damage_healed":21.0,"max_hp_gain":0.0,"max_hp_loss":0.0,"gold_gain":0.0,"event_name":"Bonfire Elementals","player_choice":"Offered Uncommon","floor":36.0,"gold_loss":0.0,"damage_taken":0.0},{"damage_healed":0.0,"max_hp_gain":0.0,"max_hp_loss":0.0,"gold_gain":0.0,"event_name":"MindBloom","player_choice":"Fight","floor":39.0,"gold_loss":0.0,"damage_taken":0.0},{"damage_healed":0.0,"max_hp_gain":0.0,"max_hp_loss":0.0,"gold_gain":0.0,"event_name":"Mysterious Sphere","player_choice":"Fight","floor":44.0,"gold_loss":0.0,"damage_taken":0.0}],"is_beta":false,"boss_relics":[{"not_picked":["Tiny House","Pandora\u0027s Box"],"picked":"Lizard Tail"},{"not_picked":["Snecko Eye","Runic Cube"],"picked":"Busted Crown"}],"items_purged_floors":[13,27],"is_endless":false,"potions_floor_spawned":[1,5,8,16,20,24,33,35,38,42,46],"ascension_level":0}