{"gold_per_floor":[115,134,8,24,0,0,28,28,28,61,61,96,96,121,121,195,195,207,4,14,26,41,71,71,81,81,81,98,98],"floor_reached":29,"playtime":1406,"items_purged":[],"score":565,"play_id":"3a28e8e7-62b2-4b33-abc2-c87c3c88cf21","local_time":"20190303230055","is_ascension_mode":true,"campfire_choices":[{"data":"Zap","floor":6,"key":"SMITH"},{"floor":11,"key":"REST"},{"data":"Defragment","floor":15,"key":"SMITH"},{"floor":24,"key":"REST"}],"neow_cost":"PERCENT_DAMAGE","seed_source_timestamp":50837492574003,"circlet_count":0,"master_deck":["AscendersBane","Strike_B","Strike_B","Strike_B","Strike_B","Defend_B","Defend_B","Defend_B","Defend_B","Zap+1","Dualcast","Ball Lightning","White Noise","Defragment+1","Go for the Eyes","Coolheaded","Leap","Core Surge","Glacier","Coolheaded","Creative AI","White Noise","Genetic Algorithm","Electrodynamics","Turbo","Necronomicurse","Turbo"],"relics":["Cracked Core","Ice Cream","StoneCalendar","Vajra","DataDisk","Bottled Flame","Fusion Hammer","Runic Capacitor","Regal Pillow","Frozen Egg 2","Necronomicon"],"potions_floor_usage":[7,14,14,21,25],"damage_taken":[{"damage":8,"enemies":"Jaw Worm","floor":1,"turns":4},{"damage":9,"enemies":"Small Slimes","floor":2,"turns":4},{"damage":0,"enemies":"Cultist","floor":4,"turns":2},{"damage":16,"enemies":"Lagavulin","floor":7,"turns":6},{"damage":14,"enemies":"Gremlin Nob","floor":10,"turns":5},{"damage":18,"enemies":"Lagavulin","floor":12,"turns":6},{"damage":9,"enemies":"Gremlin Nob","floor":14,"turns":3},{"damage":0,"enemies":"Hexaghost","floor":16,"turns":7},{"damage":12,"enemies":"Shell Parasite","floor":18,"turns":6},{"damage":0,"enemies":"Spheric Guardian","floor":20,"turns":4},{"damage":2,"enemies":"Shelled Parasite and Fungi","floor":21,"turns":7},{"damage":16,"enemies":"Snecko","floor":22,"turns":5},{"damage":21,"enemies":"Slavers","floor":23,"turns":7},{"damage":15,"enemies":"3 Cultists","floor":25,"turns":4},{"damage":13,"enemies":"Shelled Parasite and Fungi","floor":28,"turns":5},{"damage":8,"enemies":"Centurion and Healer","floor":29,"turns":2}],"seed_played":"-6546616307358546141","potions_obtained":[{"floor":1,"key":"Swift Potion"},{"floor":10,"key":"SteroidPotion"},{"floor":12,"key":"Swift Potion"},{"floor":20,"key":"SkillPotion"},{"floor":23,"key":"SkillPotion"}],"is_trial":false,"path_per_floor":["M","M","$","M","?","R","E","?","T","E","R","E","?","E","R","B",null,"M","$","M","M","M","E","R","M","T","?","M","M"],"character_chosen":"DEFECT","items_purchased":["Defragment","Go for the Eyes","Runic Capacitor"],"campfire_rested":2,"item_purchase_floors":[3,3,19],"current_hp_per_floor":[52,43,43,43,43,43,27,27,27,13,38,20,20,11,11,11,67,55,55,55,53,37,16,56,41,41,20,7,0],"gold":98,"neow_bonus":"TWENTY_PERCENT_HP_BONUS","is_prod":false,"is_daily":false,"chose_seed":false,"campfire_upgraded":2,"win_rate":0,"timestamp":1551650455,"path_taken":["M","M","$","M","?","R","E","?","T","E","R","E","?","E","R","BOSS","M","$","M","M","M","E","R","M","T","?","M","M"],"build_version":"2019-01-23","purchased_purges":0,"victory":false,"max_hp_per_floor":[85,85,85,85,85,85,85,85,85,85,85,85,85,85,85,85,85,85,85,85,85,85,85,85,85,85,85,85,85],"card_choices":[{"not_picked":["Fusion","Steam"],"picked":"Ball Lightning","floor":1},{"not_picked":["Redo","Reinforced Body"],"picked":"White Noise","floor":2},{"not_picked":["Stack","Beam Cell"],"picked":"Coolheaded","floor":4},{"not_picked":["Aggregate","Rebound"],"picked":"Leap","floor":7},{"not_picked":["Gash","Tempest"],"picked":"Core Surge","floor":10},{"not_picked":["Beam Cell","Sweeping Beam"],"picked":"Glacier","floor":12},{"not_picked":["Stack","Leap","Rebound"],"picked":"SKIP","floor":14},{"not_picked":["Fission","Thunder Strike"],"picked":"Creative AI","floor":16},{"not_picked":["Steam","Sweeping Beam"],"picked":"White Noise","floor":18},{"not_picked":["Sweeping Beam","Heatsinks","Barrage"],"picked":"SKIP","floor":20},{"not_picked":["Conserve Battery","Aggregate"],"picked":"Genetic Algorithm","floor":21},{"not_picked":["Barrage+1","Cold Snap","Beam Cell"],"picked":"SKIP","floor":22},{"not_picked":["Rebound","Conserve Battery"],"picked":"Electrodynamics","floor":23},{"not_picked":["Recycle","Lockon"],"picked":"Turbo","floor":25},{"not_picked":["Darkness","Stack"],"picked":"Turbo","floor":28}],"player_experience":1058543,"relics_obtained":[{"floor":7,"key":"Ice Cream"},{"floor":9,"key":"StoneCalendar"},{"floor":10,"key":"Vajra"},{"floor":12,"key":"DataDisk"},{"floor":14,"key":"Bottled Flame"},{"floor":23,"key":"Regal Pillow"},{"floor":26,"key":"Frozen Egg 2"},{"floor":27,"key":"Necronomicon"}],"event_choices":[{"damage_healed":0,"gold_gain":0,"player_choice":"Left Gold","damage_taken":0,"max_hp_gain":0,"max_hp_loss":0,"event_name":"World of Goop","floor":5,"gold_loss":24},{"damage_healed":0,"gold_gain":0,"player_choice":"Ignored","damage_taken":0,"max_hp_gain":0,"max_hp_loss":0,"event_name":"Liars Game","floor":8,"gold_loss":0},{"damage_healed":0,"gold_gain":0,"player_choice":"1 cards matched","damage_taken":0,"max_hp_gain":0,"max_hp_loss":0,"event_name":"Match and Keep!","floor":13,"gold_loss":0,"cards_obtained":["Coolheaded"]},{"damage_healed":0,"gold_gain":0,"player_choice":"Obtained Book","damage_taken":21,"max_hp_gain":0,"max_hp_loss":0,"event_name":"Cursed Tome","floor":27,"gold_loss":0}],"is_beta":false,"boss_relics":[{"not_picked":["Cursed Key","Pandora\u0027s Box"],"picked":"Fusion Hammer"}],"items_purged_floors":[],"is_endless":false,"potions_floor_spawned":[1,10,12,20,23],"killed_by":"Centurion and Healer","ascension_level":15}