{"gold_per_floor":[119,167,167,184,199,229,229,20,96,112,112,132,164,174,174,174],"floor_reached":16,"playtime":1721,"items_purged":[],"score":112,"play_id":"83c273dc-6cb8-4750-9c4c-6a8b071a91f7","local_time":"20190128203432","is_ascension_mode":false,"campfire_choices":[{"data":"Flechettes","floor":7,"key":"SMITH"},{"data":"Dash","floor":15,"key":"SMITH"}],"neow_cost":"NONE","seed_source_timestamp":14684130092979,"circlet_count":0,"master_deck":["Defend_G","Defend_G","Defend_G","Defend_G","Defend_G","Strike_G","Strike_G","Strike_G","Strike_G","Strike_G","Survivor","Neutralize","Flechettes+1","Well Laid Plans","Riddle With Holes","Acrobatics","Dagger Throw+1","Dash+1","Reflex","Leg Sweep"],"relics":["Ring of the Snake","Blood Vial","Juzu Bracelet","Sling","Pantograph","Peace Pipe"],"potions_floor_usage":[12,12],"damage_taken":[{"damage":1,"enemies":"Cultist","floor":1,"turns":5},{"damage":0,"enemies":"Small Slimes","floor":4,"turns":5},{"damage":3,"enemies":"Jaw Worm","floor":5,"turns":6},{"damage":19,"enemies":"3 Sentries","floor":6,"turns":9},{"damage":10,"enemies":"Exordium Thugs","floor":10,"turns":4},{"damage":9,"enemies":"Gremlin Gang","floor":12,"turns":2},{"damage":4,"enemies":"Gremlin Nob","floor":13,"turns":3},{"damage":0,"enemies":"3 Louse","floor":14,"turns":2},{"damage":78,"enemies":"Slime Boss","floor":16,"turns":15}],"seed_played":"-6021994629267712800","potions_obtained":[{"floor":1,"key":"Poison Potion"},{"floor":5,"key":"Weak Potion"},{"floor":10,"key":"AttackPotion"},{"floor":12,"key":"Fruit Juice"},{"floor":13,"key":"Swift Potion"}],"is_trial":false,"path_per_floor":["M","T","?","M","M","E","R","$","T","M","?","M","E","M","R","B"],"character_chosen":"THE_SILENT","items_purchased":["Sling"],"campfire_rested":0,"item_purchase_floors":[8],"current_hp_per_floor":[76,76,76,77,74,57,57,57,57,49,49,47,45,47,47,0],"gold":174,"neow_bonus":"TEN_PERCENT_HP_BONUS","is_prod":false,"is_daily":false,"chose_seed":false,"campfire_upgraded":2,"win_rate":0.0,"timestamp":1548714872,"path_taken":["M","?","?","M","M","E","R","?","T","M","?","M","E","M","R","BOSS"],"build_version":"2019-01-23","purchased_purges":0,"victory":false,"max_hp_per_floor":[77,77,77,77,77,77,77,77,77,77,77,82,82,82,82,82],"card_choices":[{"not_picked":["Expertise","Quick Slash"],"picked":"Flechettes","floor":1},{"not_picked":["Slice","Terror"],"picked":"Well Laid Plans","floor":4},{"not_picked":["Eviscerate","PiercingWail"],"picked":"Riddle With Holes","floor":5},{"not_picked":["Escape Plan","Die Die Die"],"picked":"Acrobatics","floor":6},{"not_picked":["PiercingWail","Riddle With Holes"],"picked":"Dagger Throw","floor":10},{"not_picked":["Calculated Gamble","Sucker Punch"],"picked":"Dash","floor":12},{"not_picked":["PiercingWail","Dagger Spray"],"picked":"Reflex","floor":13},{"not_picked":["Slice","PiercingWail"],"picked":"Leg Sweep","floor":14}],"player_experience":29594,"relics_obtained":[{"floor":2,"key":"Blood Vial"},{"floor":6,"key":"Juzu Bracelet"},{"floor":9,"key":"Pantograph"},{"floor":13,"key":"Peace Pipe"}],"event_choices":[{"damage_healed":0,"gold_gain":0,"player_choice":"Leave","damage_taken":0,"max_hp_gain":0,"max_hp_loss":0,"event_name":"The Cleric","floor":3,"gold_loss":0},{"damage_healed":0,"gold_gain":0,"player_choice":"Forge","damage_taken":0,"max_hp_gain":0,"max_hp_loss":0,"event_name":"Accursed Blacksmith","floor":11,"gold_loss":0,"cards_upgraded":["Dagger Throw"]}],"is_beta":false,"boss_relics":[],"items_purged_floors":[],"is_endless":false,"potions_floor_spawned":[1,5,10,12,13],"killed_by":"Slime Boss","ascension_level":0}