{"gold_per_floor":[116,129,140,208,222,247,266,286,311,271],"floor_reached":10,"playtime":396,"items_purged":[],"score":137,"play_id":"8e1d359a-57e3-439e-ab86-60ed5e029bbf","local_time":"20190116231450","is_ascension_mode":true,"campfire_choices":[],"neow_cost":"NONE","seed_source_timestamp":543420839025500,"circlet_count":0,"master_deck":["AscendersBane","Strike_B","Strike_B","Strike_B","Strike_B","Defend_B","Defend_B","Defend_B","Defend_B","Zap","Dualcast+1","Go for the Eyes","Sweeping Beam","Skim","Streamline","Hologram+1","BootSequence","Streamline","Capacitor"],"relics":["Cracked Core","War Paint","Oddly Smooth Stone"],"potions_floor_usage":[6,6,10],"damage_taken":[{"damage":0,"enemies":"2 Louse","floor":1,"turns":2},{"damage":0,"enemies":"Small Slimes","floor":2,"turns":2},{"damage":0,"enemies":"Jaw Worm","floor":3,"turns":3},{"damage":4,"enemies":"Looter","floor":5,"turns":3},{"damage":57,"enemies":"Gremlin Nob","floor":6,"turns":5},{"damage":0,"enemies":"Lots of Slimes","floor":7,"turns":3},{"damage":0,"enemies":"2 Fungi Beasts","floor":8,"turns":2},{"damage":5,"enemies":"Exordium Thugs","floor":10,"turns":2}],"seed_played":"293744409916498531","potions_obtained":[{"floor":2,"key":"PowerPotion"},{"floor":3,"key":"Energy Potion"},{"floor":7,"key":"Energy Potion"},{"floor":8,"key":"SpeedPotion"}],"is_trial":false,"path_per_floor":["M","M","M","?","M","E","M","M","T","M"],"character_chosen":"DEFECT","items_purchased":[],"campfire_rested":0,"item_purchase_floors":[],"current_hp_per_floor":[64,64,64,64,60,3,3,3,3,0],"gold":271,"neow_bonus":"THREE_CARDS","is_prod":false,"is_daily":false,"chose_seed":false,"campfire_upgraded":0,"win_rate":0,"timestamp":1547709290,"path_taken":["M","M","M","?","M","E","M","M","T","M"],"build_version":"2019-01-10","purchased_purges":0,"victory":false,"max_hp_per_floor":[71,71,71,71,71,71,71,71,71,71],"card_choices":[{"not_picked":["Sweeping Beam","Hologram"],"picked":"Go for the Eyes","floor":0},{"not_picked":["Recycle","Barrage"],"picked":"Sweeping Beam","floor":1},{"not_picked":["Go for the Eyes","Cold Snap"],"picked":"Skim","floor":2},{"not_picked":["Sweeping Beam","Coolheaded"],"picked":"Streamline","floor":3},{"not_picked":["Steam Power","Aggregate"],"picked":"Hologram","floor":5},{"not_picked":["Go for the Eyes","Rainbow"],"picked":"BootSequence","floor":6},{"not_picked":["Tempest","Go for the Eyes"],"picked":"Streamline","floor":7},{"not_picked":["FTL","Turbo"],"picked":"Capacitor","floor":8}],"player_experience":515175,"relics_obtained":[{"floor":6,"key":"War Paint"},{"floor":9,"key":"Oddly Smooth Stone"}],"event_choices":[{"damage_healed":0,"gold_gain":68,"player_choice":"Gained Gold","damage_taken":0,"max_hp_gain":0,"max_hp_loss":0,"event_name":"Golden Wing","floor":4,"gold_loss":0}],"is_beta":false,"boss_relics":[],"items_purged_floors":[],"is_endless":false,"potions_floor_spawned":[2,3,7,8],"killed_by":"Exordium Thugs","ascension_level":18}