{"gold_per_floor":[118,118,118,129,140,140,174,174,174,193,193,207,207,74,74,152,152,172,472,156,172,186,186,200,200,200,200,228,228,185,197,197,274,274,294,294,313,97,117,145,145,196,196,196,231,231,263,282,282,282],"floor_reached":51,"playtime":4853,"items_purged":["Defend_B"],"score":1786,"play_id":"8dbfeb97-537a-48dc-a892-302130c0a71d","local_time":"20190130070110","is_ascension_mode":true,"campfire_choices":[{"data":"Zap","floor":6,"key":"SMITH"},{"floor":8,"key":"REST"},{"floor":13,"key":"REST"},{"data":"Capacitor","floor":15,"key":"SMITH"},{"data":"Consume","floor":23,"key":"SMITH"},{"floor":25,"key":"REST"},{"data":"Defragment","floor":32,"key":"SMITH"},{"data":"Dualcast","floor":41,"key":"SMITH"},{"data":"Electrodynamics","floor":44,"key":"SMITH"},{"data":"Echo Form","floor":49,"key":"SMITH"}],"neow_cost":"NONE","seed_source_timestamp":1019083887842540,"circlet_count":0,"master_deck":["AscendersBane","Strike_B","Strike_B","Defend_B","Defend_B","Zap+1","Dualcast+1","Capacitor+1","Conserve Battery","Reboot","Genetic Algorithm","Sunder","Ball Lightning","Ball Lightning","Echo Form+1","Sweeping Beam","Chill","Consume+1","Hologram","Cold Snap","Glacier","Defragment+1","Conserve Battery","Electrodynamics+1","BootSequence+1","Conserve Battery","Hologram+1","Multi-Cast","Chill+1"],"relics":["Cracked Core","FossilizedHelix","Incense Burner","Velvet Choker","Old Coin","Runic Capacitor","Torii","Pantograph","Cursed Key","OrangePellets","Matryoshka","Mango","PreservedInsect","The Courier","Bottled Lightning","Emotion Chip"],"potions_floor_usage":[7,7,18,28,39,42,50],"damage_taken":[{"damage":3,"enemies":"Small Slimes","floor":1,"turns":4},{"damage":0,"enemies":"Cultist","floor":4,"turns":3},{"damage":7,"enemies":"Jaw Worm","floor":5,"turns":4},{"damage":28,"enemies":"3 Sentries","floor":7,"turns":6},{"damage":1,"enemies":"Blue Slaver","floor":10,"turns":4},{"damage":0,"enemies":"3 Louse","floor":12,"turns":2},{"damage":38,"enemies":"The Guardian","floor":16,"turns":10},{"damage":6,"enemies":"3 Byrds","floor":18,"turns":4},{"damage":16,"enemies":"Shell Parasite","floor":21,"turns":6},{"damage":0,"enemies":"Chosen and Byrds","floor":22,"turns":5},{"damage":0,"enemies":"Cultist and Chosen","floor":24,"turns":4},{"damage":0,"enemies":"Slavers","floor":28,"turns":6},{"damage":6,"enemies":"Centurion and Healer","floor":31,"turns":6},{"damage":0,"enemies":"Automaton","floor":33,"turns":11},{"damage":0,"enemies":"3 Darklings","floor":35,"turns":6},{"damage":0,"enemies":"3 Shapes","floor":37,"turns":4},{"damage":0,"enemies":"Jaw Worm Horde","floor":39,"turns":5},{"damage":0,"enemies":"Nemesis","floor":40,"turns":7},{"damage":19,"enemies":"2 Orb Walkers","floor":42,"turns":4},{"damage":0,"enemies":"Reptomancer","floor":45,"turns":5},{"damage":0,"enemies":"Nemesis","floor":47,"turns":5},{"damage":0,"enemies":"Writhing Mass","floor":48,"turns":5},{"damage":0,"enemies":"Awakened One","floor":50,"turns":14}],"seed_played":"4494733066681265452","potions_obtained":[{"floor":3,"key":"Weak Potion"},{"floor":3,"key":"AttackPotion"},{"floor":4,"key":"FocusPotion"},{"floor":16,"key":"Fire Potion"},{"floor":18,"key":"Block Potion"},{"floor":21,"key":"LiquidBronze"},{"floor":28,"key":"Block Potion"},{"floor":39,"key":"SkillPotion"},{"floor":48,"key":"Energy Potion"}],"is_trial":false,"path_per_floor":["M","?","?","M","M","R","E","R","T","M","?","M","R","$","R","B",null,"M","T","$","M","M","R","M","R","T","?","E","?","$","M","R","B",null,"M","?","M","$","M","E","R","?","T","R","E","?","E","M","R","B",null],"character_chosen":"DEFECT","items_purchased":["Ball Lightning","Chill","Runic Capacitor","Defragment","OrangePellets"],"campfire_rested":3,"item_purchase_floors":[14,20,20,30,38],"current_hp_per_floor":[68,61,61,61,54,54,26,49,49,48,48,48,71,71,71,33,67,61,61,61,45,45,45,45,68,68,68,68,68,68,62,62,78,78,78,78,78,78,78,78,78,73,73,73,73,73,73,73,73,92],"gold":282,"neow_bonus":"TEN_PERCENT_HP_BONUS","is_prod":false,"is_daily":false,"chose_seed":false,"campfire_upgraded":7,"win_rate":0,"timestamp":1548828070,"path_taken":["M","?","?","M","M","R","E","R","T","?","?","M","R","$","R","BOSS","M","?","$","?","M","R","M","R","T","?","E","?","$","M","R","BOSS","M","?","M","$","M","E","R","?","T","R","E","?","E","M","R","BOSS"],"build_version":"2019-01-23","purchased_purges":1,"victory":true,"max_hp_per_floor":[78,78,78,78,78,78,78,78,78,78,78,78,78,78,78,78,78,78,78,78,78,78,78,78,78,78,78,78,78,78,78,78,78,78,78,78,78,78,78,78,78,92,92,92,92,92,92,92,92,92],"card_choices":[{"not_picked":["Rebound","Conserve Battery"],"picked":"Capacitor","floor":1},{"not_picked":["Beam Cell","Recycle"],"picked":"Conserve Battery","floor":4},{"not_picked":["Darkness","Streamline"],"picked":"Reboot","floor":5},{"not_picked":["Barrage","Hyperbeam"],"picked":"Genetic Algorithm","floor":7},{"not_picked":["Reprogram","Gash"],"picked":"Sunder","floor":10},{"not_picked":["Turbo","Force Field"],"picked":"Ball Lightning","floor":12},{"not_picked":["Thunder Strike","Multi-Cast"],"picked":"Echo Form","floor":16},{"not_picked":["Fusion","Stack"],"picked":"Sweeping Beam","floor":18},{"not_picked":["Capacitor","Chaos"],"picked":"Consume","floor":21},{"not_picked":["Sweeping Beam","Static Discharge"],"picked":"Hologram","floor":22},{"not_picked":["Loop","Recycle"],"picked":"Cold Snap","floor":24},{"not_picked":["Force Field","Hyperbeam","Hologram"],"picked":"SKIP","floor":28},{"not_picked":["Leap","Barrage"],"picked":"Conserve Battery","floor":31},{"not_picked":["All For One","Seek"],"picked":"Electrodynamics","floor":33},{"not_picked":["Redo","Sweeping Beam"],"picked":"BootSequence+1","floor":35},{"not_picked":["Stack","Consume"],"picked":"Conserve Battery","floor":37},{"not_picked":["Beam Cell","Skim+1","Turbo"],"picked":"SKIP","floor":39},{"not_picked":["Gash+1","Steam"],"picked":"Hologram+1","floor":40},{"not_picked":["Sunder+1","Redo","Skim"],"picked":"SKIP","floor":45},{"not_picked":["Sunder+1","Redo","Skim"],"picked":"SKIP","floor":45},{"not_picked":["Hologram+1","Consume"],"picked":"Multi-Cast","floor":47},{"not_picked":["Redo+1","Force Field"],"picked":"Chill+1","floor":48}],"player_experience":953308,"relics_obtained":[{"floor":7,"key":"FossilizedHelix"},{"floor":9,"key":"Incense Burner"},{"floor":19,"key":"Old Coin"},{"floor":26,"key":"Torii"},{"floor":28,"key":"Pantograph"},{"floor":40,"key":"Matryoshka"},{"floor":42,"key":"Mango"},{"floor":43,"key":"PreservedInsect"},{"floor":43,"key":"The Courier"},{"floor":45,"key":"Bottled Lightning"},{"floor":47,"key":"Emotion Chip"}],"event_choices":[{"cards_removed":["Strike_B"],"damage_healed":0,"gold_gain":0,"player_choice":"Card Removal","damage_taken":7,"max_hp_gain":0,"max_hp_loss":0,"event_name":"Golden Wing","floor":2,"gold_loss":0},{"damage_healed":0,"gold_gain":0,"player_choice":"Got Potions","damage_taken":0,"max_hp_gain":0,"max_hp_loss":0,"event_name":"Lab","floor":3,"gold_loss":0},{"cards_removed":["Strike_B"],"damage_healed":0,"gold_gain":0,"player_choice":"Purged","damage_taken":0,"max_hp_gain":0,"max_hp_loss":0,"event_name":"Purifier","floor":11,"gold_loss":0},{"damage_healed":0,"gold_gain":0,"player_choice":"Read","damage_taken":0,"max_hp_gain":0,"max_hp_loss":0,"event_name":"The Library","floor":27,"gold_loss":0,"cards_obtained":["Glacier"]},{"damage_healed":0,"gold_gain":0,"player_choice":"Ignored","damage_taken":0,"max_hp_gain":0,"max_hp_loss":0,"event_name":"Ghosts","floor":29,"gold_loss":0},{"cards_removed":["Defend_B"],"damage_healed":0,"gold_gain":0,"player_choice":"Removed Skill","damage_taken":0,"max_hp_gain":0,"max_hp_loss":0,"event_name":"Falling","floor":36,"gold_loss":0},{"damage_healed":0,"gold_gain":0,"player_choice":"Fight","damage_taken":0,"max_hp_gain":0,"max_hp_loss":0,"event_name":"Mysterious Sphere","floor":42,"gold_loss":0},{"cards_removed":["Injury"],"damage_healed":0,"gold_gain":0,"player_choice":"Removed Curses","damage_taken":0,"max_hp_gain":0,"max_hp_loss":0,"event_name":"Fountain of Cleansing","floor":46,"gold_loss":0}],"is_beta":true,"boss_relics":[{"not_picked":["Ectoplasm","Black Star"],"picked":"Velvet Choker"},{"not_picked":["Coffee Dripper","Lizard Tail"],"picked":"Cursed Key"}],"items_purged_floors":[14],"is_endless":false,"potions_floor_spawned":[4,16,18,21,28,33,37,39,40,48],"ascension_level":19}