{"gold_per_floor":[117,128,147,157,157,192,192,223,297,297,362,362,374,374,374,452,452,471,471,491,117,117,149,149,181,181,194,221,14,28,28,28,100,100,117,127,227,5,15,48,48,48,99,110,110,145,174,217,229,241,253,265,12,44,44],"floor_reached":55,"playtime":3991,"items_purged":["Strike_G"],"score":1729,"play_id":"c4201c9a-4b5e-4a36-9d32-9be29a29e82b","local_time":"20190219202356","is_ascension_mode":true,"campfire_choices":[{"data":"Backstab","floor":7.0,"key":"SMITH"},{"data":"Cloak And Dagger","floor":10.0,"key":"SMITH"},{"data":"Cloak And Dagger","floor":15.0,"key":"SMITH"},{"floor":24.0,"key":"REST"},{"floor":32.0,"key":"REST"},{"floor":41.0,"key":"RECALL"},{"floor":42.0,"key":"REST"},{"floor":49,"key":"REST"},{"floor":52,"key":"REST"}],"neow_cost":"NONE","seed_source_timestamp":161044037265115,"circlet_count":0,"master_deck":["AscendersBane","Defend_G","Defend_G","Defend_G","Defend_G+1","Survivor","Neutralize","Quick Slash","Leg Sweep+1","Footwork","Dash","Backstab+1","Caltrops","Cloak And Dagger+1","Backstab","Dagger Spray","Cloak And Dagger+1","A Thousand Cuts+1","Dagger Throw","Acrobatics","Caltrops+1","Infinite Blades+1","Hello World+1","Flex+1","Corruption+1","Noxious Fumes+1","Headbutt+1","Corpse Explosion","Heel Hook+1","Bouncing Flask+1","Dodge and Roll+1","Ball Lightning+1","Twin Strike+1","Noxious Fumes+1","Feel No Pain+1","Force Field+1","Blind+1","Well Laid Plans+1","Leg Sweep","Acrobatics","Finesse","Leap+1"],"special_seed":0,"relics":["Ring of the Snake","Ninja Scroll","StoneCalendar","Frozen Egg 2","Tiny Chest","Fusion Hammer","PrismaticShard","Art of War","Strawberry","Ginger","Dodecahedron","War Paint","Kunai","Astrolabe","Du-Vu Doll","OrangePellets","WingedGreaves","MawBank","Omamori","Blue Candle"],"potions_floor_usage":[55,55],"damage_taken":[{"damage":1.0,"enemies":"Cultist","floor":1.0,"turns":4.0},{"damage":2.0,"enemies":"Jaw Worm","floor":2.0,"turns":5.0},{"damage":0.0,"enemies":"2 Louse","floor":3.0,"turns":3.0},{"damage":4.0,"enemies":"Large Slime","floor":4.0,"turns":12.0},{"damage":4.0,"enemies":"Gremlin Nob","floor":6.0,"turns":5.0},{"damage":0.0,"enemies":"3 Sentries","floor":8.0,"turns":9.0},{"damage":1.0,"enemies":"Gremlin Nob","floor":11.0,"turns":4.0},{"damage":0.0,"enemies":"Exordium Wildlife","floor":13.0,"turns":3.0},{"damage":5.0,"enemies":"Hexaghost","floor":16.0,"turns":9.0},{"damage":3.0,"enemies":"Chosen","floor":18.0,"turns":4.0},{"damage":1.0,"enemies":"Shell Parasite","floor":20.0,"turns":3.0},{"damage":6.0,"enemies":"Slavers","floor":23.0,"turns":5.0},{"damage":0.0,"enemies":"Gremlin Leader","floor":25.0,"turns":4.0},{"damage":4.0,"enemies":"Snecko","floor":27.0,"turns":4.0},{"damage":11.0,"enemies":"Book of Stabbing","floor":28.0,"turns":5.0},{"damage":1.0,"enemies":"Centurion and Healer","floor":30.0,"turns":5.0},{"damage":0.0,"enemies":"Collector","floor":33.0,"turns":7.0},{"damage":0.0,"enemies":"Orb Walker","floor":35.0,"turns":2.0},{"damage":0.0,"enemies":"3 Shapes","floor":36.0,"turns":4.0},{"damage":5.0,"enemies":"Mind Bloom Boss Battle","floor":37.0,"turns":6.0},{"damage":3.0,"enemies":"Sphere and 2 Shapes","floor":39.0,"turns":5.0},{"damage":27.0,"enemies":"Reptomancer","floor":40.0,"turns":5.0},{"damage":6.0,"enemies":"Jaw Worm Horde","floor":44.0,"turns":4.0},{"damage":6.0,"enemies":"Giant Head","floor":46.0,"turns":6.0},{"damage":8,"enemies":"Transient","floor":47,"turns":5},{"damage":0,"enemies":"Reptomancer","floor":48,"turns":5},{"damage":56,"enemies":"Time Eater","floor":50,"turns":11},{"damage":43,"enemies":"Shield and Spear","floor":54,"turns":5},{"damage":31,"enemies":"The Heart","floor":55,"turns":3}],"seed_played":"-2228968334220302236","potions_obtained":[{"floor":1.0,"key":"SteroidPotion"},{"floor":4.0,"key":"SkillPotion"},{"floor":8.0,"key":"Swift Potion"},{"floor":20.0,"key":"SteroidPotion"},{"floor":23.0,"key":"LiquidBronze"},{"floor":25.0,"key":"Ancient Potion"},{"floor":30.0,"key":"FearPotion"},{"floor":36.0,"key":"Poison Potion"},{"floor":40.0,"key":"Energy Potion"},{"floor":48,"key":"EssenceOfSteel"}],"is_trial":false,"path_per_floor":["M","M","M","M","?","E","R","E","T","R","E","?","M","?","R","B",null,"M","?","M","$","?","E","R","E","T","M","E","$","M","T","R","B",null,"M","M","?","$","M","E","R","R","T","M","?","E","M","E","R","B",null,"R","$","E","B"],"character_chosen":"THE_SILENT","items_purchased":["Caltrops+1","PrismaticShard","Noxious Fumes+1","War Paint","OrangePellets","Well Laid Plans+1","Leg Sweep","Acrobatics","Finesse"],"campfire_rested":5,"item_purchase_floors":[21,21,29,29,38,53,53,53,53],"current_hp_per_floor":[58,56,56,52,52,48,48,48,48,48,47,40,40,40,40,35,58,55,37,36,36,50,44,65,72,72,68,57,57,56,56,78,78,78,78,78,73,73,70,43,43,66,66,60,60,54,46,46,68,12,59,74,74,31,0],"gold":44,"neow_bonus":"THREE_CARDS","is_prod":false,"is_daily":false,"chose_seed":false,"campfire_upgraded":3,"win_rate":0,"timestamp":1550625836,"path_taken":["M","M","?","M","?","E","R","E","T","R","E","?","M","?","R","BOSS","M","?","M","$","?","E","R","E","T","M","E","$","M","?","R","BOSS","M","M","?","$","M","E","R","R","T","M","?","E","?","E","R","BOSS","R","$","E","BOSS"],"build_version":"2019-01-23","purchased_purges":1,"victory":false,"max_hp_per_floor":[66,66,66,66,66,66,66,66,66,66,66,66,66,66,66,66,66,66,71,71,71,71,71,71,78,78,78,78,78,78,78,78,78,78,78,78,78,78,78,78,78,78,78,78,74,74,74,74,74,74,74,74,74,74,74],"card_choices":[{"not_picked":["PiercingWail","Catalyst"],"picked":"Quick Slash","floor":0.0},{"not_picked":["Prepared","Underhanded Strike"],"picked":"Leg Sweep","floor":1.0},{"not_picked":["Catalyst","Cloak And Dagger"],"picked":"Footwork","floor":2.0},{"not_picked":["Slice","Catalyst"],"picked":"Dash","floor":3.0},{"not_picked":["Eviscerate","Dagger Throw"],"picked":"Backstab","floor":4.0},{"not_picked":["Bane","Deflect"],"picked":"Cloak And Dagger","floor":6.0},{"not_picked":["Leg Sweep","PiercingWail"],"picked":"Backstab","floor":8.0},{"not_picked":["Acrobatics","Calculated Gamble"],"picked":"Dagger Spray","floor":11.0},{"not_picked":["Heel Hook","Dodge and Roll"],"picked":"Cloak And Dagger","floor":13.0},{"not_picked":["Adrenaline","Phantasmal Killer"],"picked":"A Thousand Cuts+1","floor":16.0},{"not_picked":["Endless Agony","Cloak And Dagger"],"picked":"Dagger Throw","floor":18.0},{"not_picked":["Choke","Expertise"],"picked":"Acrobatics","floor":20.0},{"not_picked":["Bane","Heatsinks+1"],"picked":"Infinite Blades+1","floor":23.0},{"not_picked":["True Grit","Impatience"],"picked":"Hello World+1","floor":25.0},{"not_picked":["Redo","Armaments"],"picked":"Flex+1","floor":27.0},{"not_picked":["Searing Blow+1","Mind Blast"],"picked":"Corruption+1","floor":28.0},{"not_picked":["Undo","Jack Of All Trades"],"picked":"Headbutt+1","floor":30.0},{"not_picked":["Amplify","Secret Weapon"],"picked":"Corpse Explosion","floor":33.0},{"not_picked":["Armaments","Dagger Throw","Turbo+1"],"picked":"SKIP","floor":35.0},{"not_picked":["Wild Strike","Fire Breathing+1"],"picked":"Ball Lightning+1","floor":36.0},{"not_picked":["Deadly Poison","Wild Strike"],"picked":"Twin Strike+1","floor":37.0},{"not_picked":["Barrage","Blade Dance","Ball Lightning"],"picked":"SKIP","floor":39.0},{"not_picked":["Heatsinks+1","Armaments+1"],"picked":"Noxious Fumes+1","floor":40.0},{"not_picked":["Headbutt","Steam"],"picked":"Feel No Pain+1","floor":44.0},{"not_picked":["Searing Blow+1","Headbutt+1","Wild Strike"],"picked":"SKIP","floor":46.0},{"not_picked":["Poisoned Stab","Double Energy"],"picked":"Force Field+1","floor":47},{"not_picked":["Sword Boomerang","Blood for Blood"],"picked":"Blind+1","floor":48},{"not_picked":["Violence","Conserve Battery"],"picked":"Leap+1","floor":54}],"player_experience":507259,"relics_obtained":[{"floor":6.0,"key":"Ninja Scroll"},{"floor":8.0,"key":"StoneCalendar"},{"floor":9.0,"key":"Frozen Egg 2"},{"floor":11.0,"key":"Tiny Chest"},{"floor":23.0,"key":"Art of War"},{"floor":25.0,"key":"Strawberry"},{"floor":26.0,"key":"Ginger"},{"floor":28.0,"key":"Dodecahedron"},{"floor":31.0,"key":"Kunai"},{"floor":37.0,"key":"Du-Vu Doll"},{"floor":40.0,"key":"WingedGreaves"},{"floor":46.0,"key":"MawBank"},{"floor":48,"key":"Omamori"},{"floor":54,"key":"Blue Candle"}],"event_choices":[{"damage_healed":0.0,"max_hp_gain":0.0,"max_hp_loss":0.0,"gold_gain":0.0,"cards_transformed":["Strike_G"],"event_name":"Living Wall","player_choice":"Change","floor":5.0,"gold_loss":0.0,"damage_taken":0.0,"cards_obtained":["Caltrops"]},{"cards_removed":["Strike_G"],"damage_healed":0.0,"max_hp_gain":0.0,"max_hp_loss":0.0,"gold_gain":0.0,"event_name":"Golden Wing","player_choice":"Card Removal","floor":12.0,"gold_loss":0.0,"damage_taken":7.0},{"damage_healed":0.0,"max_hp_gain":0.0,"max_hp_loss":0.0,"gold_gain":0.0,"event_name":"Liars Game","player_choice":"Ignored","floor":14.0,"gold_loss":0.0,"damage_taken":0.0},{"damage_healed":0.0,"max_hp_gain":5.0,"max_hp_loss":0.0,"gold_gain":0.0,"event_name":"Forgotten Altar","player_choice":"Shed Blood","floor":19.0,"gold_loss":0.0,"damage_taken":23.0},{"damage_healed":14.0,"max_hp_gain":0.0,"max_hp_loss":0.0,"gold_gain":0.0,"event_name":"The Library","player_choice":"Heal","floor":22.0,"gold_loss":0.0,"damage_taken":0.0},{"damage_healed":0.0,"max_hp_gain":0.0,"max_hp_loss":0.0,"gold_gain":0.0,"event_name":"MindBloom","player_choice":"Fight","floor":37.0,"gold_loss":0.0,"damage_taken":0.0},{"damage_healed":0.0,"max_hp_gain":0.0,"max_hp_loss":4.0,"gold_gain":0.0,"event_name":"Winding Halls","player_choice":"Max HP","floor":45.0,"gold_loss":0.0,"damage_taken":0.0}],"is_beta":false,"boss_relics":[{"not_picked":["Pandora\u0027s Box","HoveringKite"],"picked":"Fusion Hammer"},{"not_picked":["Tiny House","Orrery"],"picked":"Astrolabe"}],"items_purged_floors":[21],"is_endless":false,"potions_floor_spawned":[1,4,8,20,23,25,30,36,40,48],"killed_by":"The Heart","ascension_level":16}