{"gold_per_floor":[110,160,171,8,23,50,50,81,81,91,105,105,132,145,145,145],"floor_reached":16,"playtime":566,"items_purged":[],"score":287,"play_id":"7b671473-03a3-4bb9-8cb3-39246af31721","local_time":"20190204020959","is_ascension_mode":true,"campfire_choices":[{"data":"Zap","floor":7,"key":"SMITH"},{"floor":12,"key":"REST"},{"data":"Blizzard","floor":15,"key":"SMITH"}],"neow_cost":"NONE","seed_source_timestamp":114501310723700,"circlet_count":0,"master_deck":["AscendersBane","Strike_B","Strike_B","Strike_B","Strike_B","Defend_B","Defend_B","Defend_B","Defend_B","Zap+1","Dualcast","Conserve Battery","Cold Snap","Hyperbeam","Undo","Electrodynamics","Cold Snap","Compile Driver","Cold Snap","Blizzard+1"],"relics":["Cracked Core","Mummified Hand","Happy Flower","Dodecahedron","Dream Catcher"],"potions_floor_usage":[11,13,16],"damage_taken":[{"damage":7,"enemies":"Jaw Worm","floor":1,"turns":3},{"damage":0,"enemies":"Cultist","floor":3,"turns":4},{"damage":2,"enemies":"Small Slimes","floor":5,"turns":2},{"damage":34,"enemies":"Lagavulin","floor":6,"turns":8},{"damage":8,"enemies":"3 Sentries","floor":8,"turns":6},{"damage":0,"enemies":"Looter","floor":10,"turns":3},{"damage":3,"enemies":"Exordium Thugs","floor":11,"turns":2},{"damage":0,"enemies":"Gremlin Nob","floor":13,"turns":3},{"damage":0,"enemies":"Lots of Slimes","floor":14,"turns":1},{"damage":40,"enemies":"Hexaghost","floor":16,"turns":9}],"seed_played":"5314572049989924323","potions_obtained":[{"floor":3,"key":"Dexterity Potion"},{"floor":6,"key":"GamblersBrew"},{"floor":8,"key":"GamblersBrew"},{"floor":11,"key":"Fire Potion"}],"is_trial":false,"path_per_floor":["M","?","M","$","M","E","R","E","T","M","M","R","E","M","R","B"],"character_chosen":"DEFECT","items_purchased":["Hyperbeam"],"campfire_rested":1,"item_purchase_floors":[4],"current_hp_per_floor":[64,64,64,64,62,28,28,20,20,20,17,40,40,40,40,0],"gold":145,"neow_bonus":"TEN_PERCENT_HP_BONUS","is_prod":false,"is_daily":false,"chose_seed":false,"campfire_upgraded":2,"win_rate":0,"timestamp":1549274999,"path_taken":["M","?","M","$","M","E","R","E","T","M","M","R","E","M","R","BOSS"],"build_version":"2019-01-23","purchased_purges":0,"victory":false,"max_hp_per_floor":[78,78,78,78,78,78,78,78,78,78,78,78,78,78,78,78],"card_choices":[{"not_picked":["Redo","Beam Cell"],"picked":"Conserve Battery","floor":1},{"not_picked":["Hologram","Conserve Battery"],"picked":"Cold Snap","floor":3},{"not_picked":["Barrage","Rainbow"],"picked":"Undo","floor":5},{"not_picked":["Sweeping Beam","Leap"],"picked":"Electrodynamics","floor":6},{"not_picked":["Redo","Tempest"],"picked":"Cold Snap","floor":8},{"not_picked":["Steam","Redo"],"picked":"Compile Driver","floor":10},{"not_picked":["Gash","Hologram"],"picked":"Cold Snap","floor":11},{"not_picked":["Steam","Beam Cell"],"picked":"Blizzard","floor":13},{"not_picked":["Hello World","Redo","Barrage"],"picked":"SKIP","floor":14}],"player_experience":621150,"relics_obtained":[{"floor":6,"key":"Mummified Hand"},{"floor":8,"key":"Happy Flower"},{"floor":9,"key":"Dodecahedron"},{"floor":13,"key":"Dream Catcher"}],"event_choices":[{"damage_healed":0,"gold_gain":50,"player_choice":"Pray","damage_taken":0,"max_hp_gain":0,"max_hp_loss":0,"event_name":"Golden Shrine","floor":2,"gold_loss":0}],"is_beta":false,"boss_relics":[],"items_purged_floors":[],"is_endless":false,"potions_floor_spawned":[3,6,8,10,11],"killed_by":"Hexaghost","ascension_level":19}