{"gold_per_floor":[366,4,14,33,49,81,81,113,162,201,213,175,187,210,222,339,351,376,402,434,301,313,345,345,362,362,372,382,382],"floor_reached":29,"playtime":1556,"items_purged":["Strike_R"],"score":430,"play_id":"d0c84266-b14c-4e3f-bf13-c960199d9127","local_time":"20190207212200","is_ascension_mode":true,"campfire_choices":[{"data":"Dark Embrace","floor":7,"key":"SMITH"},{"data":"True Grit","floor":13,"key":"SMITH"},{"floor":15,"key":"REST"},{"floor":24,"key":"REST"}],"neow_cost":"CURSE","seed_source_timestamp":83079067028446,"circlet_count":0,"master_deck":["AscendersBane","Strike_R","Strike_R","Strike_R","Defend_R","Defend_R","Defend_R","Defend_R","Bash","Clumsy","Anger","Shrug It Off","Dark Embrace+1","Heavy Blade","Thunderclap","Heavy Blade","True Grit+1","Rampage","Twin Strike","Limit Break","Disarm","Sword Boomerang","Clothesline","Disarm","Flame Barrier","Pommel Strike","Burning Pact","Havoc","Parasite","Second Wind","Dropkick"],"special_seed":0,"relics":["Burning Blood","Du-Vu Doll","Bird Faced Urn","Pantograph","MawBank","Ancient Tea Set","Regal Pillow","Cursed Key","Dream Catcher"],"potions_floor_usage":[6,10,22,23,23,25,29],"damage_taken":[{"damage":19.0,"enemies":"Small Slimes","floor":1.0,"turns":5.0},{"damage":1.0,"enemies":"Cultist","floor":3.0,"turns":3.0},{"damage":0.0,"enemies":"2 Louse","floor":4.0,"turns":2.0},{"damage":8.0,"enemies":"2 Fungi Beasts","floor":5.0,"turns":3.0},{"damage":12,"enemies":"3 Sentries","floor":6,"turns":6},{"damage":24,"enemies":"Gremlin Nob","floor":8,"turns":4},{"damage":30,"enemies":"3 Sentries","floor":10,"turns":7},{"damage":13,"enemies":"Blue Slaver","floor":14,"turns":2},{"damage":70,"enemies":"Hexaghost","floor":16,"turns":8},{"damage":19,"enemies":"3 Byrds","floor":18,"turns":4},{"damage":12,"enemies":"Chosen","floor":19,"turns":3},{"damage":7,"enemies":"Snecko","floor":20,"turns":5},{"damage":29,"enemies":"Sentry and Sphere","floor":22,"turns":4},{"damage":29,"enemies":"Gremlin Leader","floor":23,"turns":7},{"damage":9,"enemies":"Cultist and Chosen","floor":25,"turns":7},{"damage":7,"enemies":"3 Cultists","floor":27,"turns":5},{"damage":29,"enemies":"Centurion and Healer","floor":28,"turns":7},{"damage":44,"enemies":"Slavers","floor":29,"turns":3}],"seed_played":"7511795916960526868","potions_obtained":[{"floor":3.0,"key":"EssenceOfSteel"},{"floor":5.0,"key":"Explosive Potion"},{"floor":6,"key":"PowerPotion"},{"floor":16,"key":"Energy Potion"},{"floor":22,"key":"BloodPotion"},{"floor":25,"key":"Fruit Juice"},{"floor":28,"key":"EssenceOfSteel"}],"is_trial":false,"path_per_floor":["M","$","M","M","M","E","R","E","T","E","?","?","R","M","R","B",null,"M","M","M","$","M","E","R","M","T","M","M","E"],"character_chosen":"IRONCLAD","items_purchased":["Du-Vu Doll","Shrug It Off","Disarm"],"campfire_rested":2,"item_purchase_floors":[2,2,21],"current_hp_per_floor":[59,59,64,70,68,62,62,46,46,26,19,19,19,12,51,14,64,53,49,50,50,29,16,55,59,59,60,39,0],"gold":382,"neow_bonus":"TWO_FIFTY_GOLD","is_prod":false,"is_daily":false,"chose_seed":false,"campfire_upgraded":2,"win_rate":0,"timestamp":1549592520,"path_taken":["M","$","M","M","M","E","R","E","T","E","?","?","R","M","R","BOSS","M","M","M","$","M","E","R","M","T","M","M","E"],"build_version":"2019-01-23","purchased_purges":1,"victory":false,"max_hp_per_floor":[80,80,80,80,80,80,80,80,80,80,80,80,80,80,80,80,80,80,80,80,80,80,80,80,85,85,85,85,85],"card_choices":[{"not_picked":["Warcry","Armaments"],"picked":"Anger","floor":1.0},{"not_picked":["Sword Boomerang","Infernal Blade"],"picked":"Dark Embrace","floor":3.0},{"not_picked":["Armaments","Flex"],"picked":"Heavy Blade","floor":4.0},{"not_picked":["Sentinel","Cleave"],"picked":"Thunderclap","floor":5.0},{"not_picked":["Searing Blow","Wild Strike"],"picked":"Heavy Blade","floor":6},{"not_picked":["Sword Boomerang","Clothesline"],"picked":"True Grit","floor":8},{"not_picked":["Exhume","Inflame"],"picked":"Rampage","floor":10},{"not_picked":["Clothesline","Perfected Strike"],"picked":"Twin Strike","floor":14},{"not_picked":["Double Tap","Feed"],"picked":"Limit Break","floor":16},{"not_picked":["Warcry","Heavy Blade"],"picked":"Disarm","floor":18},{"not_picked":["Cleave","Thunderclap"],"picked":"Sword Boomerang","floor":19},{"not_picked":["Armaments","Rampage"],"picked":"Clothesline","floor":20},{"not_picked":["Rampage","Thunderclap"],"picked":"Flame Barrier","floor":22},{"not_picked":["Flex","Bludgeon"],"picked":"Pommel Strike","floor":23},{"not_picked":["Cleave","Body Slam"],"picked":"Burning Pact","floor":24},{"not_picked":["Warcry","Headbutt"],"picked":"Havoc","floor":25},{"not_picked":["Brutality","Armaments"],"picked":"Second Wind","floor":27},{"not_picked":["Perfected Strike","Bloodletting"],"picked":"Dropkick","floor":28}],"player_experience":380452,"relics_obtained":[{"floor":6,"key":"Bird Faced Urn"},{"floor":8,"key":"Pantograph"},{"floor":9,"key":"MawBank"},{"floor":10,"key":"Ancient Tea Set"},{"floor":23,"key":"Dream Catcher"}],"event_choices":[{"damage_healed":0,"gold_gain":0,"player_choice":"Success","damage_taken":7,"relics_obtained":["Regal Pillow"],"max_hp_gain":0,"max_hp_loss":0,"event_name":"Scrap Ooze","floor":11,"gold_loss":0},{"cards_removed":["Strike_R"],"damage_healed":0,"gold_gain":0,"player_choice":"Card Removal","damage_taken":0,"max_hp_gain":0,"max_hp_loss":0,"event_name":"The Cleric","floor":12,"gold_loss":50}],"is_beta":false,"boss_relics":[{"not_picked":["Coffee Dripper","Runic Pyramid"],"picked":"Cursed Key"}],"items_purged_floors":[21],"is_endless":false,"potions_floor_spawned":[3,5,6,16,20,22,25,28],"killed_by":"Slavers","ascension_level":12}