{"gold_per_floor":[119,171,171,183,258,258,258,293,293,307,307,324,344,2,2,81,81,98,98,98,113,38,38],"floor_reached":23,"playtime":788,"items_purged":["Strike_B"],"score":359,"play_id":"1b47623d-b7ac-4029-8fd5-97f0b92d3099","local_time":"20190120232232","is_ascension_mode":true,"campfire_choices":[{"data":"Cold Snap","floor":6,"key":"SMITH"},{"floor":11,"key":"REST"},{"data":"Consume","floor":15,"key":"SMITH"}],"neow_cost":"NONE","seed_source_timestamp":889089913844900,"circlet_count":0,"master_deck":["AscendersBane","Strike_B","Defend_B+1","Defend_B","Defend_B","Defend_B","Zap+1","Dualcast","Capacitor+1","Cold Snap+1","Self Repair","Heatsinks","White Noise","Ball Lightning","Consume+1","Static Discharge","Buffer","Loop","Self Repair","Seek","Lockon","Force Field"],"relics":["Cracked Core","War Paint","Mummified Hand","Question Card","ClockworkSouvenir","Inserter"],"potions_floor_usage":[3,16,21,23],"damage_taken":[{"damage":1,"enemies":"Cultist","floor":1,"turns":3},{"damage":1,"enemies":"Small Slimes","floor":4,"turns":3},{"damage":60,"enemies":"3 Sentries","floor":8,"turns":10},{"damage":0,"enemies":"2 Louse","floor":10,"turns":2},{"damage":1,"enemies":"2 Fungi Beasts","floor":12,"turns":3},{"damage":4,"enemies":"Exordium Wildlife","floor":13,"turns":3},{"damage":14,"enemies":"Hexaghost","floor":16,"turns":8},{"damage":33,"enemies":"Shell Parasite","floor":18,"turns":6},{"damage":28,"enemies":"2 Thieves","floor":21,"turns":3},{"damage":33,"enemies":"Book of Stabbing","floor":23,"turns":3}],"seed_played":"-2683364507928063669","potions_obtained":[{"floor":1,"key":"LiquidBronze"},{"floor":3,"key":"Energy Potion"},{"floor":3,"key":"Fruit Juice"},{"floor":10,"key":"Strength Potion"},{"floor":12,"key":"Block Potion"},{"floor":16,"key":"EssenceOfSteel"}],"is_trial":false,"path_per_floor":["M","T","?","M","?","R","?","E","T","M","R","M","M","$","R","B",null,"M","?","?","M","$","E"],"character_chosen":"DEFECT","items_purchased":["ClockworkSouvenir","Consume","Static Discharge"],"campfire_rested":1,"item_purchase_floors":[14,14,14],"current_hp_per_floor":[70,70,75,74,63,63,63,3,3,3,27,33,36,36,36,29,70,44,44,44,30,30,0],"gold":38,"neow_bonus":"TEN_PERCENT_HP_BONUS","is_prod":false,"is_daily":false,"chose_seed":false,"campfire_upgraded":2,"win_rate":0,"timestamp":1548055352,"path_taken":["M","?","?","?","?","R","?","E","T","M","R","M","M","$","R","BOSS","M","?","?","M","$","E"],"build_version":"2019-01-17v2","purchased_purges":1,"victory":false,"max_hp_per_floor":[78,78,83,83,83,83,83,83,83,83,83,83,83,83,83,83,83,83,83,83,83,83,83],"card_choices":[{"not_picked":["Chill","Hologram"],"picked":"Capacitor","floor":1},{"not_picked":["Hologram","Streamline"],"picked":"Cold Snap","floor":4},{"not_picked":["Reprogram","Hologram"],"picked":"Self Repair","floor":8},{"not_picked":["Hologram","Cold Snap","Tempest"],"picked":"Heatsinks","floor":10},{"not_picked":["Melter","Redo","Conserve Battery"],"picked":"White Noise","floor":12},{"not_picked":["Steam","Streamline","Turbo"],"picked":"Ball Lightning","floor":13},{"not_picked":["Seek","Multi-Cast","Machine Learning"],"picked":"Buffer","floor":16},{"not_picked":["Ball Lightning","Gash","Hologram"],"picked":"Loop","floor":18},{"not_picked":["Conserve Battery","Blizzard","Sunder+1"],"picked":"Force Field","floor":21}],"player_experience":570830,"relics_obtained":[{"floor":2,"key":"War Paint"},{"floor":8,"key":"Mummified Hand"},{"floor":9,"key":"Question Card"}],"event_choices":[{"damage_healed":0,"gold_gain":0,"player_choice":"Got Potions","damage_taken":0,"max_hp_gain":0,"max_hp_loss":0,"event_name":"Lab","floor":3,"gold_loss":0},{"damage_healed":0,"gold_gain":75,"player_choice":"Gather Gold","damage_taken":11,"max_hp_gain":0,"max_hp_loss":0,"event_name":"World of Goop","floor":5,"gold_loss":0},{"damage_healed":0,"gold_gain":0,"player_choice":"Grow","damage_taken":0,"max_hp_gain":0,"max_hp_loss":0,"event_name":"Living Wall","floor":7,"gold_loss":0,"cards_upgraded":["Capacitor"]},{"damage_healed":0,"gold_gain":0,"player_choice":"Read","damage_taken":0,"max_hp_gain":0,"max_hp_loss":0,"event_name":"The Library","floor":19,"gold_loss":0,"cards_obtained":["Self Repair"]},{"damage_healed":0,"gold_gain":0,"cards_transformed":["Strike_B","Strike_B"],"player_choice":"Became Test Subject","damage_taken":0,"max_hp_gain":0,"max_hp_loss":0,"event_name":"Drug Dealer","floor":20,"gold_loss":0,"cards_obtained":["Seek","Lockon"]}],"is_beta":false,"boss_relics":[{"not_picked":["Runic Pyramid","Eternal Feather"],"picked":"Inserter"}],"items_purged_floors":[22],"is_endless":false,"potions_floor_spawned":[1,10,12,16],"killed_by":"Book of Stabbing","ascension_level":18}