{"gold_per_floor":[116,136,151,151,165,165,177,177,177,177,195,220,41,57,57,130,130,147,147,164,79,79,79],"floor_reached":23,"playtime":1287,"items_purged":[],"score":469,"play_id":"45428482-bddb-45bb-b18d-7662e8bb17d4","local_time":"20180623235257","is_ascension_mode":true,"campfire_choices":[{"data":"Fusion","floor":6,"key":"SMITH"},{"data":"Buffer","floor":8,"key":"SMITH"},{"data":"Zap","floor":10,"key":"SMITH"},{"data":"Defragment","floor":15,"key":"SMITH"}],"neow_cost":"NONE","seed_source_timestamp":526332285162901,"circlet_count":0,"master_deck":["Strike_B","Strike_B+1","Strike_B","Strike_B+1","Defend_B","Defend_B","Defend_B","Defend_B","Zap+1","Dualcast","AscendersBane","Rebound","Turbo","Fusion+1","Cold Snap","Compile Driver","Buffer+1","Hello World","Reinforced Body","Defragment+1","Hologram","Defragment","Go for the Eyes"],"relics":["Cracked Core","Art of War","Whetstone","Pen Nib","Nuclear Battery","Toolbox"],"potions_floor_usage":[12,16,23,23,23],"damage_taken":[{"damage":1,"enemies":"Small Slimes","floor":1,"turns":4},{"damage":0,"enemies":"2 Louse","floor":2,"turns":3},{"damage":1,"enemies":"Cultist","floor":3,"turns":3},{"damage":15,"enemies":"3 Louse","floor":5,"turns":4},{"damage":12,"enemies":"2 Fungi Beasts","floor":7,"turns":3},{"damage":22,"enemies":"Exordium Thugs","floor":11,"turns":4},{"damage":0,"enemies":"Gremlin Nob","floor":12,"turns":4},{"damage":0,"enemies":"Looter","floor":14,"turns":4},{"damage":0,"enemies":"The Guardian","floor":16,"turns":12},{"damage":0,"enemies":"Spheric Guardian","floor":18,"turns":2},{"damage":11,"enemies":"Shell Parasite","floor":20,"turns":6},{"damage":87,"enemies":"Gremlin Leader","floor":23,"turns":6}],"seed_played":"-8179299969338779330","potions_obtained":[{"floor":1,"key":"Regen Potion"},{"floor":7,"key":"Poison Potion"},{"floor":11,"key":"SkillPotion"},{"floor":18,"key":"Swift Potion"},{"floor":22,"key":"EntropicBrew"}],"is_trial":false,"path_per_floor":["M","M","M","?","M","R","M","R","T","R","M","E","$","M","R","B",null,"M","?","M","?","?"],"character_chosen":"DEFECT","items_purchased":["Defragment","Pen Nib"],"campfire_rested":0,"item_purchase_floors":[13,13],"current_hp_per_floor":[63,63,62,67,52,52,40,40,40,40,18,30,30,30,30,30,65,65,86,75,75,75,0],"gold":79,"neow_bonus":"THREE_CARDS","is_prod":false,"is_daily":false,"chose_seed":false,"campfire_upgraded":4,"win_rate":0,"timestamp":1529790777,"path_taken":["M","M","M","?","M","R","M","R","T","R","M","E","$","M","R","BOSS","M","?","M","?","?","E"],"build_version":"2018-06-21v2","purchased_purges":0,"victory":false,"max_hp_per_floor":[71,71,71,76,76,76,76,76,76,76,76,76,76,76,76,76,76,76,86,86,86,86,86],"card_choices":[{"not_picked":["Double Energy","Turbo"],"picked":"Rebound","floor":0},{"not_picked":["Reprogram","Redo"],"picked":"Turbo","floor":1},{"not_picked":["Turbo","Rebound"],"picked":"Fusion","floor":2},{"not_picked":["Streamline","Sweeping Beam"],"picked":"Cold Snap","floor":3},{"not_picked":["Streamline","Fusion"],"picked":"Compile Driver","floor":5},{"not_picked":["Beam Cell","Storm"],"picked":"Buffer","floor":7},{"not_picked":["Melter","Rip and Tear"],"picked":"Hello World","floor":11},{"not_picked":["Redo","Double Energy"],"picked":"Reinforced Body","floor":12},{"not_picked":["Turbo","Sweeping Beam"],"picked":"Hologram","floor":14},{"not_picked":["Amplify","Buffer"],"picked":"Reboot","floor":16},{"not_picked":["Recycle","Consume+1"],"picked":"Defragment","floor":18},{"not_picked":["Heatsinks","Compile Driver"],"picked":"Go for the Eyes","floor":20}],"player_experience":681103,"relics_obtained":[{"floor":9,"key":"Art of War"},{"floor":12,"key":"Whetstone"}],"event_choices":[{"event_name":"Big Fish","player_choice":"Donut","floor":4,"damage_taken":0},{"event_name":"Bonfire Elementals","player_choice":"RARE","floor":19,"damage_taken":0},{"event_name":"Addict","player_choice":"Obtained Relic","floor":21,"damage_taken":0},{"event_name":"The Lab","player_choice":"Got Potions","floor":22,"damage_taken":0}],"boss_relics":[{"not_picked":["Fusion Hammer","Coffee Dripper"],"picked":"Nuclear Battery"}],"items_purged_floors":[],"is_endless":false,"potions_floor_spawned":[1,7,11,18],"killed_by":"Gremlin Leader","ascension_level":15}