{"gold_per_floor":[111,111,111,111,36,36,67,67,67,67,78,92,109,109,109,180,180,196,23,0,19,30,30],"floor_reached":23,"playtime":656,"items_purged":["Strike_B"],"score":378,"play_id":"9053ea2b-0ec8-4429-b367-ed42616bb10a","local_time":"20190206200220","is_ascension_mode":true,"campfire_choices":[{"data":"Defragment","floor":6,"key":"SMITH"},{"data":"Zap","floor":8,"key":"SMITH"},{"floor":10,"key":"REST"},{"data":"Echo Form","floor":15,"key":"SMITH"}],"neow_cost":"NONE","seed_source_timestamp":36236847718300,"circlet_count":0,"master_deck":["AscendersBane","Strike_B","Strike_B","Defend_B","Defend_B","Defend_B","Defend_B+1","Zap+1","Dualcast+1","Defragment+1","Rebound","BootSequence","Echo Form+1","Ball Lightning","Thunder Strike","Heatsinks","Ball Lightning"],"relics":["Cracked Core","Singing Bowl","Anchor","Pantograph","Cursed Key","Bag of Preparation"],"potions_floor_usage":[22],"damage_taken":[{"damage":0,"enemies":"2 Louse","floor":1,"turns":2},{"damage":23,"enemies":"Lagavulin","floor":7,"turns":7},{"damage":3,"enemies":"Small Slimes","floor":11,"turns":3},{"damage":0,"enemies":"Jaw Worm","floor":12,"turns":3},{"damage":1,"enemies":"Red Slaver","floor":13,"turns":3},{"damage":16,"enemies":"The Guardian","floor":16,"turns":8},{"damage":13,"enemies":"Spheric Guardian","floor":18,"turns":4},{"damage":14,"enemies":"Shell Parasite","floor":21,"turns":4},{"damage":10,"enemies":"Snecko","floor":22,"turns":4},{"damage":47,"enemies":"Book of Stabbing","floor":23,"turns":3}],"seed_played":"-4140439421530320778","potions_obtained":[{"floor":11,"key":"Explosive Potion"},{"floor":13,"key":"Strength Potion"},{"floor":16,"key":"SpeedPotion"}],"is_trial":false,"path_per_floor":["M","?","?","?","$","R","E","R","T","R","M","M","M","T","R","B",null,"M","$","?","M","M","E"],"character_chosen":"DEFECT","items_purchased":["Bag of Preparation"],"campfire_rested":1,"item_purchase_floors":[19],"current_hp_per_floor":[71,64,41,41,41,41,18,18,18,41,38,38,37,37,37,46,70,57,57,57,43,35,0],"gold":30,"neow_bonus":"TEN_PERCENT_HP_BONUS","is_prod":false,"is_daily":false,"chose_seed":false,"campfire_upgraded":3,"win_rate":0,"timestamp":1549512140,"path_taken":["M","?","?","?","?","R","E","R","T","R","M","M","?","?","R","BOSS","M","$","?","M","M","E"],"build_version":"2019-01-23","purchased_purges":1,"victory":false,"max_hp_per_floor":[78,78,78,78,78,78,78,78,78,78,78,78,78,78,78,78,78,78,78,78,78,80,80],"card_choices":[{"not_picked":["Stack","Darkness"],"picked":"Defragment","floor":1},{"not_picked":["Compile Driver","Stack"],"picked":"Rebound","floor":7},{"not_picked":["Gash","Turbo"],"picked":"BootSequence","floor":11},{"not_picked":["Coolheaded","Compile Driver"],"picked":"Echo Form","floor":12},{"not_picked":["Gash","Coolheaded"],"picked":"Ball Lightning","floor":13},{"not_picked":["Multi-Cast","Buffer"],"picked":"Thunder Strike","floor":16},{"not_picked":["Redo","Barrage"],"picked":"Heatsinks","floor":18},{"not_picked":["Lockon","Skim"],"picked":"Ball Lightning","floor":21},{"not_picked":["Rip and Tear+1","Go for the Eyes","Streamline"],"picked":"Singing Bowl","floor":22}],"player_experience":647770,"relics_obtained":[{"floor":7,"key":"Singing Bowl"},{"floor":9,"key":"Anchor"},{"floor":14,"key":"Pantograph"}],"event_choices":[{"cards_removed":["Strike_B"],"damage_healed":0,"gold_gain":0,"player_choice":"Card Removal","damage_taken":7,"max_hp_gain":0,"max_hp_loss":0,"event_name":"Golden Wing","floor":2,"gold_loss":0},{"damage_healed":0,"gold_gain":0,"player_choice":"Entered Light","damage_taken":23,"max_hp_gain":0,"max_hp_loss":0,"event_name":"Shining Light","floor":3,"gold_loss":0,"cards_upgraded":["Defend_B","Dualcast"]},{"damage_healed":0,"gold_gain":0,"player_choice":"Ignored","damage_taken":0,"max_hp_gain":0,"max_hp_loss":0,"event_name":"Liars Game","floor":4,"gold_loss":0},{"damage_healed":0,"gold_gain":0,"player_choice":"Paid Fearfully","damage_taken":0,"max_hp_gain":0,"max_hp_loss":0,"event_name":"Masked Bandits","floor":20,"gold_loss":23}],"is_beta":false,"boss_relics":[{"not_picked":["Empty Cage","Busted Crown"],"picked":"Cursed Key"}],"items_purged_floors":[5],"is_endless":false,"potions_floor_spawned":[11,13,16,21],"killed_by":"Book of Stabbing","ascension_level":20}