{"gold_per_floor":[114,189,189,35,49,84,84,101,171,185,220,220,232,251,251,351,351,370,370,370,370,41,41,76,93,117,117,117],"floor_reached":28,"playtime":1057,"items_purged":[],"score":350,"play_id":"317ad811-c382-4c93-888b-b5724271ca25","local_time":"20181110003748","is_ascension_mode":true,"campfire_choices":[{"data":"Immolate","floor":7,"key":"SMITH"},{"data":"Pommel Strike","floor":12,"key":"SMITH"},{"data":"Flame Barrier","floor":15,"key":"SMITH"},{"data":"Fiend Fire","floor":23,"key":"SMITH"},{"floor":27,"key":"REST"}],"neow_cost":"NONE","seed_source_timestamp":115044583877076,"circlet_count":0,"master_deck":["Strike_R+1","Strike_R+1","Strike_R+1","Strike_R+1","Defend_R+1","Defend_R+1","Defend_R+1","Defend_R+1","Bash+1","Entrench","Pommel Strike+1","Immolate+1","Infernal Blade","Flame Barrier+1","Clothesline","Headbutt+1","Fiend Fire+1","Thunderclap","Evolve","Wild Strike+1","Blood for Blood+1"],"relics":["Black Blood","Pen Nib","Red Skull","Vajra","Mango","Shuriken","Strawberry","Kunai","Whetstone","Smiling Mask"],"potions_floor_usage":[11,16,24],"damage_taken":[{"damage":6,"enemies":"2 Louse","floor":1,"turns":3},{"damage":0,"enemies":"Small Slimes","floor":5,"turns":3},{"damage":16,"enemies":"Gremlin Nob","floor":6,"turns":3},{"damage":6,"enemies":"Cultist","floor":8,"turns":3},{"damage":0,"enemies":"3 Louse","floor":10,"turns":1},{"damage":0,"enemies":"3 Sentries","floor":11,"turns":3},{"damage":0,"enemies":"Looter","floor":13,"turns":2},{"damage":0,"enemies":"Exordium Thugs","floor":14,"turns":2},{"damage":19,"enemies":"The Guardian","floor":16,"turns":12},{"damage":41,"enemies":"2 Thieves","floor":18,"turns":4},{"damage":43,"enemies":"Book of Stabbing","floor":24,"turns":4},{"damage":8,"enemies":"Chosen","floor":25,"turns":3},{"damage":55,"enemies":"Gremlin Leader","floor":28,"turns":7}],"seed_played":"-3350627201442587768","potions_obtained":[{"floor":1,"key":"Poison Potion"},{"floor":8,"key":"Swift Potion"},{"floor":11,"key":"Block Potion"},{"floor":13,"key":"LiquidBronze"}],"is_trial":false,"path_per_floor":["M","?","?","$","M","E","R","M","T","M","E","R","M","M","R","B",null,"M","?","?","?","$","R","E","M","T","R","E"],"character_chosen":"IRONCLAD","items_purchased":["Vajra","Kunai","Evolve"],"campfire_rested":1,"item_purchase_floors":[4,22,22],"current_hp_per_floor":[80,69,69,69,75,79,79,79,79,85,98,98,101,101,101,88,101,70,50,50,50,50,50,17,19,19,50,0],"gold":117,"neow_bonus":"RANDOM_COMMON_RELIC","is_prod":false,"is_daily":false,"chose_seed":false,"campfire_upgraded":4,"win_rate":0,"timestamp":1541839068,"path_taken":["M","?","?","$","M","E","R","M","T","?","E","R","M","M","R","BOSS","M","?","?","?","$","R","E","?","T","R","E"],"build_version":"2018-11-08","purchased_purges":0,"victory":false,"max_hp_per_floor":[80,80,80,80,80,94,94,94,94,94,101,101,101,101,101,101,101,101,106,106,106,106,106,106,106,106,106,106],"card_choices":[{"not_picked":["Perfected Strike","Clothesline"],"picked":"Entrench","floor":1},{"not_picked":["Wild Strike","Sword Boomerang"],"picked":"Pommel Strike","floor":5},{"not_picked":["Headbutt","Twin Strike"],"picked":"Immolate","floor":6},{"not_picked":["Hemokinesis","Clash"],"picked":"Infernal Blade","floor":8},{"not_picked":["Heavy Blade","Clothesline"],"picked":"Flame Barrier","floor":10},{"not_picked":["Bloodletting","Warcry"],"picked":"Clothesline","floor":11},{"not_picked":["Berserk","Clothesline"],"picked":"Headbutt","floor":13},{"not_picked":["Warcry","Dual Wield","Power Through"],"picked":"SKIP","floor":14},{"not_picked":["Berserk","Reaper"],"picked":"Fiend Fire","floor":16},{"not_picked":["Shrug It Off","Twin Strike"],"picked":"Thunderclap","floor":18},{"not_picked":["Cleave+1","Heavy Blade+1"],"picked":"Wild Strike+1","floor":24},{"not_picked":["Intimidate","Shrug It Off"],"picked":"Blood for Blood+1","floor":25}],"player_experience":384444,"relics_obtained":[{"floor":6,"key":"Mango"},{"floor":9,"key":"Shuriken"},{"floor":11,"key":"Strawberry"},{"floor":24,"key":"Whetstone"},{"floor":26,"key":"Smiling Mask"}],"event_choices":[{"damage_healed":0,"gold_gain":75,"player_choice":"Gather Gold","damage_taken":11,"max_hp_gain":0,"max_hp_loss":0,"event_name":"World of Goop","floor":2,"gold_loss":0},{"damage_healed":0,"gold_gain":0,"player_choice":"Gave Potion","damage_taken":0,"relics_obtained":["Red Skull"],"max_hp_gain":0,"max_hp_loss":0,"event_name":"WeMeetAgain","floor":3,"gold_loss":0},{"damage_healed":0,"gold_gain":0,"player_choice":"Shed Blood","damage_taken":25,"max_hp_gain":5,"max_hp_loss":0,"event_name":"Forgotten Altar","floor":19,"gold_loss":0},{"damage_healed":0,"gold_gain":0,"player_choice":"Simplicity","damage_taken":0,"max_hp_gain":0,"max_hp_loss":0,"event_name":"Back to Basics","floor":20,"gold_loss":0,"cards_upgraded":["Strike_R","Strike_R","Strike_R","Strike_R","Strike_R","Defend_R","Defend_R","Defend_R","Defend_R"]},{"cards_removed":["Strike_R"],"damage_healed":0,"gold_gain":0,"player_choice":"Offered Basic","damage_taken":0,"max_hp_gain":0,"max_hp_loss":0,"event_name":"Bonfire Elementals","floor":21,"gold_loss":0}],"is_beta":false,"boss_relics":[{"not_picked":["White Beast Statue","Lizard Tail"],"picked":"Black Blood"}],"items_purged_floors":[],"is_endless":false,"potions_floor_spawned":[1,8,11,13],"killed_by":"Gremlin Leader","ascension_level":4}