{"gold_per_floor":[111,36,49,49,49,49,83,83,106,121,121,149,149,149,149,253,253,273,273,24,123,48,83,83,99,147,147,178,212,226,4,4,4],"floor_reached":33,"playtime":1392,"items_purged":["Strike_R"],"score":369,"play_id":"003c0f4d-6595-4790-b696-f28c4ef1a98f","local_time":"20181109022213","is_ascension_mode":true,"campfire_choices":[{"data":"Feel No Pain","floor":6,"key":"SMITH"},{"data":"Spot Weakness","floor":8,"key":"SMITH"},{"data":"Spot Weakness","floor":11,"key":"SMITH"},{"floor":15,"key":"REST"},{"data":"Berserk","floor":24,"key":"SMITH"},{"floor":32,"key":"REST"}],"neow_cost":"PERCENT_DAMAGE","seed_source_timestamp":34578682086494,"circlet_count":0,"master_deck":["Strike_R+1","Strike_R+1","Defend_R+1","Defend_R+1","Bash","Evolve","Intimidate","Feel No Pain+1","Infernal Blade+1","Spot Weakness+1","Spot Weakness+1","Corruption","Berserk+1","True Grit","Anger+1","Armaments","Ghostly Armor","Exhume","Havoc+1","Feel No Pain","Warcry","Battle Trance","Thunderclap"],"relics":["Burning Blood","Juzu Bracelet","Strawberry","Kunai","Ancient Tea Set","Philosopher\u0027s Stone","Paper Frog","Mango","Whetstone","Red Mask","Anchor"],"potions_floor_usage":[18,18,28,29,29,29,29,29],"damage_taken":[{"damage":0,"enemies":"2 Louse","floor":1,"turns":5},{"damage":1,"enemies":"Small Slimes","floor":3,"turns":5},{"damage":33,"enemies":"Gremlin Nob","floor":7,"turns":5},{"damage":0,"enemies":"Cultist","floor":10,"turns":2},{"damage":16,"enemies":"3 Sentries","floor":12,"turns":6},{"damage":19,"enemies":"Hexaghost","floor":16,"turns":9},{"damage":25,"enemies":"Shell Parasite","floor":18,"turns":7},{"damage":50,"enemies":"Book of Stabbing","floor":23,"turns":5},{"damage":12,"enemies":"Chosen","floor":25,"turns":5},{"damage":18,"enemies":"Masked Bandits","floor":28,"turns":5},{"damage":31,"enemies":"Gremlin Leader","floor":29,"turns":7},{"damage":0,"enemies":"Shelled Parasite and Fungi","floor":30,"turns":5},{"damage":84,"enemies":"Collector","floor":33,"turns":7}],"seed_played":"-695314243993008972","potions_obtained":[{"floor":7,"key":"Swift Potion"},{"floor":10,"key":"SpeedPotion"},{"floor":18,"key":"Swift Potion"},{"floor":19,"key":"SteroidPotion"},{"floor":19,"key":"FearPotion"},{"floor":28,"key":"EntropicBrew"}],"is_trial":false,"path_per_floor":["M","$","M","?","?","R","E","R","T","M","R","E","?","?","R","B",null,"M","?","$","?","?","E","R","M","T","?","?","E","M","$","R","B"],"character_chosen":"IRONCLAD","items_purchased":["Paper Frog","Feel No Pain","Warcry","Battle Trance","Thunderclap"],"campfire_rested":2,"item_purchase_floors":[20,31,31,31,31],"current_hp_per_floor":[62,62,67,67,51,51,24,24,31,37,37,27,15,8,34,21,87,68,68,68,68,68,38,38,32,32,32,20,10,16,16,46,0],"gold":4,"neow_bonus":"TRANSFORM_TWO_CARDS","is_prod":false,"is_daily":false,"chose_seed":false,"campfire_upgraded":4,"win_rate":0,"timestamp":1541758933,"path_taken":["M","$","M","?","?","R","E","R","T","M","R","E","?","?","R","BOSS","M","?","$","?","?","E","R","M","T","?","?","E","M","$","R","BOSS"],"build_version":"2018-11-08","purchased_purges":1,"victory":false,"max_hp_per_floor":[80,80,80,80,80,80,80,80,87,87,87,87,87,87,87,87,87,87,87,87,87,87,101,101,101,101,101,101,101,101,101,101,101],"card_choices":[{"not_picked":["Headbutt","Twin Strike"],"picked":"Feel No Pain","floor":1},{"not_picked":["Clash","Flex"],"picked":"Infernal Blade","floor":3},{"not_picked":["Shockwave","Iron Wave"],"picked":"Spot Weakness","floor":7},{"not_picked":["Sword Boomerang","Heavy Blade"],"picked":"Spot Weakness","floor":10},{"not_picked":["Sentinel","Fiend Fire"],"picked":"Corruption","floor":12},{"not_picked":["Brutality","Bludgeon"],"picked":"Berserk","floor":16},{"not_picked":["Heavy Blade","Bloodletting"],"picked":"True Grit","floor":18},{"not_picked":["Twin Strike","Cleave+1"],"picked":"Anger+1","floor":23},{"not_picked":["True Grit","Inflame"],"picked":"Armaments","floor":25},{"not_picked":["Perfected Strike","Sword Boomerang"],"picked":"Ghostly Armor","floor":28},{"not_picked":["Havoc","Intimidate+1"],"picked":"Exhume","floor":29},{"not_picked":["True Grit","Shrug It Off"],"picked":"Havoc+1","floor":30}],"player_experience":376221,"relics_obtained":[{"floor":7,"key":"Juzu Bracelet"},{"floor":9,"key":"Strawberry"},{"floor":12,"key":"Kunai"},{"floor":23,"key":"Mango"},{"floor":26,"key":"Whetstone"},{"floor":28,"key":"Red Mask"},{"floor":29,"key":"Anchor"}],"event_choices":[{"damage_healed":0,"gold_gain":0,"player_choice":"Grow","damage_taken":0,"max_hp_gain":0,"max_hp_loss":0,"event_name":"Living Wall","floor":4,"gold_loss":0,"cards_upgraded":["Infernal Blade"]},{"damage_healed":0,"gold_gain":0,"player_choice":"Entered Light","damage_taken":16,"max_hp_gain":0,"max_hp_loss":0,"event_name":"Shining Light","floor":5,"gold_loss":0,"cards_upgraded":["Defend_R","Defend_R"]},{"damage_healed":0,"gold_gain":0,"player_choice":"Success","damage_taken":12,"relics_obtained":["Ancient Tea Set"],"max_hp_gain":0,"max_hp_loss":0,"event_name":"Scrap Ooze","floor":13,"gold_loss":0},{"cards_removed":["Defend_R"],"damage_healed":0,"gold_gain":0,"player_choice":"Card Removal","damage_taken":7,"max_hp_gain":0,"max_hp_loss":0,"event_name":"Golden Wing","floor":14,"gold_loss":0},{"damage_healed":0,"gold_gain":0,"player_choice":"Got Potions","damage_taken":0,"max_hp_gain":0,"max_hp_loss":0,"event_name":"Lab","floor":19,"gold_loss":0},{"damage_healed":0,"gold_gain":99,"player_choice":"Stole From Cult","damage_taken":0,"max_hp_gain":0,"max_hp_loss":0,"event_name":"Nest","floor":21,"gold_loss":0},{"cards_removed":["Defend_R"],"damage_healed":0,"gold_gain":0,"player_choice":"Gave Gold","damage_taken":0,"max_hp_gain":0,"max_hp_loss":0,"event_name":"Beggar","floor":22,"gold_loss":75},{"damage_healed":0,"gold_gain":0,"player_choice":"Ignored","damage_taken":0,"max_hp_gain":0,"max_hp_loss":0,"event_name":"Vampires","floor":27,"gold_loss":0},{"damage_healed":0,"gold_gain":0,"player_choice":"Fought Bandits","damage_taken":0,"max_hp_gain":0,"max_hp_loss":0,"event_name":"Masked Bandits","floor":28,"gold_loss":0}],"is_beta":false,"boss_relics":[{"not_picked":["Cursed Key","Orrery"],"picked":"Philosopher\u0027s Stone"}],"items_purged_floors":[2],"is_endless":false,"potions_floor_spawned":[7,10,18,23,28],"killed_by":"Collector","ascension_level":4}