{"gold_per_floor":[109,34,109,124,143,143,172,172,218,14,49,49,75,94,94,173,173,184,195,195,110,124,124,156,156,156,156,173,184,184,199,199,275,275,292,292,292,304,304,334,352,352,352,352,24,24,35,52,52,52],"floor_reached":50,"playtime":2963,"items_purged":["Masterful Stab"],"score":875,"play_id":"b52de845-d110-4d63-9448-f1e756dcef94","local_time":"20180911130717","is_ascension_mode":true,"campfire_choices":[{"data":"Choke","floor":6.0,"key":"SMITH"},{"floor":8.0,"key":"REST"},{"data":"Neutralize","floor":12.0,"key":"SMITH"},{"data":"Endless Agony","floor":15.0,"key":"SMITH"},{"floor":23.0,"key":"REST"},{"floor":27.0,"key":"REST"},{"data":"Blade Dance","floor":30.0,"key":"SMITH"},{"floor":32.0,"key":"REST"},{"data":"After Image","floor":42.0,"key":"SMITH"},{"data":"1","floor":49.0,"key":"LIFT"}],"neow_cost":"NONE","seed_source_timestamp":546735594995062,"circlet_count":0,"master_deck":["Defend_G+1","Defend_G","Defend_G","Defend_G","Defend_G+1","Strike_G","Strike_G","Survivor","Neutralize+1","AscendersBane","Backstab","Choke+1","Endless Agony+1","Backflip","After Image+1","Burst","Dagger Throw+1","Tactician","Blade Dance+1","Well Laid Plans","Expertise","Prepared+1","Accuracy","A Thousand Cuts","Endless Agony","Bandage Up","Dodge and Roll"],"special_seed":0,"relics":["Ring of the Snake","NeowsBlessing","Omamori","Blood Vial","PreservedInsect","Kunai","Boot","Empty Cage","Unceasing Top","Dream Catcher","Art of War","Shuriken","Busted Crown","War Paint","Girya","Ornamental Fan"],"potions_floor_usage":[50,50],"damage_taken":[{"damage":0.0,"enemies":"2 Louse","floor":1.0,"turns":1.0},{"damage":0.0,"enemies":"Jaw Worm","floor":4.0,"turns":1.0},{"damage":0.0,"enemies":"Cultist","floor":5.0,"turns":1.0},{"damage":29.0,"enemies":"Lagavulin","floor":7.0,"turns":7.0},{"damage":10.0,"enemies":"3 Sentries","floor":11.0,"turns":6.0},{"damage":0.0,"enemies":"Blue Slaver","floor":14.0,"turns":2.0},{"damage":20.0,"enemies":"Slime Boss","floor":16.0,"turns":18.0},{"damage":0.0,"enemies":"3 Byrds","floor":18.0,"turns":5.0},{"damage":21.0,"enemies":"Spheric Guardian","floor":19.0,"turns":7.0},{"damage":17.0,"enemies":"3 Cultists","floor":22.0,"turns":6.0},{"damage":27.0,"enemies":"Slavers","floor":24.0,"turns":8.0},{"damage":3.0,"enemies":"Shelled Parasite and Fungi","floor":28.0,"turns":5.0},{"damage":5.0,"enemies":"Centurion and Healer","floor":29.0,"turns":8.0},{"damage":7.0,"enemies":"Cultist and Chosen","floor":31.0,"turns":5.0},{"damage":36.0,"enemies":"Champ","floor":33.0,"turns":12.0},{"damage":5.0,"enemies":"3 Shapes","floor":35.0,"turns":4.0},{"damage":12.0,"enemies":"3 Darklings","floor":38.0,"turns":4.0},{"damage":22.0,"enemies":"Giant Head","floor":40.0,"turns":6.0},{"damage":0.0,"enemies":"Maw","floor":41.0,"turns":7.0},{"damage":24.0,"enemies":"Transient","floor":47.0,"turns":5.0},{"damage":0.0,"enemies":"4 Shapes","floor":48.0,"turns":7.0},{"damage":48,"enemies":"Time Eater","floor":50,"turns":14}],"seed_played":"-5048951549096539529","potions_obtained":[{"floor":1.0,"key":"SkillPotion"},{"floor":5.0,"key":"Strength Potion"},{"floor":14.0,"key":"Block Potion"},{"floor":16.0,"key":"GhostInAJar"},{"floor":22.0,"key":"Fire Potion"},{"floor":24.0,"key":"Energy Potion"},{"floor":31.0,"key":"AttackPotion"},{"floor":41.0,"key":"GhostInAJar"},{"floor":48.0,"key":"Strength Potion"}],"is_trial":false,"path_per_floor":["M","?","?","M","M","R","E","R","T","$","E","R","T","M","R","B",null,"M","M","?","?","M","R","E","?","T","R","M","M","R","M","R","B",null,"M","?","?","M","?","E","M","R","T","?","$","?","M","M","R"],"character_chosen":"THE_SILENT","items_purchased":["PreservedInsect","Backflip","Ornamental Fan"],"campfire_rested":4,"item_purchase_floors":[10,10,45],"current_hp_per_floor":[59,59,48,48,48,48,19,38,38,38,30,30,30,32,32,14,53,55,36,36,36,21,40,15,15,15,34,33,30,30,25,44,10,52,49,49,49,39,39,19,21,21,21,21,21,54,34,40,40,0],"gold":52,"neow_bonus":"THREE_ENEMY_KILL","is_prod":false,"is_daily":false,"chose_seed":false,"campfire_upgraded":5,"win_rate":0,"timestamp":1536638837,"path_taken":["M","?","?","?","M","R","E","R","T","$","E","R","?","M","R","BOSS","M","M","?","?","M","R","E","?","T","R","M","M","R","M","R","BOSS","M","?","?","M","?","E","M","R","T","?","$","?","M","?","R","BOSS"],"build_version":"2018-09-06","purchased_purges":1,"victory":false,"max_hp_per_floor":[66,66,66,66,66,66,66,66,66,66,66,66,66,66,66,66,66,66,66,66,66,66,66,66,66,66,66,66,66,66,66,66,66,66,66,66,66,66,66,66,66,66,66,66,66,54,54,54,54,54],"card_choices":[{"not_picked":["Bane","Flying Knee"],"picked":"Masterful Stab","floor":1.0},{"not_picked":["Choke","Cloak And Dagger"],"picked":"Backstab","floor":4.0},{"not_picked":["Deflect","Backflip"],"picked":"Choke","floor":5.0},{"not_picked":["Cloak And Dagger","Dagger Throw"],"picked":"Endless Agony","floor":7.0},{"not_picked":["Catalyst","Blur"],"picked":"After Image","floor":11.0},{"not_picked":["Quick Slash","Leg Sweep","Backflip"],"picked":"SKIP","floor":14.0},{"not_picked":["Wraith Form v2","Corpse Explosion"],"picked":"Burst","floor":16.0},{"not_picked":["Finisher","Catalyst"],"picked":"Dagger Throw+1","floor":18.0},{"not_picked":["Backflip","Quick Slash"],"picked":"Tactician","floor":19.0},{"not_picked":["Underhanded Strike","Dodge and Roll"],"picked":"Blade Dance","floor":22.0},{"not_picked":["Sucker Punch","Dagger Throw"],"picked":"Finisher","floor":24.0},{"not_picked":["Phantasmal Killer","Cloak And Dagger"],"picked":"Well Laid Plans","floor":27.0},{"not_picked":["Blade Dance","Backstab"],"picked":"Expertise","floor":28.0},{"not_picked":["Sucker Punch","Infinite Blades"],"picked":"Prepared+1","floor":29.0},{"not_picked":["Blade Dance","Outmaneuver","Underhanded Strike"],"picked":"SKIP","floor":31.0},{"not_picked":["Doppelganger","Quick Slash"],"picked":"Accuracy","floor":32.0},{"not_picked":["Bullet Time","Burst"],"picked":"A Thousand Cuts","floor":33.0},{"not_picked":[],"picked":"Endless Agony","floor":38.0},{"not_picked":["Finisher"],"picked":"SKIP","floor":40.0},{"not_picked":["Poisoned Stab+1"],"picked":"SKIP","floor":41.0},{"not_picked":[],"picked":"Bandage Up","floor":44.0},{"not_picked":["Finisher"],"picked":"SKIP","floor":47.0},{"not_picked":[],"picked":"Dodge and Roll","floor":48.0}],"player_experience":643578,"relics_obtained":[{"floor":7.0,"key":"Omamori"},{"floor":9.0,"key":"Blood Vial"},{"floor":11.0,"key":"Kunai"},{"floor":13.0,"key":"Boot"},{"floor":24.0,"key":"Dream Catcher"},{"floor":26.0,"key":"Shuriken"},{"floor":40.0,"key":"War Paint"},{"floor":43.0,"key":"Girya"}],"event_choices":[{"event_name":"The Cleric","player_choice":"Card Removal","floor":2.0,"damage_taken":0.0},{"event_name":"World of Goop","player_choice":"Gather Gold","floor":3.0,"damage_taken":0.0},{"event_name":"Ghosts","player_choice":"Ignored","floor":20.0,"damage_taken":0.0},{"event_name":"Addict","player_choice":"Obtained Relic","floor":21.0,"damage_taken":0.0},{"event_name":"WeMeetAgain","player_choice":"Potion","floor":25.0,"damage_taken":0.0},{"event_name":"Tomb of Lord Red Mask","player_choice":"Ignored","floor":36.0,"damage_taken":0.0},{"event_name":"Falling","player_choice":"Removed Attack","floor":37.0,"damage_taken":0.0},{"event_name":"SecretPortal","player_choice":"Rejected Portal.","floor":39.0,"damage_taken":0.0},{"event_name":"SensoryStone","player_choice":"Memory 1","floor":44.0,"damage_taken":0.0},{"event_name":"The Moai Head","player_choice":"Heal","floor":46.0,"damage_taken":0.0}],"is_beta":false,"boss_relics":[{"not_picked":["Ring of the Serpent","Astrolabe"],"picked":"Empty Cage"},{"not_picked":["Pandora\u0027s Box","Cursed Key"],"picked":"Busted Crown"}],"items_purged_floors":[45],"is_endless":false,"potions_floor_spawned":[1,5,14,16,22,24,31,41,48],"killed_by":"Time Eater","ascension_level":15}