{"path_per_floor":["M","?","M","?","T","E","$","R","T","R","E","R","M","M","R","B",null,"M","M","T","?","M","$","E","?","T","R","?","$","R","M","R","B",null,"M","T","?","$","M","R","$","R","T","R","E","$","R","M","R","B"],"character_chosen":"DEFECT","items_purchased":["Symbiotic Virus","Creative AI","Glacier","Art of War","Capacitor"],"gold_per_floor":[145,220,239,239,239,273,23,23,48,48,77,77,89,103,103,198,198,213,225,225,225,236,92,127,127,151,151,151,71,71,89,89,191,191,206,206,206,51,62,62,9,9,9,9,38,38,38,49,49,49],"floor_reached":51,"campfire_rested":4,"playtime":2565,"current_hp_per_floor":[75,64,59,59,59,34,34,34,34,34,16,38,38,34,34,23,75,65,65,65,65,51,51,1,1,1,23,23,23,23,23,45,38,75,66,66,66,66,64,64,64,64,64,64,46,46,46,48,70,27],"items_purged":[],"gold":49,"score":851,"play_id":"2a3f55df-e209-46c1-a7f0-db78fb7439e2","local_time":"20180510173825","is_prod":false,"is_daily":false,"chose_seed":false,"is_ascension_mode":true,"campfire_upgraded":8,"timestamp":1525966705,"path_taken":["M","?","M","?","?","E","?","R","T","R","E","R","M","?","R","BOSS","M","M","?","?","M","$","E","?","T","R","?","$","R","?","R","BOSS","M","?","?","?","?","R","$","R","T","R","E","?","R","M","R","BOSS"],"build_version":"2018-05-09","seed_source_timestamp":29586257663411,"purchased_purges":0,"victory":true,"master_deck":["Strike_B","Strike_B","Defend_B","Defend_B","Defend_B","Defend_B","Zap+1","Dualcast","Cold Snap","White Noise+1","Redo+1","Turbo","BootSequence","Buffer+1","Auto Shields+1","Hello World","Streamline","Creative AI+1","Coolheaded+1","Dramatic Entrance","Multi-Cast+1","Glacier","Hologram","All For One","Steam","Hologram+1","Storm+1","Consume+1","Machine Learning","Steam","Aggregate","Capacitor+1","Steam+1"],"max_hp_per_floor":[75,75,75,75,75,75,75,75,75,75,75,75,75,75,75,75,75,75,75,75,75,75,75,75,75,75,75,75,75,75,75,75,75,75,75,75,75,75,75,75,75,75,75,75,75,75,75,75,75,75],"relics":["Cracked Core","Tiny Chest","Darkstone Periapt","Pen Nib","Symbiotic Virus","Vajra","Bronze Scales","Nuclear Battery","Letter Opener","Oddly Smooth Stone","DataDisk","Orrery","Blood Vial","Art of War","Toolbox","Gambling Chip"],"card_choices":[{"not_picked":["Sunder","Darkness"],"picked":"Cold Snap","floor":1},{"not_picked":["Capacitor","Leap"],"picked":"White Noise","floor":3},{"not_picked":["Double Energy","Rip and Tear"],"picked":"Redo","floor":6},{"not_picked":["Doom and Gloom","Melter"],"picked":"Turbo","floor":11},{"not_picked":["Ball Lightning","Stack"],"picked":"BootSequence","floor":14},{"not_picked":["Biased Cognition","Nova"],"picked":"Buffer","floor":16},{"not_picked":["Undo","Axe Kick"],"picked":"Auto Shields","floor":18},{"not_picked":["Go for the Eyes","Turbo"],"picked":"Hello World","floor":19},{"not_picked":["Conserve Battery","Skim"],"picked":"Streamline","floor":22},{"not_picked":["Stack","Axe Kick"],"picked":"Coolheaded","floor":24},{"not_picked":["Ball Lightning","Turbo"],"picked":"Hologram","floor":31},{"not_picked":["Buffer","Machine Learning"],"picked":"All For One","floor":33},{"not_picked":["Axe Kick","Cold Snap"],"picked":"Steam","floor":34},{"not_picked":["Rebound","Ball Lightning"],"picked":"Hologram","floor":34},{"not_picked":["Sweeping Beam","Recycle"],"picked":"Storm","floor":34},{"not_picked":["Blizzard","Leap"],"picked":"Consume","floor":34},{"not_picked":["Stack","Skim"],"picked":"Machine Learning","floor":34},{"not_picked":["Axe Kick","Streamline"],"picked":"Steam","floor":35},{"not_picked":["Chaos","Ball Lightning"],"picked":"Aggregate","floor":39},{"not_picked":["Melter","Scrape"],"picked":"Steam","floor":45}],"player_experience":543678,"potions_floor_usage":[6,6,11,19,24,35,45,50],"damage_taken":[{"damage":0,"enemies":"2 Louse","floor":1,"turns":3},{"damage":5,"enemies":"Jaw Worm","floor":3,"turns":3},{"damage":25,"enemies":"Gremlin Nob","floor":6,"turns":6},{"damage":24,"enemies":"Lagavulin","floor":11,"turns":5},{"damage":0,"enemies":"Cultist","floor":13,"turns":2},{"damage":4,"enemies":"Red Slaver","floor":14,"turns":3},{"damage":11,"enemies":"Slime Boss","floor":16,"turns":7},{"damage":17,"enemies":"Spheric Guardian","floor":18,"turns":4},{"damage":0,"enemies":"Chosen","floor":19,"turns":6},{"damage":14,"enemies":"Centurion and Healer","floor":22,"turns":9},{"damage":50,"enemies":"Gremlin Leader","floor":24,"turns":9},{"damage":0,"enemies":"Sentry and Sphere","floor":31,"turns":6},{"damage":7,"enemies":"Champ","floor":33,"turns":10},{"damage":13,"enemies":"Flame Bruiser 1 Orb","floor":35,"turns":8},{"damage":4,"enemies":"Orb Walker","floor":39,"turns":3},{"damage":20,"enemies":"2 Orb Walkers","floor":45,"turns":3},{"damage":0,"enemies":"Maw","floor":48,"turns":6},{"damage":45,"enemies":"Awakened One","floor":50,"turns":13}],"event_choices":[{"event_name":"World of Goop","player_choice":"Gather Gold","floor":2,"damage_taken":0},{"event_name":"Purifier","player_choice":"One Purge","floor":4,"damage_taken":0},{"event_name":"Beggar","player_choice":"Ignored","floor":21,"damage_taken":0},{"event_name":"Match and Keep!","player_choice":"2 cards matched","floor":25,"damage_taken":0},{"event_name":"Drug Dealer","player_choice":"Ignored","floor":28,"damage_taken":0}],"boss_relics":[{"not_picked":["Sozu","Pandora\u0027s Box"],"picked":"Nuclear Battery"},{"not_picked":["Tiny House","Snecko Eye"],"picked":"Orrery"}],"potions_floor_spawned":[1,3,6,16,18,31,33,35,45,48],"seed_played":"2289569080689318645","ascension_level":4,"is_trial":false}