{"gold_per_floor":[112,112,112,19,34,78,78,117,166,184,184,209,209,224,224,224],"floor_reached":16,"playtime":433,"items_purged":[],"score":270,"play_id":"08be4370-bfe9-4690-9b49-a659aef9abb4","local_time":"20190226201007","is_ascension_mode":true,"campfire_choices":[{"floor":7,"key":"REST"},{"floor":13,"key":"REST"},{"data":"Envenom","floor":15,"key":"SMITH"}],"neow_cost":"NONE","seed_source_timestamp":945247061322953,"circlet_count":0,"master_deck":["AscendersBane","Defend_G","Defend_G","Defend_G","Defend_G","Defend_G","Strike_G","Strike_G","Strike_G","Strike_G","Strike_G","Survivor","Neutralize","Backflip","Noxious Fumes","Backflip","Dash","Cloak And Dagger","Noxious Fumes","Envenom+1"],"relics":["Ring of the Snake","NeowsBlessing","Golden Idol","Boot","Omamori","Blood Vial"],"potions_floor_usage":[16,16],"damage_taken":[{"damage":0,"enemies":"Small Slimes","floor":1,"turns":1},{"damage":0,"enemies":"2 Louse","floor":5,"turns":1},{"damage":0,"enemies":"3 Sentries","floor":6,"turns":2},{"damage":44,"enemies":"Gremlin Nob","floor":8,"turns":6},{"damage":0,"enemies":"Jaw Worm","floor":10,"turns":5},{"damage":9,"enemies":"Exordium Wildlife","floor":12,"turns":6},{"damage":1,"enemies":"Looter","floor":14,"turns":4},{"damage":40,"enemies":"Hexaghost","floor":16,"turns":9}],"seed_played":"-7025247391106774160","potions_obtained":[{"floor":10,"key":"GamblersBrew"},{"floor":14,"key":"Poison Potion"}],"is_trial":false,"path_per_floor":["M","?","?","$","M","E","R","E","T","M","?","M","R","M","R","B"],"character_chosen":"THE_SILENT","items_purchased":["Noxious Fumes","Backflip"],"campfire_rested":2,"item_purchase_floors":[4,4],"current_hp_per_floor":[59,36,41,41,41,41,62,18,18,20,20,13,34,35,35,0],"gold":224,"neow_bonus":"THREE_ENEMY_KILL","is_prod":false,"is_daily":false,"chose_seed":false,"campfire_upgraded":1,"win_rate":0,"timestamp":1551240607,"path_taken":["M","?","?","$","M","E","R","E","T","M","?","M","R","M","R","BOSS"],"build_version":"2019-01-23","purchased_purges":0,"victory":false,"max_hp_per_floor":[66,66,71,71,71,71,71,71,71,71,71,71,71,71,71,71],"card_choices":[{"not_picked":["Acrobatics","Heel Hook"],"picked":"Backflip","floor":1},{"not_picked":["Dodge and Roll","Slice","Expertise"],"picked":"SKIP","floor":5},{"not_picked":["Prepared","Outmaneuver"],"picked":"Dash","floor":6},{"not_picked":["Escape Plan","Dagger Throw"],"picked":"Cloak And Dagger","floor":8},{"not_picked":["Reflex","Riddle With Holes","Bane"],"picked":"SKIP","floor":10},{"not_picked":["Prepared","Deadly Poison"],"picked":"Noxious Fumes","floor":12},{"not_picked":["Finisher","Eviscerate"],"picked":"Envenom","floor":14}],"player_experience":732838,"relics_obtained":[{"floor":6,"key":"Boot"},{"floor":8,"key":"Omamori"},{"floor":9,"key":"Blood Vial"}],"event_choices":[{"damage_healed":0,"gold_gain":0,"player_choice":"Take Damage","damage_taken":23,"relics_obtained":["Golden Idol"],"max_hp_gain":0,"max_hp_loss":0,"event_name":"Golden Idol","floor":2,"gold_loss":0},{"damage_healed":0,"gold_gain":0,"player_choice":"Donut","damage_taken":0,"max_hp_gain":5,"max_hp_loss":0,"event_name":"Big Fish","floor":3,"gold_loss":0},{"damage_healed":0,"gold_gain":0,"player_choice":"Searched \u00271\u0027 times","damage_taken":0,"max_hp_gain":0,"max_hp_loss":0,"event_name":"Dead Adventurer","floor":11,"gold_loss":0}],"is_beta":false,"boss_relics":[],"items_purged_floors":[],"is_endless":false,"potions_floor_spawned":[10,14],"killed_by":"Hexaghost","ascension_level":20}