{"gold_per_floor":[359,18,38,56,56,56,73,73,127,155,183,221,252,264,276,360,372,398,38,116,135,185,212,212,43,69,69],"floor_reached":27,"playtime":970,"items_purged":["Strike_B","Strike_B"],"score":466,"play_id":"ea1825c4-ca32-4d7e-a51e-b0e51a6b4774","local_time":"20190213211212","is_ascension_mode":true,"campfire_choices":[{"data":"Zap","floor":6,"key":"SMITH"},{"data":"Sunder","floor":8,"key":"SMITH"},{"floor":15,"key":"REST"},{"floor":24,"key":"REST"}],"neow_cost":"TEN_PERCENT_HP_LOSS","seed_source_timestamp":644924507598700,"circlet_count":0,"master_deck":["AscendersBane","Strike_B","Strike_B","Defend_B","Defend_B","Defend_B","Defend_B","Zap+1","Dualcast","Compile Driver","Rebound","Sunder+1","Reboot","Glacier","Fusion+1","Redo","Biased Cognition","Ball Lightning","Seek","Static Discharge","Gash","Self Repair","Loop"],"relics":["Cracked Core","Symbiotic Virus","MawBank","Smiling Mask","Fusion Hammer","OrangePellets","Question Card","Ornamental Fan","Oddly Smooth Stone","Lantern"],"potions_floor_usage":[16,21,23,27],"damage_taken":[{"damage":0,"enemies":"Small Slimes","floor":1,"turns":3},{"damage":2,"enemies":"Cultist","floor":3,"turns":4},{"damage":3,"enemies":"2 Louse","floor":4,"turns":2},{"damage":18,"enemies":"Lots of Slimes","floor":7,"turns":3},{"damage":15,"enemies":"Gremlin Gang","floor":10,"turns":3},{"damage":0,"enemies":"Exordium Thugs","floor":11,"turns":3},{"damage":8,"enemies":"3 Sentries","floor":12,"turns":6},{"damage":0,"enemies":"2 Fungi Beasts","floor":13,"turns":2},{"damage":3,"enemies":"The Guardian","floor":16,"turns":9},{"damage":1,"enemies":"Spheric Guardian","floor":18,"turns":3},{"damage":8,"enemies":"3 Byrds","floor":21,"turns":5},{"damage":22,"enemies":"Book of Stabbing","floor":23,"turns":4},{"damage":62,"enemies":"Slavers","floor":27,"turns":3}],"seed_played":"1255686134099950510","potions_obtained":[{"floor":1,"key":"EssenceOfSteel"},{"floor":4,"key":"Fire Potion"},{"floor":7,"key":"Block Potion"},{"floor":13,"key":"Ancient Potion"},{"floor":16,"key":"Weak Potion"},{"floor":23,"key":"Regen Potion"}],"is_trial":false,"path_per_floor":["M","$","M","M","?","R","M","R","T","M","M","E","M","?","R","B",null,"M","$","T","M","?","E","R","$","T","E"],"character_chosen":"DEFECT","items_purchased":["Symbiotic Virus","OrangePellets","Static Discharge","Gash","Oddly Smooth Stone"],"campfire_rested":2,"item_purchase_floors":[2,19,19,19,25],"current_hp_per_floor":[64,64,62,59,59,59,41,41,41,26,26,18,18,18,37,34,57,56,56,56,48,48,33,52,52,52,0],"gold":69,"neow_bonus":"TWO_FIFTY_GOLD","is_prod":false,"is_daily":false,"chose_seed":false,"campfire_upgraded":2,"win_rate":0,"timestamp":1550121132,"path_taken":["M","$","M","M","?","R","M","R","T","M","M","E","?","?","R","BOSS","M","$","?","?","?","E","R","$","T","E"],"build_version":"2019-01-23","purchased_purges":2,"victory":false,"max_hp_per_floor":[64,64,64,64,64,64,64,64,64,64,64,64,64,64,64,64,64,64,64,64,64,64,64,64,64,64,64],"card_choices":[{"not_picked":["Force Field","Redo"],"picked":"Compile Driver","floor":1},{"not_picked":["Steam Power","Steam"],"picked":"Rebound","floor":3},{"not_picked":["Recycle","Steam"],"picked":"Sunder","floor":4},{"not_picked":["Melter","Compile Driver"],"picked":"Glacier","floor":7},{"not_picked":["Streamline","Rebound"],"picked":"Fusion","floor":10},{"not_picked":["Beam Cell","Turbo"],"picked":"Redo","floor":11},{"not_picked":["Hologram","Coolheaded"],"picked":"Biased Cognition","floor":12},{"not_picked":["Hologram","Barrage"],"picked":"Ball Lightning","floor":13},{"not_picked":["Creative AI","Amplify"],"picked":"Seek","floor":16},{"not_picked":["Sweeping Beam","Cold Snap","Stack"],"picked":"SKIP","floor":18},{"not_picked":["Barrage","Conserve Battery","Coolheaded"],"picked":"Self Repair","floor":21},{"not_picked":["Barrage","Force Field","Go for the Eyes"],"picked":"Loop","floor":23}],"player_experience":686252,"relics_obtained":[{"floor":9,"key":"MawBank"},{"floor":12,"key":"Smiling Mask"},{"floor":20,"key":"Question Card"},{"floor":23,"key":"Ornamental Fan"},{"floor":26,"key":"Lantern"}],"event_choices":[{"damage_healed":0,"gold_gain":0,"player_choice":"1 cards matched","damage_taken":0,"max_hp_gain":0,"max_hp_loss":0,"event_name":"Match and Keep!","floor":5,"gold_loss":0,"cards_obtained":["Reboot"]},{"damage_healed":0,"gold_gain":0,"player_choice":"Upgraded","damage_taken":0,"max_hp_gain":0,"max_hp_loss":0,"event_name":"Upgrade Shrine","floor":14,"gold_loss":0,"cards_upgraded":["Fusion"]},{"damage_healed":0,"gold_gain":50,"player_choice":"Stole From Cult","damage_taken":0,"max_hp_gain":0,"max_hp_loss":0,"event_name":"Nest","floor":22,"gold_loss":0}],"is_beta":false,"boss_relics":[{"not_picked":["Empty Cage","Runic Dome"],"picked":"Fusion Hammer"}],"items_purged_floors":[2,19],"is_endless":false,"potions_floor_spawned":[1,4,7,13,16,23],"killed_by":"Slavers","ascension_level":20}