{"gold_per_floor":[110,35,35,46,221,254,254,117,117,129,142,161,1,28,28,128,128,142,157,169,169,184,184,184,34,60,79,106,106,133,87,87,192,242,254,254,254,1,52,52,82,98,98,125,125,25,25,35,35,35],"floor_reached":51,"playtime":4156,"items_purged":["Strike_B","Doubt","Strike_B","Strike_B","Defend_B"],"score":766,"play_id":"4c45a433-b979-406a-b9aa-3bde2243a490","local_time":"20180816131326","is_ascension_mode":false,"campfire_choices":[{"data":"Zap","floor":15,"key":"SMITH"},{"data":"Redo","floor":23,"key":"SMITH"},{"data":"Darkness","floor":29,"key":"SMITH"},{"floor":32,"key":"REST"},{"data":"Dualcast","floor":40,"key":"SMITH"},{"floor":45,"key":"REST"},{"floor":49,"key":"REST"}],"neow_cost":"NONE","seed_source_timestamp":32021877149279,"circlet_count":0,"master_deck":["Defend_B","Defend_B","Defend_B","Zap+1","Dualcast+1","Biased Cognition","Lockon","White Noise","Redo+1","Static Discharge+1","Darkness+1","Self Repair","Barrage+1","Rainbow","BootSequence","Sweeping Beam+1","Redo+1","Barrage+1","Force Field+1","Coolheaded+1","Ball Lightning+1","Amplify+1","Hologram+1","Sweeping Beam+1","Glacier+1","Skim+1","Darkness+1","Seek+1","Force Field+1","Madness+1","Dark Shackles+1","Bandage Up+1","Redo+1"],"relics":["Cracked Core","Torii","Sundial","Molten Egg 2","Odd Mushroom","Sozu","Toxic Egg 2","Bag of Preparation","Incense Burner","Juzu Bracelet","Tiny House","Girya","Regal Pillow","Mercury Hourglass","Kunai"],"potions_floor_usage":[14,27,30],"damage_taken":[{"damage":1,"enemies":"2 Louse","floor":1,"turns":3},{"damage":6,"enemies":"Jaw Worm","floor":4,"turns":3},{"damage":15,"enemies":"Lagavulin","floor":6,"turns":7},{"damage":1,"enemies":"Small Slimes","floor":10,"turns":3},{"damage":6,"enemies":"2 Fungi Beasts","floor":11,"turns":2},{"damage":1,"enemies":"Looter","floor":12,"turns":3},{"damage":9,"floor":14,"turns":2},{"damage":0,"enemies":"Slime Boss","floor":16,"turns":5},{"damage":11,"enemies":"Chosen","floor":18,"turns":3},{"damage":21,"enemies":"2 Thieves","floor":19,"turns":4},{"damage":0,"enemies":"Cultist and Chosen","floor":20,"turns":3},{"damage":8,"enemies":"Snake Plant","floor":22,"turns":2},{"damage":1,"enemies":"Chosen and Byrds","floor":27,"turns":4},{"damage":13,"enemies":"Book of Stabbing","floor":28,"turns":4},{"damage":26,"enemies":"Slavers","floor":30,"turns":3},{"damage":10,"enemies":"Automaton","floor":33,"turns":6},{"damage":17,"enemies":"Flame Bruiser 1 Orb","floor":35,"turns":4},{"damage":43,"floor":39,"turns":4},{"damage":21,"enemies":"Giant Head","floor":41,"turns":7},{"damage":1,"enemies":"3 Shapes","floor":42,"turns":5},{"damage":21,"enemies":"2 Orb Walkers","floor":44,"turns":3},{"damage":20,"enemies":"Maw","floor":48,"turns":6},{"damage":73,"enemies":"Donu and Deca","floor":50,"turns":9}],"seed_played":"936283671233061097","potions_obtained":[{"floor":1,"key":"FocusPotion"},{"floor":12,"key":"SteroidPotion"},{"floor":16,"key":"LiquidBronze"}],"is_trial":false,"path_per_floor":["M","$","?","M","?","E","?","$","T","M","M","M","$","?","R","B",null,"M","M","M","?","M","R","T","$","T","M","E","R","E","$","R","B",null,"M","?","?","$","?","R","E","M","T","E","R","$","?","M","R","B"],"character_chosen":"DEFECT","items_purchased":["Static Discharge","Self Repair","Ball Lightning+1","Glacier+1","Madness+1"],"campfire_rested":3,"item_purchase_floors":[8,13,31,38,46],"current_hp_per_floor":[74,74,74,68,68,53,53,53,53,52,46,45,45,36,36,36,75,71,57,64,64,56,56,56,56,56,62,56,56,37,37,59,49,80,70,70,70,70,41,41,27,33,33,19,58,58,48,41,80,20],"gold":35,"neow_bonus":"ONE_RANDOM_RARE_CARD","is_prod":false,"is_daily":false,"chose_seed":false,"campfire_upgraded":4,"win_rate":0,"timestamp":1534439606,"path_taken":["M","$","?","M","?","E","?","$","T","M","M","M","?","?","R","BOSS","M","?","?","?","M","R","?","?","T","M","E","R","E","$","R","BOSS","M","?","?","$","?","R","E","M","T","E","R","?","?","M","R","BOSS"],"build_version":"2018-08-09","purchased_purges":5,"victory":true,"max_hp_per_floor":[75,75,75,75,75,75,75,75,75,75,75,75,75,75,75,75,75,75,75,75,75,75,75,75,75,75,75,75,75,75,75,75,75,80,80,80,80,80,80,80,80,80,80,80,80,80,80,80,80,80],"card_choices":[{"not_picked":["Auto Shields","Go for the Eyes"],"picked":"Lockon","floor":1},{"not_picked":["Genetic Algorithm","Chill"],"picked":"White Noise","floor":4},{"not_picked":["Blizzard","Barrage"],"picked":"Redo","floor":6},{"not_picked":["Beam Cell+1","Stack"],"picked":"Doom and Gloom+1","floor":10},{"not_picked":["Scrape+1","Streamline+1","Steam Power"],"picked":"SKIP","floor":11},{"not_picked":["Scrape+1","Consume"],"picked":"Darkness","floor":12},{"not_picked":["Go for the Eyes+1","Turbo"],"picked":"Barrage+1","floor":14},{"not_picked":["Fission","Meteor Strike+1"],"picked":"Rainbow","floor":16},{"not_picked":["Fusion","Genetic Algorithm"],"picked":"BootSequence","floor":18},{"not_picked":["Reprogram","Scrape+1"],"picked":"Sweeping Beam+1","floor":19},{"not_picked":["Beam Cell+1","Cold Snap+1"],"picked":"Redo+1","floor":20},{"not_picked":["Beam Cell+1","Aggregate"],"picked":"Barrage+1","floor":22},{"not_picked":["Go for the Eyes+1","Steam+1"],"picked":"Force Field+1","floor":27},{"not_picked":["Rebound+1","Coolheaded+1","Fission+1"],"picked":"SKIP","floor":28},{"not_picked":["Buffer","Hello World+1"],"picked":"Coolheaded+1","floor":30},{"not_picked":["Machine Learning","Rainbow+1"],"picked":"Amplify+1","floor":33},{"not_picked":["Go for the Eyes+1","Reinforced Body+1"],"picked":"Hologram+1","floor":34},{"not_picked":["Gash+1","Turbo+1"],"picked":"Sweeping Beam+1","floor":35},{"not_picked":["Stack+1","Cold Snap+1"],"picked":"Skim+1","floor":39},{"not_picked":["Rip and Tear+1","Undo+1"],"picked":"Darkness+1","floor":41},{"not_picked":["Doom and Gloom+1","Conserve Battery+1"],"picked":"Seek+1","floor":42},{"not_picked":["Sunder+1","Lockon+1"],"picked":"Force Field+1","floor":44},{"not_picked":["Dramatic Entrance+1","Panache"],"picked":"Dark Shackles+1","floor":47},{"not_picked":["Purity+1","Dramatic Entrance+1"],"picked":"Bandage Up+1","floor":47},{"not_picked":["Leap+1","Skim+1"],"picked":"Redo+1","floor":48}],"player_experience":40888,"relics_obtained":[{"floor":6,"key":"Sundial"},{"floor":9,"key":"Molten Egg 2"},{"floor":14,"key":"Odd Mushroom"},{"floor":24,"key":"Toxic Egg 2"},{"floor":26,"key":"Bag of Preparation"},{"floor":28,"key":"Incense Burner"},{"floor":30,"key":"Juzu Bracelet"},{"floor":39,"key":"Girya"},{"floor":41,"key":"Regal Pillow"},{"floor":43,"key":"Mercury Hourglass"},{"floor":44,"key":"Kunai"}],"event_choices":[{"event_name":"Big Fish","player_choice":"Box","floor":3,"damage_taken":0},{"event_name":"Liars Game","player_choice":"agreed","floor":5,"damage_taken":0},{"event_name":"Living Wall","player_choice":"Forget","floor":7,"damage_taken":0},{"event_name":"Mushrooms","player_choice":"Fought Mushrooms","floor":14,"damage_taken":0},{"event_name":"Back to Basics","player_choice":"Elegance","floor":21,"damage_taken":0},{"event_name":"SecretPortal","player_choice":"Rejected Portal.","floor":36,"damage_taken":0},{"event_name":"Falling","player_choice":"Removed Attack","floor":37,"damage_taken":0},{"event_name":"Mysterious Sphere","player_choice":"Fight","floor":39,"damage_taken":0},{"event_name":"SensoryStone","player_choice":"Memory 3","floor":47,"damage_taken":0}],"is_beta":false,"boss_relics":[{"not_picked":["Coffee Dripper","Astrolabe"],"picked":"Sozu"},{"not_picked":["Calling Bell","Fusion Hammer"],"picked":"Tiny House"}],"items_purged_floors":[2,8,13,25,38],"is_endless":false,"potions_floor_spawned":[1,12,16,18,22,30,44],"ascension_level":0}