{"gold_per_floor":[113,40,40,40,40,65,65,95,95,126,145,159,159,41,41,143,143,159,159,174,194,294,294,294],"floor_reached":24,"playtime":1136,"items_purged":["Strike_R"],"score":359,"play_id":"707eb03a-3ce7-4fe5-ab8a-aa0ef2e93cd7","local_time":"20190118012409","is_ascension_mode":true,"campfire_choices":[{"data":"Perfected Strike","floor":7,"key":"SMITH"},{"data":"Inflame","floor":15,"key":"SMITH"},{"data":"Armaments","floor":23,"key":"SMITH"}],"neow_cost":"NONE","seed_source_timestamp":636838768827900,"circlet_count":0,"master_deck":["Strike_R","Strike_R","Strike_R","Strike_R","Defend_R","Defend_R","Defend_R","Defend_R","Bash","Perfected Strike+1","Iron Wave","Armaments+1","Double Tap","Shrug It Off","Seeing Red","Dropkick","Inflame+1","Spot Weakness+1","Berserk","Pommel Strike+1","Burning Pact+1","Intimidate+1","Feel No Pain+1"],"relics":["Black Blood","NeowsBlessing","Art of War","Blood Vial","FossilizedHelix","Smiling Mask","Lantern","Toxic Egg 2","Unceasing Top","Bottled Lightning"],"potions_floor_usage":[10,22,22,24,24],"damage_taken":[{"damage":0,"enemies":"Small Slimes","floor":1,"turns":1},{"damage":0,"enemies":"Gremlin Nob","floor":6,"turns":1},{"damage":0,"enemies":"3 Sentries","floor":8,"turns":1},{"damage":0,"enemies":"Gremlin Nob","floor":10,"turns":4},{"damage":0,"enemies":"2 Louse","floor":11,"turns":3},{"damage":0,"enemies":"Cultist","floor":12,"turns":3},{"damage":20,"enemies":"Slime Boss","floor":16,"turns":7},{"damage":23,"enemies":"Chosen","floor":18,"turns":6},{"damage":9,"enemies":"Shell Parasite","floor":20,"turns":4},{"damage":15,"enemies":"Chosen and Byrds","floor":21,"turns":5},{"damage":20,"enemies":"Colosseum Slavers","floor":22,"turns":6},{"damage":7,"enemies":"Colosseum Nobs","floor":22,"turns":6},{"damage":102,"enemies":"Book of Stabbing","floor":24,"turns":8}],"seed_played":"7619348928652232644","potions_obtained":[{"floor":4,"key":"AttackPotion"},{"floor":4,"key":"Regen Potion"},{"floor":4,"key":"BloodPotion"},{"floor":11,"key":"Strength Potion"},{"floor":22,"key":"BloodPotion"}],"is_trial":false,"path_per_floor":["M","$","?","?","$","E","R","E","T","E","M","M","T","$","R","B",null,"M","?","M","M","?","R","E"],"character_chosen":"IRONCLAD","items_purchased":["Iron Wave","Armaments","Spot Weakness+1"],"campfire_rested":0,"item_purchase_floors":[2,2,14],"current_hp_per_floor":[80,80,77,77,77,80,80,80,80,80,80,80,80,80,80,66,77,66,66,69,66,78,78,0],"gold":294,"neow_bonus":"THREE_ENEMY_KILL","is_prod":false,"is_daily":false,"chose_seed":false,"campfire_upgraded":3,"win_rate":0,"timestamp":1547803449,"path_taken":["M","$","?","?","$","E","R","E","T","E","M","?","?","$","R","BOSS","M","?","M","M","?","R","E"],"build_version":"2019-01-17","purchased_purges":1,"victory":false,"max_hp_per_floor":[80,80,80,80,80,80,80,80,80,80,80,80,80,80,80,80,80,80,80,80,80,80,80,80],"card_choices":[{"not_picked":["Havoc","Body Slam"],"picked":"Perfected Strike","floor":1},{"not_picked":["Searing Blow","Anger"],"picked":"Double Tap","floor":6},{"not_picked":["Flex","Whirlwind"],"picked":"Shrug It Off","floor":8},{"not_picked":["Fire Breathing","Wild Strike"],"picked":"Seeing Red","floor":10},{"not_picked":["True Grit","Whirlwind"],"picked":"Dropkick","floor":11},{"not_picked":["Iron Wave","Offering"],"picked":"Inflame","floor":12},{"not_picked":["Immolate","Exhume+1"],"picked":"Berserk","floor":16},{"not_picked":["Headbutt","Cleave+1"],"picked":"Pommel Strike+1","floor":18},{"not_picked":["Cleave","Warcry+1"],"picked":"Burning Pact+1","floor":20},{"not_picked":["Burning Pact+1","Infernal Blade+1"],"picked":"Intimidate+1","floor":21},{"not_picked":["Shrug It Off+1","Twin Strike+1"],"picked":"Feel No Pain+1","floor":22}],"player_experience":531932,"relics_obtained":[{"floor":6,"key":"Blood Vial"},{"floor":8,"key":"FossilizedHelix"},{"floor":9,"key":"Smiling Mask"},{"floor":10,"key":"Lantern"},{"floor":13,"key":"Toxic Egg 2"},{"floor":22,"key":"Unceasing Top"},{"floor":22,"key":"Bottled Lightning"}],"event_choices":[{"damage_healed":0,"gold_gain":0,"player_choice":"Success","damage_taken":3,"relics_obtained":["Art of War"],"max_hp_gain":0,"max_hp_loss":0,"event_name":"Scrap Ooze","floor":3,"gold_loss":0},{"damage_healed":0,"gold_gain":0,"player_choice":"Got Potions","damage_taken":0,"max_hp_gain":0,"max_hp_loss":0,"event_name":"Lab","floor":4,"gold_loss":0},{"damage_healed":0,"gold_gain":0,"player_choice":"Ignored","damage_taken":0,"max_hp_gain":0,"max_hp_loss":0,"event_name":"Vampires","floor":19,"gold_loss":0},{"damage_healed":0,"gold_gain":0,"player_choice":"Fight","damage_taken":0,"max_hp_gain":0,"max_hp_loss":0,"event_name":"Colosseum","floor":22,"gold_loss":0},{"damage_healed":0,"gold_gain":0,"player_choice":"Fought Nobs","damage_taken":0,"max_hp_gain":0,"max_hp_loss":0,"event_name":"Colosseum","floor":22,"gold_loss":0}],"is_beta":false,"boss_relics":[{"not_picked":["Astrolabe","Snecko Eye"],"picked":"Black Blood"}],"items_purged_floors":[14],"is_endless":false,"potions_floor_spawned":[6,11,12,18,21,22],"killed_by":"Book of Stabbing","ascension_level":5}