{"gold_per_floor":[114,114,67,87,106,106,126,146,146,19,19,19,19,19,19,19],"floor_reached":16,"playtime":468,"items_purged":["Strike_B"],"score":140,"play_id":"dbe9b8d2-4631-47c3-b0e9-9886c584b780","local_time":"20181104173019","is_ascension_mode":true,"campfire_choices":[{"data":"Zap","floor":6,"key":"SMITH"},{"data":"Streamline","floor":11,"key":"SMITH"},{"data":"Go for the Eyes","floor":13,"key":"SMITH"},{"data":"Coolheaded","floor":15,"key":"SMITH"}],"neow_cost":"NONE","seed_source_timestamp":79909726908068,"circlet_count":0,"master_deck":["AscendersBane","Strike_B","Defend_B","Defend_B","Defend_B","Defend_B","Zap+1","Dualcast","Coolheaded+1","Gash","Gash","Go for the Eyes+1","Cold Snap","Streamline+1"],"relics":["Cracked Core","Prayer Wheel","Frozen Egg 2"],"potions_floor_usage":[],"damage_taken":[{"damage":1,"enemies":"Cultist","floor":1,"turns":4},{"damage":2,"enemies":"Jaw Worm","floor":4,"turns":3},{"damage":0,"enemies":"2 Louse","floor":5,"turns":2},{"damage":6,"enemies":"Looter","floor":7,"turns":3},{"damage":8,"enemies":"2 Fungi Beasts","floor":8,"turns":4},{"damage":44,"enemies":"Slime Boss","floor":16,"turns":12}],"seed_played":"7661561322163463445","potions_obtained":[{"floor":7,"key":"Strength Potion"}],"is_trial":false,"path_per_floor":["M","?","$","M","M","R","M","M","T","$","R","?","R","$","R","B"],"character_chosen":"DEFECT","items_purchased":["Gash","Streamline"],"campfire_rested":0,"item_purchase_floors":[3,10],"current_hp_per_floor":[67,67,67,65,65,65,59,51,51,51,51,44,44,44,44,0],"gold":19,"neow_bonus":"REMOVE_CARD","is_prod":false,"is_daily":false,"chose_seed":false,"campfire_upgraded":4,"win_rate":0,"timestamp":1541381419,"path_taken":["M","?","?","M","?","R","M","M","T","$","R","?","R","$","R","BOSS"],"build_version":"2018-11-01","purchased_purges":1,"victory":false,"max_hp_per_floor":[75,75,75,75,75,75,75,75,75,75,75,75,75,75,75,75],"card_choices":[{"not_picked":["Sweeping Beam","Stack"],"picked":"Coolheaded","floor":1},{"not_picked":["Sweeping Beam","Barrage"],"picked":"Gash","floor":4},{"not_picked":["Ball Lightning","Stack"],"picked":"Go for the Eyes","floor":5},{"not_picked":["Undo","Fusion"],"picked":"Cold Snap","floor":7},{"not_picked":["Force Field","Redo","Stack"],"picked":"SKIP","floor":8}],"player_experience":340781,"relics_obtained":[{"floor":9,"key":"Prayer Wheel"}],"event_choices":[{"cards_removed":["Strike_B"],"damage_healed":0,"gold_gain":0,"player_choice":"Forget","damage_taken":0,"max_hp_gain":0,"max_hp_loss":0,"event_name":"Living Wall","floor":2,"gold_loss":0},{"damage_healed":0,"gold_gain":0,"player_choice":"Success","damage_taken":7,"relics_obtained":["Frozen Egg 2"],"max_hp_gain":0,"max_hp_loss":0,"event_name":"Scrap Ooze","floor":12,"gold_loss":0}],"is_beta":false,"boss_relics":[],"items_purged_floors":[10],"is_endless":false,"potions_floor_spawned":[7],"killed_by":"Slime Boss","ascension_level":11}