{"gold_per_floor":[113,5,5,30,30,30,48,86,110,110,133,133,113,113,113,234,234,253,277,35,35,59,93,112,153,153,167,185,185,185,249,249,249],"floor_reached":33,"playtime":1470,"items_purged":[],"score":446,"play_id":"dca43900-293e-4ad5-b2a5-faa84d872832","local_time":"20181016193939","is_ascension_mode":true,"campfire_choices":[{"data":"Self Repair","floor":6,"key":"SMITH"},{"data":"Sweeping Beam","floor":10,"key":"SMITH"},{"data":"Zap","floor":12,"key":"SMITH"},{"data":"Lockon","floor":15,"key":"SMITH"},{"data":"Dualcast","floor":29,"key":"SMITH"},{"data":"Hello World","floor":32,"key":"SMITH"}],"neow_cost":"","seed_source_timestamp":8495680138119729,"circlet_count":0,"master_deck":["Strike_B","Strike_B","Strike_B","Strike_B","Defend_B","Defend_B","Defend_B","Defend_B","Zap+1","Dualcast+1","Cold Snap","Self Repair+1","Lockon+1","Leap","Sweeping Beam+1","Go for the Eyes","All For One","Cold Snap+1","Hologram","Biased Cognition","Chill","Gash","Auto Shields","Amplify","Cold Snap","Cold Snap","Coolheaded","Ball Lightning+1","Hello World+1"],"relics":["Cracked Core","Golden Idol","Lantern","Anchor","Bag of Marbles","DataDisk","Black Star","Enchiridion","Blood Vial","Bag of Preparation","Strawberry","Potion Belt","Bottled Tornado","SsserpentHead"],"potions_floor_usage":[14,14,14,14,33],"damage_taken":[{"damage":6,"enemies":"Cultist","floor":1,"turns":4},{"damage":5,"enemies":"Jaw Worm","floor":4,"turns":3},{"damage":0,"enemies":"2 Louse","floor":7,"turns":2},{"damage":33,"enemies":"Gremlin Nob","floor":8,"turns":4},{"damage":0,"enemies":"Gremlin Gang","floor":14,"turns":3},{"damage":21,"enemies":"The Guardian","floor":16,"turns":11},{"damage":2,"enemies":"Shell Parasite","floor":18,"turns":4},{"damage":8,"enemies":"Spheric Guardian","floor":19,"turns":3},{"damage":10,"enemies":"Centurion and Healer","floor":22,"turns":7},{"damage":0,"enemies":"Gremlin Leader","floor":23,"turns":4},{"damage":0,"enemies":"Snecko","floor":24,"turns":4},{"damage":12,"enemies":"Book of Stabbing","floor":25,"turns":3},{"damage":0,"enemies":"Cultist and Chosen","floor":27,"turns":4},{"damage":6,"enemies":"Snake Plant","floor":28,"turns":3},{"damage":2,"enemies":"Shelled Parasite and Fungi","floor":31,"turns":4},{"damage":85,"enemies":"Automaton","floor":33,"turns":8}],"seed_played":"-1924595398038211078","potions_obtained":[{"floor":4,"key":"SpeedPotion"},{"floor":7,"key":"Swift Potion"},{"floor":13,"key":"EntropicBrew"},{"floor":18,"key":"Swift Potion"},{"floor":25,"key":"SpeedPotion"}],"is_trial":false,"path_per_floor":["M","$","?","M","?","R","M","E","T","R","T","R","?","M","R","B",null,"M","M","$","?","M","E","M","E","T","M","M","R","?","M","R"],"character_chosen":"DEFECT","items_purchased":["Self Repair","Lockon","Biased Cognition","Chill","Gash"],"campfire_rested":0,"item_purchase_floors":[2,2,20,20,20],"current_hp_per_floor":[62,62,44,46,34,34,44,21,21,21,21,21,21,31,31,20,61,69,71,71,55,55,65,75,70,70,82,82,82,82,82,82,0],"gold":249,"neow_bonus":"","is_prod":false,"is_daily":false,"chose_seed":false,"campfire_upgraded":6,"win_rate":0,"timestamp":1539743979,"path_taken":["M","?","?","M","?","R","M","E","T","R","?","R","?","M","R","BOSS","M","M","$","?","M","E","M","E","T","M","?","R","?","?","R","BOSS"],"build_version":"2018-10-11","purchased_purges":0,"victory":false,"max_hp_per_floor":[75,75,75,75,75,75,75,75,75,75,75,75,75,75,75,75,75,75,75,75,75,75,75,75,82,82,82,82,82,82,82,82,82],"card_choices":[{"not_picked":["Melter","Scrape"],"picked":"Cold Snap","floor":1},{"not_picked":["Aggregate","Barrage"],"picked":"Leap","floor":4},{"not_picked":["Beam Cell","Rebound"],"picked":"Sweeping Beam","floor":7},{"not_picked":["Reinforced Body","Beam Cell"],"picked":"Go for the Eyes","floor":8},{"not_picked":["Meteor Strike","Machine Learning"],"picked":"All For One","floor":16},{"not_picked":["Steam","Double Energy+1"],"picked":"Cold Snap+1","floor":18},{"not_picked":["Leap","Stack"],"picked":"Hologram","floor":19},{"not_picked":["Compile Driver","Leap"],"picked":"Auto Shields","floor":22},{"not_picked":["Chaos","Consume"],"picked":"Amplify","floor":23},{"not_picked":["Hologram","Steam+1"],"picked":"Cold Snap","floor":24},{"not_picked":["Conserve Battery","Meteor Strike"],"picked":"Cold Snap","floor":25},{"not_picked":["Hologram+1","Compile Driver+1"],"picked":"Coolheaded","floor":27},{"not_picked":["Chaos","Redo+1"],"picked":"Ball Lightning+1","floor":28},{"not_picked":["Tempest","Sunder+1"],"picked":"Hello World","floor":31}],"player_experience":275071,"relics_obtained":[{"floor":8,"key":"Anchor"},{"floor":9,"key":"Bag of Marbles"},{"floor":11,"key":"DataDisk"},{"floor":21,"key":"Enchiridion"},{"floor":23,"key":"Blood Vial"},{"floor":23,"key":"Bag of Preparation"},{"floor":25,"key":"Strawberry"},{"floor":25,"key":"Potion Belt"},{"floor":26,"key":"Bottled Tornado"}],"event_choices":[{"event_name":"Golden Idol","player_choice":"Take Damage","floor":3,"damage_taken":0},{"event_name":"Scrap Ooze","player_choice":"success","floor":5,"damage_taken":12},{"event_name":"The Woman in Blue","player_choice":"Bought 1 Potion","floor":13,"damage_taken":0},{"event_name":"Cursed Tome","player_choice":"Obtained Book","floor":21,"damage_taken":0},{"event_name":"FaceTrader","player_choice":"Trade","floor":30,"damage_taken":0}],"is_beta":false,"boss_relics":[{"not_picked":["Fusion Hammer","Runic Dome"],"picked":"Black Star"}],"items_purged_floors":[],"is_endless":false,"potions_floor_spawned":[4,7,14,18,24,25],"killed_by":"Automaton","ascension_level":7}