{"gold_per_floor":[119,119,134,148,70,97,109,140,140,103,131,131,71,81,81,81],"floor_reached":16,"playtime":490,"items_purged":["Strike_R"],"score":180,"play_id":"6c40337e-34fe-4a28-b6bb-829099df3ae6","local_time":"20190307190513","is_ascension_mode":true,"campfire_choices":[{"data":"Armaments","floor":12,"key":"SMITH"},{"floor":15,"key":"REST"}],"neow_cost":"NONE","seed_source_timestamp":582244670062222,"circlet_count":0,"master_deck":["AscendersBane","Strike_R","Strike_R","Strike_R","Strike_R","Defend_R","Defend_R","Defend_R","Defend_R","Bash+1","Cleave","Armaments+1","Evolve","Blood for Blood","Pommel Strike","Ghostly Armor","Searing Blow"],"relics":["Burning Blood","Orichalcum","Blood Vial","Ancient Tea Set","The Courier"],"potions_floor_usage":[8],"damage_taken":[{"damage":8,"enemies":"2 Louse","floor":1,"turns":3},{"damage":11,"enemies":"Jaw Worm","floor":3,"turns":4},{"damage":1,"enemies":"Cultist","floor":4,"turns":3},{"damage":20,"enemies":"Gremlin Nob","floor":6,"turns":4},{"damage":4,"enemies":"Large Slime","floor":7,"turns":6},{"damage":28,"enemies":"Lagavulin","floor":8,"turns":5},{"damage":26,"enemies":"Gremlin Nob","floor":11,"turns":5},{"damage":1,"enemies":"3 Louse","floor":14,"turns":2},{"damage":61,"enemies":"Hexaghost","floor":16,"turns":9}],"seed_played":"-9143440982253060334","potions_obtained":[{"floor":4,"key":"Strength Potion"},{"floor":6,"key":"Energy Potion"},{"floor":7,"key":"SpeedPotion"},{"floor":14,"key":"Energy Potion"}],"is_trial":false,"path_per_floor":["M","?","M","M","$","E","M","E","T","$","E","R","$","M","R","B"],"character_chosen":"IRONCLAD","items_purchased":["Evolve","Searing Blow"],"campfire_rested":1,"item_purchase_floors":[5,10],"current_hp_per_floor":[78,78,73,78,78,64,66,44,44,44,26,26,26,33,59,0],"gold":81,"neow_bonus":"TEN_PERCENT_HP_BONUS","is_prod":false,"is_daily":false,"chose_seed":false,"campfire_upgraded":1,"win_rate":0,"timestamp":1552003513,"path_taken":["M","?","M","M","?","E","M","E","T","$","E","R","$","?","R","BOSS"],"build_version":"2019-01-23","purchased_purges":1,"victory":false,"max_hp_per_floor":[88,88,88,88,88,88,88,88,88,88,88,88,88,88,88,88],"card_choices":[{"not_picked":["Metallicize","Seeing Red"],"picked":"Cleave","floor":1},{"not_picked":["Dual Wield","Cleave","Clash"],"picked":"SKIP","floor":3},{"not_picked":["Reckless Charge","Sentinel"],"picked":"Armaments","floor":4},{"not_picked":["Warcry","Bloodletting"],"picked":"Blood for Blood","floor":6},{"not_picked":["Anger","Dark Embrace"],"picked":"Pommel Strike","floor":7},{"not_picked":["Metallicize","Juggernaut"],"picked":"Ghostly Armor","floor":8},{"not_picked":["True Grit","Heavy Blade","Body Slam"],"picked":"SKIP","floor":11},{"not_picked":["True Grit","Twin Strike","Heavy Blade"],"picked":"SKIP","floor":14}],"player_experience":277330,"relics_obtained":[{"floor":6,"key":"Orichalcum"},{"floor":8,"key":"Blood Vial"},{"floor":9,"key":"Ancient Tea Set"},{"floor":11,"key":"The Courier"}],"event_choices":[{"damage_healed":0,"gold_gain":0,"player_choice":"Grow","damage_taken":0,"max_hp_gain":0,"max_hp_loss":0,"event_name":"Living Wall","floor":2,"gold_loss":0,"cards_upgraded":["Bash"]}],"is_beta":false,"boss_relics":[],"items_purged_floors":[13],"is_endless":false,"potions_floor_spawned":[4,6,7,14],"killed_by":"Hexaghost","ascension_level":10}