{"gold_per_floor":[115,40,58,58,78,109,123,123,123,123,123],"floor_reached":11,"playtime":387,"items_purged":[],"score":139,"play_id":"125cbdd5-8c85-4f7f-89ea-5d4aaa6d3829","local_time":"20181002191859","is_ascension_mode":true,"campfire_choices":[{"floor":8,"key":"REST"},{"data":"Zap","floor":10,"key":"SMITH"}],"neow_cost":"NONE","seed_source_timestamp":1559462340816000,"circlet_count":0,"master_deck":["Strike_B","Strike_B","Strike_B","Defend_B","Defend_B","Defend_B","Zap+1","Dualcast","AscendersBane","Thunder Strike","Static Discharge","Capacitor","Ball Lightning","Stack","FTL"],"relics":["Cracked Core","Bronze Scales","Pear"],"potions_floor_usage":[6,7],"damage_taken":[{"damage":1,"enemies":"Cultist","floor":1,"turns":3},{"damage":7,"enemies":"Small Slimes","floor":3,"turns":4},{"damage":12,"enemies":"Jaw Worm","floor":5,"turns":3},{"damage":30,"enemies":"3 Sentries","floor":6,"turns":5},{"damage":21,"enemies":"Gremlin Gang","floor":7,"turns":5},{"damage":38,"enemies":"Exordium Thugs","floor":11,"turns":3}],"seed_played":"-5266286128284233510","potions_obtained":[{"floor":1,"key":"Ancient Potion"},{"floor":5,"key":"AttackPotion"},{"floor":6,"key":"Regen Potion"}],"is_trial":false,"path_per_floor":["M","?","M","?","M","E","M","R","T","R"],"character_chosen":"DEFECT","items_purchased":[],"campfire_rested":1,"item_purchase_floors":[],"current_hp_per_floor":[63,63,56,56,44,14,7,28,38,38,0],"gold":123,"neow_bonus":"ONE_RANDOM_RARE_CARD","is_prod":false,"is_daily":false,"chose_seed":false,"campfire_upgraded":1,"win_rate":0,"timestamp":1538522339,"path_taken":["M","?","?","?","M","E","M","R","T","R","M"],"build_version":"2018-09-27","purchased_purges":0,"victory":false,"max_hp_per_floor":[71,71,71,71,71,71,71,71,81,81,81],"card_choices":[{"not_picked":["Stack","Sunder"],"picked":"Static Discharge","floor":1},{"not_picked":["Turbo","Streamline"],"picked":"Capacitor","floor":3},{"not_picked":["Conserve Battery","Static Discharge"],"picked":"Ball Lightning","floor":5},{"not_picked":["Hologram","Barrage"],"picked":"Stack","floor":6},{"not_picked":["Rebound","Consume"],"picked":"FTL","floor":7}],"player_experience":299674,"relics_obtained":[{"floor":6,"key":"Bronze Scales"},{"floor":9,"key":"Pear"}],"event_choices":[{"event_name":"The Cleric","player_choice":"Card Removal","floor":2,"damage_taken":0},{"event_name":"Bonfire Elementals","player_choice":"BASIC","floor":4,"damage_taken":0}],"is_beta":false,"boss_relics":[],"items_purged_floors":[],"is_endless":false,"potions_floor_spawned":[1,5,6],"killed_by":"Exordium Thugs","ascension_level":18}