{"path_per_floor":["M","M","M","M","M","R","E","?","T","M","M","E","$","M","R","B",null,"M","?","?","M","?","R"],"character_chosen":"THE_SILENT","items_purchased":["Pen Nib","Well Laid Plans","Outmaneuver"],"gold_per_floor":[117,128,145,163,181,181,212,212,212,227,242,275,13,24,24,119,119,130,55,55,75,75,75],"floor_reached":24,"campfire_rested":2,"playtime":2001,"current_hp_per_floor":[67,64,63,50,40,61,52,52,52,46,34,12,12,7,28,2,70,58,58,49,39,39,39],"items_purged":[],"gold":75,"play_id":"79ab2cfb-956c-429e-afbb-6ac13190f5b9","is_prod":false,"is_daily":false,"is_ascension_mode":false,"campfire_upgraded":0,"path_taken":["M","?","M","M","M","R","E","?","T","?","M","E","$","M","R","BOSS","M","?","?","M","?","R","E"],"build_version":"2018-01-25-PROD3","purchased_purges":0,"victory":false,"master_deck":["Defend_G","Defend_G","Defend_G","Defend_G","Survivor","Neutralize","Dagger Spray","Acrobatics","Deadly Poison","Poisoned Stab+1","Poisoned Stab+1","Deadly Poison","Bane","Flying Knee+1","Flying Knee","Backflip","Well Laid Plans","Outmaneuver","Quick Slash","Corpse Explosion","Quick Slash","Bite_G","Bite_G","Bite_G","Bite_G","Bite_G","Noxious Fumes","Noxious Fumes"],"max_hp_per_floor":[70,70,70,70,70,70,70,70,70,70,70,70,70,70,70,70,70,70,70,49,49,49,49],"relics":["Ring of the Snake","Bronze Scales","Girya","Whetstone","Pen Nib","Velvet Choker"],"card_choices":[{"not_picked":["Corpse Explosion","Bane"],"picked":"Acrobatics"},{"not_picked":["Dagger Throw","Outmaneuver"],"picked":"Deadly Poison"},{"not_picked":["Sucker Punch","Slice"],"picked":"Poisoned Stab"},{"not_picked":["Outmaneuver","Blade Dance"],"picked":"Poisoned Stab"},{"not_picked":["Quick Slash","Slice"],"picked":"Deadly Poison"},{"not_picked":["PiercingWail","Deflect"],"picked":"Bane"},{"not_picked":["Outmaneuver","Distraction"],"picked":"Flying Knee"},{"not_picked":["PiercingWail","Wraith Form"],"picked":"Flying Knee"},{"not_picked":["Backstab","Acrobatics"],"picked":"Backflip"},{"not_picked":["Distraction","Deadly Poison"],"picked":"Quick Slash"},{"not_picked":["Glass Knife","Unload"],"picked":"Corpse Explosion"},{"not_picked":["Flechettes","PiercingWail"],"picked":"Quick Slash"},{"not_picked":["Finisher","Bouncing Flask"],"picked":"Noxious Fumes"}],"player_experience":22459,"potions_floor_usage":[5,7,16,24],"damage_taken":[{"damage":3,"enemies":"Blue Slaver","floor":1,"turns":4},{"damage":3,"enemies":"Small Slimes","floor":2,"turns":4},{"damage":1,"enemies":"Jaw Worm","floor":3,"turns":5},{"damage":13,"enemies":"Exordium Wildlife","floor":4,"turns":7},{"damage":10,"enemies":"Gremlin Gang","floor":5,"turns":4},{"damage":24,"enemies":"Lagavulin","floor":7,"turns":6},{"damage":6,"enemies":"2 Fungi Beasts","floor":10,"turns":3},{"damage":12,"enemies":"Exordium Thugs","floor":11,"turns":3},{"damage":22,"enemies":"3 Sentries","floor":12,"turns":6},{"damage":5,"enemies":"Gremlin Gang","floor":14,"turns":3},{"damage":26,"enemies":"The Guardian","floor":16,"turns":8},{"damage":12,"enemies":"2 Thieves","floor":18,"turns":3},{"damage":16,"enemies":"3 Byrds","floor":21,"turns":4},{"damage":62,"enemies":"Slavers","floor":24,"turns":4}],"event_choices":[{"event_name":"Living Wall","player_choice":"Grow","floor":8,"damage_taken":0},{"event_name":"Beggar","player_choice":"Gave Gold","floor":19,"damage_taken":0},{"event_name":"Vampires","player_choice":"Became a vampire","floor":20,"damage_taken":0},{"event_name":"The Library","player_choice":"Read","floor":22,"damage_taken":0}],"boss_relics":[{"not_picked":["White Beast Statue","Tiny House"],"picked":"Velvet Choker"}],"potions_floor_spawned":[1,3,14,16,18],"seed_played":"6209055779078547162","killed_by":"Slavers","ascension_level":0,"is_trial":false}