{"gold_per_floor":[20,38,50,50,67,101,116,141,141,173,237,263,263,263,263,364,364,374,406,331,331,138,138,138,138,206,231,260,260,280,290,290,385,385,404,40,60,77,77,106,124,124,124,124,137,137,152,7,7,7],"floor_reached":51,"playtime":4341,"items_purged":["Strike_B"],"score":721,"play_id":"1493e5f4-3c95-4cad-ba64-f5cbe463fd9f","local_time":"20190205065537","is_ascension_mode":true,"campfire_choices":[{"floor":13.0,"key":"REST"},{"floor":15.0,"key":"REST"},{"floor":23.0,"key":"REST"},{"floor":25.0,"key":"REST"},{"floor":29.0,"key":"REST"},{"floor":32.0,"key":"REST"},{"data":"Strike_B","floor":42,"key":"PURGE"},{"data":"Strike_B","floor":49,"key":"PURGE"}],"neow_cost":"NO_GOLD","seed_source_timestamp":398645425034855,"circlet_count":0,"master_deck":["Strike_B","Defend_B","Defend_B","Defend_B+1","Zap","Dualcast","Meteor Strike+1","Cold Snap","Go for the Eyes","Genetic Algorithm","Ball Lightning","Melter","Genetic Algorithm","Consume","White Noise+1","All For One","Steam+1","FTL+1","Necronomicurse","Capacitor","BootSequence","Finesse","Conserve Battery+1","Tempest","FTL","Capacitor+1","Self Repair","Meteor Strike","FTL","Turbo+1","Skim+1","Hologram","Beam Cell+1","Ball Lightning+1","Rainbow","Steam+1","Ball Lightning+1","Beam Cell+1"],"special_seed":0,"relics":["Cracked Core","Cables","Ancient Tea Set","Gambling Chip","Prayer Wheel","Odd Mushroom","Thread and Needle","Fusion Hammer","Red Mask","Necronomicon","Sundial","Orichalcum","Pear","Philosopher\u0027s Stone","Peace Pipe","NlothsMask","War Paint","Whetstone"],"potions_floor_usage":[50,50,50,50,50],"damage_taken":[{"damage":3.0,"enemies":"Jaw Worm","floor":1.0,"turns":3.0},{"damage":7.0,"enemies":"2 Louse","floor":2.0,"turns":3.0},{"damage":0.0,"enemies":"Small Slimes","floor":3.0,"turns":3.0},{"damage":10.0,"enemies":"3 Louse","floor":5.0,"turns":4.0},{"damage":13.0,"enemies":"3 Sentries","floor":6.0,"turns":8.0},{"damage":7.0,"enemies":"Blue Slaver","floor":7.0,"turns":3.0},{"damage":5.0,"enemies":"Lagavulin","floor":8.0,"turns":4.0},{"damage":12.0,"enemies":"Gremlin Nob","floor":10.0,"turns":4.0},{"damage":11.0,"enemies":"The Mushroom Lair","floor":12.0,"turns":4.0},{"damage":19.0,"enemies":"Hexaghost","floor":16.0,"turns":8.0},{"damage":0.0,"enemies":"3 Byrds","floor":18.0,"turns":4.0},{"damage":23.0,"enemies":"Masked Bandits","floor":19.0,"turns":5.0},{"damage":34.0,"enemies":"Gremlin Leader","floor":28.0,"turns":8.0},{"damage":0.0,"enemies":"2 Thieves","floor":30.0,"turns":3.0},{"damage":6.0,"enemies":"Sentry and Sphere","floor":31.0,"turns":4.0},{"damage":22.0,"enemies":"Automaton","floor":33.0,"turns":9.0},{"damage":0.0,"enemies":"Orb Walker","floor":35.0,"turns":3.0},{"damage":2.0,"enemies":"3 Shapes","floor":37.0,"turns":5.0},{"damage":0.0,"enemies":"Jaw Worm Horde","floor":38.0,"turns":4.0},{"damage":16.0,"enemies":"Giant Head","floor":40.0,"turns":7.0},{"damage":16,"enemies":"Transient","floor":41,"turns":5},{"damage":0,"enemies":"Maw","floor":45,"turns":5},{"damage":0,"enemies":"Jaw Worm Horde","floor":47,"turns":4},{"damage":24,"enemies":"Time Eater","floor":50,"turns":10}],"seed_played":"-4333277211676018571","potions_obtained":[{"floor":1.0,"key":"Weak Potion"},{"floor":2.0,"key":"SkillPotion"},{"floor":7.0,"key":"SpeedPotion"},{"floor":10.0,"key":"Strength Potion"},{"floor":12.0,"key":"FocusPotion"},{"floor":16.0,"key":"EssenceOfSteel"},{"floor":28.0,"key":"Block Potion"},{"floor":35.0,"key":"EntropicBrew"},{"floor":38.0,"key":"Weak Potion"}],"is_trial":false,"path_per_floor":["M","M","M","?","M","E","M","E","T","E","?","?","R","?","R","B",null,"M","?","$","?","$","R","$","R","T","T","E","R","M","M","R","B",null,"M","$","M","M","?","E","M","R","T","$","M","?","M","$","R","B",null],"character_chosen":"DEFECT","items_purchased":["FTL","Capacitor","BootSequence","Finesse","Peace Pipe","Whetstone"],"campfire_rested":6,"item_purchase_floors":[20,22,22,22,36,48],"current_hp_per_floor":[72,65,65,65,55,42,35,30,30,18,18,7,29,26,48,29,75,75,52,52,36,36,58,58,75,75,75,51,76,76,70,85,70,85,85,85,85,85,85,76,67,67,67,67,74,74,81,81,81,57],"gold":7,"neow_bonus":"THREE_RARE_CARDS","is_prod":false,"is_daily":false,"chose_seed":false,"campfire_upgraded":0,"win_rate":0,"timestamp":1549346137,"path_taken":["M","M","M","?","M","E","M","E","T","E","?","?","R","?","R","BOSS","M","?","$","?","$","R","?","R","T","?","E","R","M","M","R","BOSS","M","$","M","M","?","E","M","R","T","?","M","?","M","$","R","BOSS"],"build_version":"2019-01-23","purchased_purges":1,"victory":true,"max_hp_per_floor":[75,75,75,75,75,75,75,75,75,75,75,75,75,75,75,75,75,75,75,75,75,75,75,75,75,75,75,85,85,85,85,85,85,85,85,85,85,85,85,85,85,85,85,85,85,85,85,85,85,85],"card_choices":[{"not_picked":["Biased Cognition","Buffer"],"picked":"Meteor Strike","floor":0.0},{"not_picked":["FTL","Beam Cell"],"picked":"Cold Snap","floor":1.0},{"not_picked":["Compile Driver","Hologram"],"picked":"Go for the Eyes","floor":2.0},{"not_picked":["Beam Cell","Coolheaded"],"picked":"Genetic Algorithm","floor":3.0},{"not_picked":["Static Discharge","Rebound","Force Field"],"picked":"SKIP","floor":5.0},{"not_picked":["Turbo","Chaos"],"picked":"Ball Lightning","floor":6.0},{"not_picked":["Compile Driver","Streamline"],"picked":"Melter","floor":7.0},{"not_picked":["Hologram","Rip and Tear"],"picked":"Genetic Algorithm","floor":8.0},{"not_picked":["Compile Driver","Static Discharge"],"picked":"Consume","floor":10.0},{"not_picked":["Coolheaded","Barrage"],"picked":"White Noise","floor":12.0},{"not_picked":["Machine Learning","Hyperbeam"],"picked":"All For One","floor":16.0},{"not_picked":["Beam Cell","Lockon","Steam Power"],"picked":"SKIP","floor":18.0},{"not_picked":["Force Field+1","Compile Driver","Reprogram"],"picked":"SKIP","floor":18.0},{"not_picked":["Glacier","Storm"],"picked":"Steam+1","floor":19.0},{"not_picked":["Auto Shields","BootSequence"],"picked":"Conserve Battery+1","floor":28.0},{"not_picked":["Streamline","Stack"],"picked":"Tempest","floor":30.0},{"not_picked":["Redo","Storm"],"picked":"FTL","floor":30.0},{"not_picked":["Go for the Eyes","Gash+1"],"picked":"Capacitor+1","floor":31.0},{"not_picked":["Melter","Hyperbeam"],"picked":"Self Repair","floor":31.0},{"not_picked":["All For One","Machine Learning"],"picked":"Meteor Strike","floor":33.0},{"not_picked":["Rebound+1","Scrape"],"picked":"FTL","floor":35.0},{"not_picked":["Blizzard","Sweeping Beam+1"],"picked":"Turbo+1","floor":35.0},{"not_picked":["Gash+1","Go for the Eyes"],"picked":"Skim+1","floor":37.0},{"not_picked":["Steam+1","Leap"],"picked":"Hologram","floor":37.0},{"not_picked":["Leap","Conserve Battery+1"],"picked":"Beam Cell+1","floor":38.0},{"not_picked":["Barrage+1","Hello World"],"picked":"Ball Lightning+1","floor":38.0},{"not_picked":["Double Energy","Capacitor","Rebound+1"],"picked":"SKIP","floor":40},{"not_picked":["Go for the Eyes+1","Lockon+1"],"picked":"Rainbow","floor":41},{"not_picked":["Stack+1","Heatsinks","Conserve Battery"],"picked":"SKIP","floor":41},{"not_picked":["Stack+1","Heatsinks","Conserve Battery"],"picked":"SKIP","floor":41},{"not_picked":["Static Discharge+1","Barrage+1"],"picked":"Steam+1","floor":45},{"not_picked":["Undo","Turbo","Auto Shields"],"picked":"SKIP","floor":45},{"not_picked":["Melter+1","Conserve Battery+1"],"picked":"Ball Lightning+1","floor":47},{"not_picked":["Leap+1","Redo"],"picked":"Beam Cell+1","floor":47}],"player_experience":1132999,"relics_obtained":[{"floor":6.0,"key":"Cables"},{"floor":8.0,"key":"Ancient Tea Set"},{"floor":9.0,"key":"Gambling Chip"},{"floor":10.0,"key":"Prayer Wheel"},{"floor":12.0,"key":"Odd Mushroom"},{"floor":19.0,"key":"Red Mask"},{"floor":21.0,"key":"Necronomicon"},{"floor":26.0,"key":"Sundial"},{"floor":27.0,"key":"Orichalcum"},{"floor":28.0,"key":"Pear"},{"floor":40,"key":"War Paint"}],"event_choices":[{"damage_healed":0.0,"max_hp_gain":0.0,"max_hp_loss":0.0,"gold_gain":0.0,"event_name":"Liars Game","player_choice":"Ignored","floor":4.0,"gold_loss":0.0,"damage_taken":0.0},{"damage_healed":0.0,"max_hp_gain":0.0,"max_hp_loss":0.0,"gold_gain":64.0,"event_name":"Golden Wing","player_choice":"Gained Gold","floor":11.0,"gold_loss":0.0,"damage_taken":0.0},{"damage_healed":0.0,"max_hp_gain":0.0,"max_hp_loss":0.0,"gold_gain":0.0,"event_name":"Mushrooms","player_choice":"Fought Mushrooms","floor":12.0,"gold_loss":0.0,"damage_taken":0.0},{"damage_healed":0.0,"max_hp_gain":0.0,"max_hp_loss":0.0,"gold_gain":0.0,"event_name":"Scrap Ooze","player_choice":"Success","floor":14.0,"gold_loss":0.0,"damage_taken":3.0,"relics_obtained":["Thread and Needle"]},{"damage_healed":0.0,"max_hp_gain":0.0,"max_hp_loss":0.0,"gold_gain":0.0,"event_name":"Masked Bandits","player_choice":"Fought Bandits","floor":19.0,"gold_loss":0.0,"damage_taken":0.0},{"damage_healed":0.0,"max_hp_gain":0.0,"max_hp_loss":0.0,"gold_gain":0.0,"event_name":"Cursed Tome","player_choice":"Obtained Book","floor":21.0,"gold_loss":0.0,"damage_taken":16.0},{"damage_healed":0.0,"max_hp_gain":0.0,"max_hp_loss":0.0,"gold_gain":0.0,"event_name":"FaceTrader","player_choice":"Trade","floor":39.0,"gold_loss":0.0,"damage_taken":0.0,"relics_obtained":["NlothsMask"]},{"cards_removed":["Defend_B"],"damage_healed":0,"gold_gain":0,"player_choice":"Purged","damage_taken":0,"max_hp_gain":0,"max_hp_loss":0,"event_name":"Purifier","floor":46,"gold_loss":0}],"is_beta":true,"boss_relics":[{"not_picked":["Lizard Tail","Empty Cage"],"picked":"Fusion Hammer"},{"not_picked":["FrozenCore","Calling Bell"],"picked":"Philosopher\u0027s Stone"}],"items_purged_floors":[36],"is_endless":false,"potions_floor_spawned":[1,2,7,10,12,16,28,30,31,35,38,41,45,47],"ascension_level":1}