{"gold_per_floor":[116,116,132,132,132,168,188,188,188,231,254,275,275,308,308,433,433,457,457,107,120,219,219,319,347,394,406,422,337,367,385,385,480,480,493,453,465,465,130,130,146,146,193,193,193,206,234,4,4,4],"floor_reached":50,"playtime":4660,"items_purged":["Strike_B","Zap"],"score":658,"play_id":"6506c038-3278-4a80-8e5b-1d8287042228","local_time":"20190228214632","is_ascension_mode":true,"campfire_choices":[{"floor":8,"key":"RECALL"},{"data":"Hyperbeam","floor":13,"key":"SMITH"},{"data":"Storm","floor":15,"key":"SMITH"},{"data":"Creative AI","floor":23,"key":"SMITH"},{"floor":32,"key":"REST"},{"data":"Hello World","floor":40,"key":"SMITH"},{"floor":42,"key":"REST"},{"data":"Go for the Eyes","floor":44,"key":"SMITH"},{"data":"Static Discharge","floor":49,"key":"SMITH"}],"neow_cost":"NONE","seed_source_timestamp":248732250292621,"circlet_count":0,"master_deck":["Defend_B","Defend_B","Defend_B","Defend_B+1","Dualcast","Hyperbeam+1","Self Repair","Cold Snap","Hello World+1","Go for the Eyes+1","Undo","Rebound","Conserve Battery+1","Storm+1","Creative AI+1","Buffer+1","Glacier+1","Amplify+1","Blizzard+1","Capacitor","Cold Snap","Cold Snap+1","Coolheaded","Self Repair","Storm+1","Static Discharge+1"],"relics":["Cracked Core","Bloody Idol","Strawberry","PreservedInsect","Meat on the Bone","Question Card","Pear","Astrolabe","Runic Capacitor","Bronze Scales","FossilizedHelix","The Courier","Bottled Flame","Smiling Mask","Kunai","Orrery","Boot","Sling","Blood Vial","Pen Nib","War Paint"],"potions_floor_usage":[10,14,16,24,28,30,30,41,46,46,46],"damage_taken":[{"damage":4,"enemies":"Jaw Worm","floor":1,"turns":3},{"damage":0,"enemies":"Small Slimes","floor":3,"turns":2},{"damage":34,"enemies":"Lagavulin","floor":6,"turns":8},{"damage":6,"enemies":"2 Louse","floor":7,"turns":2},{"damage":9,"enemies":"3 Sentries","floor":10,"turns":3},{"damage":10,"enemies":"Red Slaver","floor":11,"turns":3},{"damage":5,"enemies":"3 Louse","floor":12,"turns":4},{"damage":3,"enemies":"Gremlin Nob","floor":14,"turns":3},{"damage":41,"enemies":"Hexaghost","floor":16,"turns":11},{"damage":46,"enemies":"Chosen","floor":18,"turns":8},{"damage":20,"enemies":"2 Thieves","floor":21,"turns":3},{"damage":34,"enemies":"Colosseum Slavers","floor":24,"turns":5},{"damage":13,"enemies":"Colosseum Nobs","floor":24,"turns":4},{"damage":38,"enemies":"Slavers","floor":25,"turns":4},{"damage":0,"enemies":"Centurion and Healer","floor":27,"turns":8},{"damage":15,"enemies":"Chosen and Byrds","floor":28,"turns":6},{"damage":75,"enemies":"Gremlin Leader","floor":30,"turns":5},{"damage":23,"enemies":"Cultist and Chosen","floor":31,"turns":6},{"damage":22,"enemies":"Automaton","floor":33,"turns":8},{"damage":43,"enemies":"3 Shapes","floor":35,"turns":5},{"damage":5,"enemies":"Orb Walker","floor":37,"turns":5},{"damage":53,"enemies":"3 Darklings","floor":41,"turns":5},{"damage":57,"enemies":"4 Shapes","floor":46,"turns":4},{"damage":0,"enemies":"Nemesis","floor":47,"turns":7},{"damage":96,"enemies":"Time Eater","floor":50,"turns":11}],"seed_played":"-6981070239119619796","potions_obtained":[{"floor":6,"key":"SteroidPotion"},{"floor":11,"key":"LiquidBronze"},{"floor":14,"key":"Swift Potion"},{"floor":16,"key":"Strength Potion"},{"floor":21,"key":"SteroidPotion"},{"floor":24,"key":"SpeedPotion"},{"floor":27,"key":"Energy Potion"},{"floor":30,"key":"FearPotion"},{"floor":33,"key":"SteroidPotion"},{"floor":35,"key":"SteroidPotion"},{"floor":41,"key":"SpeedPotion"}],"is_trial":false,"path_per_floor":["M","?","M","?","T","E","M","R","T","E","M","M","R","E","R","B",null,"M","?","$","M","?","R","?","E","T","M","M","?","E","M","R","B",null,"M","?","M","?","$","R","M","R","T","R","?","M","E","$","R","B"],"character_chosen":"DEFECT","items_purchased":["Runic Capacitor","Bronze Scales","Boot","Sling","War Paint","Static Discharge"],"campfire_rested":2,"item_purchase_floors":[20,20,39,39,48,48],"current_hp_per_floor":[71,53,60,65,72,45,46,46,46,56,53,55,55,69,69,47,97,58,58,58,67,72,72,68,54,59,78,82,82,31,32,61,63,97,66,66,73,73,73,73,51,80,85,85,85,61,82,82,82,0],"gold":4,"neow_bonus":"ONE_RANDOM_RARE_CARD","is_prod":false,"is_daily":false,"chose_seed":false,"campfire_upgraded":6,"win_rate":0,"timestamp":1551401192,"path_taken":["M","?","M","?","?","E","M","R","T","E","M","M","R","E","R","BOSS","M","?","$","M","?","R","?","E","T","M","M","?","E","M","R","BOSS","M","?","?","?","?","R","M","R","T","R","?","?","E","$","R","BOSS"],"build_version":"2019-01-23","purchased_purges":2,"victory":false,"max_hp_per_floor":[75,75,75,80,87,87,87,87,87,87,87,87,87,97,97,97,97,97,97,97,97,97,97,97,97,97,97,97,97,97,97,97,97,97,97,97,97,97,97,97,97,97,97,97,97,97,97,97,97,97],"card_choices":[{"not_picked":["Streamline","Hologram"],"picked":"Self Repair","floor":1},{"not_picked":["Reinforced Body","White Noise"],"picked":"Cold Snap","floor":3},{"not_picked":["Lockon","Redo"],"picked":"Hello World","floor":6},{"not_picked":["Redo","Sweeping Beam"],"picked":"Go for the Eyes","floor":7},{"not_picked":["Go for the Eyes","Turbo"],"picked":"Undo","floor":10},{"not_picked":["Melter","Hologram","Tempest"],"picked":"Rebound","floor":11},{"not_picked":["Barrage","Buffer","Compile Driver"],"picked":"Conserve Battery","floor":12},{"not_picked":["BootSequence","Hello World","Self Repair"],"picked":"Storm","floor":14},{"not_picked":["Thunder Strike","Machine Learning","Echo Form"],"picked":"Creative AI","floor":16},{"not_picked":["Recycle","Stack","White Noise","Streamline"],"picked":"SKIP","floor":18},{"not_picked":["Gash","Reprogram","Go for the Eyes","Rebound"],"picked":"SKIP","floor":21},{"not_picked":["Coolheaded+1","Streamline","Barrage+1"],"picked":"Blizzard","floor":25},{"not_picked":["Fusion","Beam Cell","Genetic Algorithm","Double Energy"],"picked":"SKIP","floor":27},{"not_picked":["Steam","Hologram","Machine Learning"],"picked":"Capacitor","floor":28},{"not_picked":["Doom and Gloom+1","Ball Lightning","Auto Shields+1","Barrage+1"],"picked":"SKIP","floor":30},{"not_picked":["Barrage+1","FTL","Melter"],"picked":"Cold Snap","floor":31},{"not_picked":["Barrage","Double Energy","Beam Cell"],"picked":"Cold Snap+1","floor":34},{"not_picked":["Tempest","Capacitor+1","Seek"],"picked":"Coolheaded","floor":34},{"not_picked":["Undo","BootSequence","Sweeping Beam+1","Turbo+1"],"picked":"SKIP","floor":35},{"not_picked":["Rebound","Hologram+1","Coolheaded+1","Leap+1"],"picked":"SKIP","floor":37},{"not_picked":["Rip and Tear+1","Streamline","Doom and Gloom+1","Leap+1"],"picked":"SKIP","floor":41},{"not_picked":["Leap+1","Skim+1","Tempest+1","Machine Learning"],"picked":"SKIP","floor":46},{"not_picked":["Rip and Tear","Beam Cell","Redo"],"picked":"Storm+1","floor":47}],"player_experience":145865,"relics_obtained":[{"floor":5,"key":"Strawberry"},{"floor":6,"key":"PreservedInsect"},{"floor":9,"key":"Meat on the Bone"},{"floor":10,"key":"Question Card"},{"floor":14,"key":"Pear"},{"floor":24,"key":"FossilizedHelix"},{"floor":24,"key":"The Courier"},{"floor":25,"key":"Bottled Flame"},{"floor":30,"key":"Kunai"},{"floor":43,"key":"Blood Vial"},{"floor":47,"key":"Pen Nib"}],"event_choices":[{"damage_healed":0,"gold_gain":0,"player_choice":"Take Damage","damage_taken":18,"relics_obtained":["Golden Idol"],"max_hp_gain":0,"max_hp_loss":0,"event_name":"Golden Idol","floor":2,"gold_loss":0},{"damage_healed":0,"gold_gain":0,"player_choice":"Donut","damage_taken":0,"max_hp_gain":5,"max_hp_loss":0,"event_name":"Big Fish","floor":4,"gold_loss":0},{"damage_healed":0,"gold_gain":0,"player_choice":"Gave Idol","damage_taken":0,"relics_obtained":["Bloody Idol"],"max_hp_gain":0,"max_hp_loss":0,"event_name":"Forgotten Altar","floor":19,"relics_lost":["Golden Idol"],"gold_loss":0},{"damage_healed":0,"gold_gain":99,"player_choice":"Stole From Cult","damage_taken":0,"max_hp_gain":0,"max_hp_loss":0,"event_name":"Nest","floor":22,"gold_loss":0},{"damage_healed":0,"gold_gain":0,"player_choice":"Fight","damage_taken":0,"max_hp_gain":0,"max_hp_loss":0,"event_name":"Colosseum","floor":24,"gold_loss":0},{"damage_healed":0,"gold_gain":0,"player_choice":"Fought Nobs","damage_taken":0,"max_hp_gain":0,"max_hp_loss":0,"event_name":"Colosseum","floor":24,"gold_loss":0},{"damage_healed":0,"gold_gain":0,"player_choice":"Obtained Relic","damage_taken":0,"relics_obtained":["Smiling Mask"],"max_hp_gain":0,"max_hp_loss":0,"event_name":"Addict","floor":29,"gold_loss":85},{"damage_healed":0,"gold_gain":0,"player_choice":"Upgrade","damage_taken":0,"max_hp_gain":0,"max_hp_loss":0,"event_name":"Designer","floor":36,"gold_loss":40,"cards_upgraded":["Blizzard"]},{"damage_healed":0,"gold_gain":0,"player_choice":"Copied","damage_taken":0,"max_hp_gain":0,"max_hp_loss":0,"event_name":"Duplicator","floor":38,"gold_loss":0,"cards_obtained":["Self Repair"]},{"damage_healed":0,"gold_gain":0,"player_choice":"Ignored","damage_taken":0,"max_hp_gain":0,"max_hp_loss":0,"event_name":"SecretPortal","floor":45,"gold_loss":0}],"is_beta":false,"boss_relics":[{"not_picked":["Velvet Choker","Nuclear Battery"],"picked":"Astrolabe"},{"not_picked":["White Beast Statue","Inserter"],"picked":"Orrery"}],"items_purged_floors":[39,48],"is_endless":false,"potions_floor_spawned":[6,11,14,16,21,24,27,30,33,35,41],"killed_by":"Time Eater","ascension_level":2}