{"gold_per_floor":[209,228,228,244,244,272,272,228,228,254,271,302,317,10,10,81,81,91,91,291,55,55,55,87,87,117,146,159,91,119,70,70,70],"floor_reached":33,"playtime":1473,"items_purged":[],"score":583,"play_id":"4e0a00e1-6297-4afd-8081-eba269a12355","local_time":"20180808183102","is_ascension_mode":true,"campfire_choices":[{"floor":7,"key":"REST"},{"data":"Noxious Fumes","floor":15,"key":"SMITH"},{"data":"Wraith Form v2","floor":23,"key":"SMITH"},{"data":"Footwork","floor":25,"key":"SMITH"},{"data":"Neutralize","floor":32,"key":"SMITH"}],"neow_cost":"NONE","seed_source_timestamp":2419209640784499,"circlet_count":0,"master_deck":["Defend_G","Defend_G","Defend_G","Defend_G","Defend_G","Survivor","Neutralize+1","AscendersBane","Quick Slash","Noxious Fumes+1","Wraith Form v2+1","Dagger Spray","Footwork+1","Dagger Throw","Blur","Caltrops","Die Die Die","Corpse Explosion","Leg Sweep","Bite","Bite","Bite","Bite","Bite","Cloak And Dagger","Envenom","Blur","Catalyst","Well Laid Plans+1"],"relics":["Ring of the Snake","NlothsMask","Pen Nib","Snake Skull","Strawberry","Bronze Scales","Coffee Dripper","Oddly Smooth Stone","Happy Flower","Tiny Chest","Paper Crane","Anchor"],"potions_floor_usage":[6,10,12,16,24,27,33],"damage_taken":[{"damage":5,"enemies":"Cultist","floor":1,"turns":5},{"damage":2,"enemies":"2 Louse","floor":2,"turns":3},{"damage":4,"enemies":"Small Slimes","floor":4,"turns":5},{"damage":15,"enemies":"3 Sentries","floor":6,"turns":8},{"damage":15,"enemies":"Gremlin Nob","floor":10,"turns":6},{"damage":4,"enemies":"Blue Slaver","floor":11,"turns":5},{"damage":7,"enemies":"3 Sentries","floor":12,"turns":5},{"damage":0,"enemies":"Gremlin Gang","floor":13,"turns":5},{"damage":8,"enemies":"Hexaghost","floor":16,"turns":9},{"damage":14,"enemies":"Spheric Guardian","floor":18,"turns":6},{"damage":20,"enemies":"Gremlin Leader","floor":24,"turns":7},{"damage":28,"enemies":"Slavers","floor":27,"turns":2},{"damage":0,"enemies":"Shell Parasite","floor":28,"turns":4},{"damage":6,"enemies":"Gremlin Leader","floor":30,"turns":6},{"damage":34,"enemies":"Collector","floor":33,"turns":3}],"seed_played":"-5196765907238745540","potions_obtained":[{"floor":1,"key":"PowerPotion"},{"floor":6,"key":"Fire Potion"},{"floor":10,"key":"Explosive Potion"},{"floor":12,"key":"SkillPotion"},{"floor":16,"key":"Fire Potion"},{"floor":24,"key":"FairyPotion"},{"floor":27,"key":"Fire Potion"},{"floor":30,"key":"SpeedPotion"}],"is_trial":false,"path_per_floor":["M","M","?","M","?","E","R","?","T","E","M","E","M","$","R","B",null,"M","?","?","$","?","R","E","R","T","E","M","$","E","$","R"],"character_chosen":"THE_SILENT","items_purchased":["Bronze Scales","Die Die Die","Oddly Smooth Stone","Explosive Potion","Leg Sweep","Catalyst","PowerPotion"],"campfire_rested":1,"item_purchase_floors":[14,14,21,21,21,29,31],"current_hp_per_floor":[54,52,52,48,48,33,52,52,52,37,33,33,33,33,33,25,61,47,62,62,62,51,51,45,45,45,19,25,25,27,27,27,0],"gold":70,"neow_bonus":"HUNDRED_GOLD","is_prod":false,"is_daily":false,"chose_seed":false,"campfire_upgraded":4,"win_rate":0,"timestamp":1533745862,"path_taken":["M","M","?","M","?","E","R","?","T","E","M","E","M","$","R","BOSS","M","?","?","$","?","R","E","R","T","E","M","$","E","$","R","BOSS"],"build_version":"2018-08-02","purchased_purges":0,"victory":false,"max_hp_per_floor":[66,66,66,66,66,66,66,66,66,66,66,73,73,73,73,73,73,73,73,73,73,51,51,51,51,51,51,51,51,51,51,51,51],"card_choices":[{"not_picked":["Endless Agony","Concentrate"],"picked":"Quick Slash","floor":1},{"not_picked":["Cloak And Dagger","Sucker Punch"],"picked":"Noxious Fumes","floor":2},{"not_picked":["Flechettes","Flying Knee"],"picked":"Wraith Form v2","floor":4},{"not_picked":["Flechettes","Expertise"],"picked":"Dagger Spray","floor":6},{"not_picked":["Dagger Throw","Acrobatics"],"picked":"Footwork","floor":10},{"not_picked":["Terror","Quick Slash"],"picked":"Dagger Throw","floor":11},{"not_picked":["Heel Hook","Dagger Spray"],"picked":"Blur","floor":12},{"not_picked":["Prepared","Heel Hook"],"picked":"Caltrops","floor":13},{"not_picked":["Night Terror","Bullet Time"],"picked":"Corpse Explosion","floor":16},{"not_picked":["Sucker Punch","Bouncing Flask","Prepared"],"picked":"SKIP","floor":18},{"not_picked":["Infinite Blades","Crippling Poison"],"picked":"Cloak And Dagger","floor":24},{"not_picked":["Dagger Spray","Poisoned Stab"],"picked":"Envenom","floor":27},{"not_picked":["Endless Agony","PiercingWail"],"picked":"Blur","floor":28},{"not_picked":["Cloak And Dagger","Slice"],"picked":"Well Laid Plans+1","floor":30}],"player_experience":927815,"relics_obtained":[{"floor":6,"key":"Pen Nib"},{"floor":10,"key":"Snake Skull"},{"floor":12,"key":"Strawberry"},{"floor":24,"key":"Happy Flower"},{"floor":26,"key":"Tiny Chest"},{"floor":27,"key":"Paper Crane"},{"floor":30,"key":"Anchor"}],"event_choices":[{"event_name":"Liars Game","player_choice":"disagreed","floor":3,"damage_taken":0},{"event_name":"FaceTrader","player_choice":"Trade","floor":5,"damage_taken":0},{"event_name":"World of Goop","player_choice":"Left","floor":8,"damage_taken":0},{"event_name":"The Library","player_choice":"Heal","floor":19,"damage_taken":0},{"event_name":"The Joust","player_choice":"Bet on Owner","floor":20,"damage_taken":0},{"event_name":"Vampires","player_choice":"Became a vampire","floor":22,"damage_taken":0}],"is_beta":false,"boss_relics":[{"not_picked":["Runic Pyramid","Ring of the Serpent"],"picked":"Coffee Dripper"}],"items_purged_floors":[],"is_endless":false,"potions_floor_spawned":[1,6,10,12,16,24,27,30],"killed_by":"Collector","ascension_level":15}