{"path_per_floor":["M","$","M","M","?","R","E","R","T","R","M","M","?","M","R","B",null,"M","M","$","?","M","R","M","R","T","?","M","R","?","M","R","B",null,"M","M","?","?"],"character_chosen":"IRONCLAD","items_purchased":["Headbutt","Battle Trance","Sword Boomerang"],"gold_per_floor":[213,24,38,48,48,48,83,83,106,106,120,139,139,153,153,272,272,287,302,149,149,160,160,178,178,251,151,169,169,169,187,187,289,289,300,319,319,319],"floor_reached":39,"campfire_rested":5,"playtime":1445,"current_hp_per_floor":[70,70,66,71,55,55,29,53,53,53,59,62,42,38,62,15,64,48,34,34,34,34,58,18,42,47,47,43,43,43,47,71,37,69,69,42,42,42],"items_purged":["Defend_R","Strike_R"],"gold":319,"score":450,"play_id":"090de5b7-b6e1-4464-92c5-4c59fecd22c6","is_prod":false,"is_daily":false,"is_ascension_mode":true,"campfire_upgraded":3,"path_taken":["M","$","M","M","?","R","E","R","T","R","?","M","?","M","R","BOSS","M","M","$","?","M","R","M","R","T","?","M","R","?","M","R","BOSS","M","M","?","?","M"],"build_version":"2018-02-22-PROD2","purchased_purges":2,"victory":false,"master_deck":["Strike_R+1","Strike_R","Strike_R","Defend_R","Defend_R","Defend_R+1","Bash","Heavy Blade+1","Headbutt","Battle Trance","Thunderclap","Spot Weakness+1","Heavy Blade+1","Demon Form","Impervious","Sword Boomerang","Pain","J.A.X.","Writhe","Whirlwind","Iron Wave+1","Iron Wave+1","Rage+1","Pommel Strike+1"],"max_hp_per_floor":[80,80,80,80,80,80,80,80,80,80,80,80,80,80,80,80,80,80,80,80,80,80,80,80,80,80,80,80,80,80,80,80,80,80,80,80,80,80],"relics":["Burning Blood","Frozen Eye","Bag of Preparation","Bloody Idol","Cursed Key","The Courier","Du-Vu Doll","Astrolabe"],"card_choices":[{"not_picked":["Warcry","Feel No Pain"],"picked":"Heavy Blade"},{"not_picked":["Battle Trance","Seeing Red"],"picked":"Thunderclap"},{"not_picked":["Clothesline","Dual Wield"],"picked":"Spot Weakness"},{"not_picked":["Seeing Red","Sever Soul"],"picked":"Clash"},{"not_picked":["Iron Wave","Twin Strike"],"picked":"Heavy Blade"},{"not_picked":["Wild Strike","True Grit"],"picked":"Perfected Strike"},{"not_picked":["Feed","Immolate"],"picked":"Demon Form"},{"not_picked":["Havoc","Uppercut"],"picked":"Impervious"},{"not_picked":["Bloodletting","Heavy Blade"],"picked":"Whirlwind"},{"not_picked":["Wild Strike","Clothesline"],"picked":"Pommel Strike"}],"player_experience":225641,"potions_floor_usage":[19,19,31,31],"damage_taken":[{"damage":8,"enemies":"Jaw Worm","floor":1,"turns":4},{"damage":10,"enemies":"Small Slimes","floor":3,"turns":3},{"damage":1,"enemies":"Cultist","floor":4,"turns":3},{"damage":32,"enemies":"Gremlin Nob","floor":7,"turns":4},{"damage":0,"enemies":"Large Slime","floor":11,"turns":5},{"damage":3,"enemies":"3 Louse","floor":12,"turns":3},{"damage":10,"enemies":"2 Fungi Beasts","floor":14,"turns":3},{"damage":53,"enemies":"The Guardian","floor":16,"turns":10},{"damage":22,"enemies":"2 Thieves","floor":18,"turns":3},{"damage":20,"enemies":"3 Byrds","floor":19,"turns":4},{"damage":11,"enemies":"Snake Plant","floor":22,"turns":4},{"damage":51,"enemies":"Cultist and Chosen","floor":24,"turns":6},{"damage":15,"enemies":"Centurion and Healer","floor":28,"turns":5},{"damage":7,"enemies":"Slaver and Parasite","floor":31,"turns":2},{"damage":45,"enemies":"Champ","floor":33,"turns":8},{"damage":11,"enemies":"Orb Walker","floor":35,"turns":2},{"damage":38,"enemies":"3 Shapes","floor":36,"turns":6},{"damage":46,"enemies":"Maw","floor":39,"turns":6}],"event_choices":[{"event_name":"Shining Light","player_choice":"Entered Light","floor":5,"damage_taken":0},{"event_name":"Golden Idol","player_choice":"Take Damage","floor":13,"damage_taken":0},{"event_name":"Forgotten Altar","player_choice":"Gave Idol","floor":21,"damage_taken":0},{"event_name":"Drug Dealer","player_choice":"Got JAXXED","floor":27,"damage_taken":0},{"event_name":"The Mausoleum","player_choice":"Yes","floor":30,"damage_taken":0},{"event_name":"Tomb of Lord Red Mask","player_choice":"Ignored","floor":37,"damage_taken":0},{"event_name":"Fountain of Cleansing","player_choice":"Ignored","floor":38,"damage_taken":0}],"boss_relics":[{"not_picked":["Runic Cube","Sozu"],"picked":"Cursed Key"},{"not_picked":["Pandora\u0027s Box","Orrery"],"picked":"Astrolabe"}],"potions_floor_spawned":[1,14,16,19,28,33],"seed_played":"1281739315705740345","killed_by":"Maw","ascension_level":7,"is_trial":false}