{"gold_per_floor":[116,132,150,150,150,150,185,185,209,249,279,293,293,332,332,461,461,446,40,55,55,68,103,126,126,126,162,162],"floor_reached":28,"playtime":1252,"items_purged":[],"score":391,"play_id":"9be4179e-6cfd-4be8-a294-583b886c15c4","local_time":"20190214032323","is_ascension_mode":true,"campfire_choices":[{"data":"Neutralize","floor":6,"key":"SMITH"},{"data":"Bouncing Flask","floor":8,"key":"SMITH"},{"data":"Night Terror","floor":13,"key":"SMITH"},{"data":"Poisoned Stab","floor":15,"key":"SMITH"},{"data":"Bullet Time","floor":25,"key":"SMITH"}],"neow_cost":"NONE","seed_source_timestamp":666913491792100,"circlet_count":0,"master_deck":["Defend_G","Defend_G+1","Defend_G","Defend_G+1","Defend_G+1","Strike_G","Strike_G","Strike_G","Strike_G","Strike_G+1","Survivor","Neutralize+1","Poisoned Stab+1","Bouncing Flask+1","Calculated Gamble","PiercingWail","Slice","Night Terror+1","Acrobatics","Flying Knee","Bullet Time+1","Crippling Poison+1","Panache","Choke","Cloak And Dagger","Dodge and Roll+1","Catalyst","Bouncing Flask+1"],"relics":["Ring of the Snake","Golden Idol","PreservedInsect","War Paint","Mercury Hourglass","Odd Mushroom","Omamori","Busted Crown","Oddly Smooth Stone","Nilry\u0027s Codex","Vajra","Darkstone Periapt","Art of War"],"potions_floor_usage":[7,11,14,14],"damage_taken":[{"damage":0,"enemies":"Small Slimes","floor":1,"turns":5},{"damage":0,"enemies":"Jaw Worm","floor":2,"turns":5},{"damage":1,"enemies":"2 Louse","floor":3,"turns":4},{"damage":12,"enemies":"Lagavulin","floor":7,"turns":4},{"damage":10,"enemies":"Gremlin Nob","floor":10,"turns":3},{"damage":0,"enemies":"The Mushroom Lair","floor":11,"turns":3},{"damage":9,"enemies":"Blue Slaver","floor":12,"turns":4},{"damage":0,"enemies":"3 Sentries","floor":14,"turns":4},{"damage":10,"enemies":"The Guardian","floor":16,"turns":8},{"damage":9,"enemies":"2 Thieves","floor":18,"turns":4},{"damage":0,"enemies":"Chosen","floor":20,"turns":3},{"damage":11,"enemies":"3 Cultists","floor":22,"turns":5},{"damage":13,"enemies":"Slavers","floor":23,"turns":3},{"damage":0,"enemies":"Cultist and Chosen","floor":24,"turns":4},{"damage":18,"enemies":"Book of Stabbing","floor":27,"turns":4},{"damage":4,"enemies":"Shelled Parasite and Fungi","floor":28,"turns":2}],"seed_played":"-5089384469285662766","potions_obtained":[{"floor":2,"key":"Poison Potion"},{"floor":3,"key":"Explosive Potion"},{"floor":7,"key":"Block Potion"},{"floor":12,"key":"Dexterity Potion"},{"floor":24,"key":"Ancient Potion"}],"is_trial":false,"path_per_floor":["M","M","M","?","?","R","E","R","T","E","?","M","R","E","R","B",null,"M","$","M","?","M","E","M","R","T","E","M"],"character_chosen":"THE_SILENT","items_purchased":["Oddly Smooth Stone","Panache","Choke"],"campfire_rested":0,"item_purchase_floors":[19,19,19],"current_hp_per_floor":[77,77,76,61,61,61,49,49,49,39,39,30,30,30,30,20,71,62,62,62,46,35,22,22,22,22,4,0],"gold":162,"neow_bonus":"TEN_PERCENT_HP_BONUS","is_prod":false,"is_daily":false,"chose_seed":false,"campfire_upgraded":5,"win_rate":0,"timestamp":1550143403,"path_taken":["M","M","M","?","?","R","E","R","T","E","?","M","R","E","R","BOSS","M","$","M","?","M","E","M","R","T","E","M"],"build_version":"2019-01-23","purchased_purges":0,"victory":false,"max_hp_per_floor":[77,77,77,77,71,71,71,71,71,71,71,71,71,71,71,71,71,71,71,71,71,71,71,71,71,71,71,71],"card_choices":[{"not_picked":["Blade Dance","Finisher"],"picked":"Poisoned Stab","floor":1},{"not_picked":["Sucker Punch","Infinite Blades"],"picked":"Bouncing Flask","floor":2},{"not_picked":["Dagger Throw","Setup"],"picked":"Calculated Gamble","floor":3},{"not_picked":["Underhanded Strike","Quick Slash"],"picked":"PiercingWail","floor":7},{"not_picked":["Sucker Punch","Deflect"],"picked":"Slice","floor":10},{"not_picked":["Dagger Throw","Slice"],"picked":"Night Terror","floor":11},{"not_picked":["Flechettes","Deflect"],"picked":"Acrobatics","floor":12},{"not_picked":["Doppelganger","Reflex"],"picked":"Flying Knee","floor":14},{"not_picked":["Doppelganger","Burst"],"picked":"Bullet Time","floor":16},{"not_picked":[],"picked":"Crippling Poison+1","floor":18},{"not_picked":[],"picked":"Cloak And Dagger","floor":20},{"not_picked":[],"picked":"Dodge and Roll+1","floor":22},{"not_picked":[],"picked":"Catalyst","floor":23},{"not_picked":[],"picked":"Bouncing Flask+1","floor":24},{"not_picked":["Finisher"],"picked":"SKIP","floor":27}],"player_experience":689030,"relics_obtained":[{"floor":7,"key":"PreservedInsect"},{"floor":9,"key":"War Paint"},{"floor":10,"key":"Mercury Hourglass"},{"floor":11,"key":"Odd Mushroom"},{"floor":14,"key":"Omamori"},{"floor":21,"key":"Nilry\u0027s Codex"},{"floor":23,"key":"Vajra"},{"floor":26,"key":"Darkstone Periapt"},{"floor":27,"key":"Art of War"}],"event_choices":[{"damage_healed":0,"gold_gain":0,"player_choice":"Entered Light","damage_taken":15,"max_hp_gain":0,"max_hp_loss":0,"event_name":"Shining Light","floor":4,"gold_loss":0,"cards_upgraded":["Strike_G","Defend_G"]},{"damage_healed":0,"gold_gain":0,"player_choice":"Lose Max HP","damage_taken":0,"relics_obtained":["Golden Idol"],"max_hp_gain":0,"max_hp_loss":6,"event_name":"Golden Idol","floor":5,"gold_loss":0},{"damage_healed":0,"gold_gain":0,"player_choice":"Fought Mushrooms","damage_taken":0,"max_hp_gain":0,"max_hp_loss":0,"event_name":"Mushrooms","floor":11,"gold_loss":0},{"damage_healed":0,"gold_gain":0,"player_choice":"Obtained Book","damage_taken":16,"max_hp_gain":0,"max_hp_loss":0,"event_name":"Cursed Tome","floor":21,"gold_loss":0}],"is_beta":false,"boss_relics":[{"not_picked":["Eternal Feather","HoveringKite"],"picked":"Busted Crown"}],"items_purged_floors":[],"is_endless":false,"potions_floor_spawned":[2,3,7,12,24],"killed_by":"Shelled Parasite and Fungi","ascension_level":4}