{"path_per_floor":["M","$","?","?","?","E","M","R","T","$","R","M","M","M","R","B",null,"M","?","M","M","M","R","?","R","T","$","R","M","M","E","R","B",null,"M","?","?","?","M","R","M","T","T","?","M","$","M","M","R"],"character_chosen":"IRONCLAD","items_purchased":["Finesse","War Paint"],"gold_per_floor":[116,22,22,22,197,231,249,249,249,22,22,36,50,63,63,160,160,171,71,82,92,105,105,105,105,105,5,5,24,42,73,73,178,178,190,0,0,0,16,16,27,27,81,81,92,42,53,68,68],"floor_reached":50,"campfire_rested":3,"playtime":3073,"current_hp_per_floor":[80,80,68,68,68,74,80,80,80,80,80,80,78,80,80,44,80,74,74,68,62,58,58,64,64,64,64,64,53,41,23,48,38,104,73,73,63,63,55,86,76,76,76,76,45,45,52,14,45],"items_purged":["Doubt","Writhe","Regret"],"gold":68,"play_id":"4916e58c-ec98-43d9-b83f-1918b5b2ea3f","is_prod":false,"is_daily":false,"is_ascension_mode":false,"campfire_upgraded":6,"path_taken":["M","$","?","?","?","E","M","R","T","$","R","M","M","M","R","BOSS","M","?","M","M","M","R","?","R","T","$","R","M","M","E","R","BOSS","M","?","?","?","M","R","?","?","T","?","M","?","?","M","R","BOSS"],"build_version":"2018-01-25-PROD3","purchased_purges":3,"victory":false,"master_deck":["Strike_R","Strike_R","Strike_R","Strike_R","Defend_R","Defend_R","Defend_R+1","Defend_R","Bash+1","Finesse+1","Rampage+1","Shrug It Off+1","Pommel Strike+1","Demon Form+1","Headbutt+1","J.A.X.","Heavy Blade+1","Spot Weakness+1","Sword Boomerang+1","Inflame+1","Double Tap","Injury","Writhe","Warcry+1","Madness","Madness","Berserk"],"max_hp_per_floor":[80,80,80,80,80,80,80,80,80,80,80,80,80,80,80,80,80,80,80,80,80,80,80,86,86,86,86,86,86,86,86,86,86,104,104,104,104,104,104,104,104,104,104,104,104,104,104,104,104],"relics":["Burning Blood","NeowsBlessing","Kunai","Darkstone Periapt","Torii","War Paint","Mark of Pain","Bag of Preparation","Calipers","Pen Nib","Calling Bell","Unceasing Top","Bird Faced Urn","Dodecahedron","Red Mask","Smiling Mask","Vajra"],"card_choices":[{"not_picked":["Sever Soul","Burning Pact"],"picked":"Rampage"},{"not_picked":["True Grit","Fiend Fire"],"picked":"Shrug It Off"},{"not_picked":["Feel No Pain","Clothesline"],"picked":"Pommel Strike"},{"not_picked":["Fiend Fire","Dark Embrace"],"picked":"Demon Form"},{"not_picked":["Uppercut","Shockwave"],"picked":"Headbutt"},{"not_picked":["Spot Weakness","Perfected Strike"],"picked":"Heavy Blade"},{"not_picked":["Fire Breathing","Bloodletting"],"picked":"Spot Weakness"},{"not_picked":["Dropkick","Anger"],"picked":"Sword Boomerang"},{"not_picked":["Double Tap","Whirlwind"],"picked":"Inflame"},{"not_picked":["Barricade","Juggernaut"],"picked":"Double Tap"},{"not_picked":["Disarm","Fire Breathing"],"picked":"Warcry"},{"not_picked":["Anger","Heavy Blade"],"picked":"Berserk"}],"player_experience":61000,"potions_floor_usage":[20,21,21,22,22,33,47,48,50],"damage_taken":[{"damage":0,"enemies":"Jaw Worm","floor":1,"turns":1},{"damage":0,"enemies":"Lagavulin","floor":6,"turns":1},{"damage":0,"enemies":"2 Louse","floor":7,"turns":1},{"damage":2,"enemies":"Blue Slaver","floor":12,"turns":4},{"damage":8,"enemies":"Large Slime","floor":13,"turns":6},{"damage":0,"enemies":"Red Slaver","floor":14,"turns":4},{"damage":42,"enemies":"Slime Boss","floor":16,"turns":12},{"damage":12,"enemies":"Chosen","floor":18,"turns":6},{"damage":12,"enemies":"3 Byrds","floor":20,"turns":5},{"damage":12,"enemies":"Snake Plant","floor":21,"turns":4},{"damage":10,"enemies":"3 Cultists","floor":22,"turns":5},{"damage":17,"enemies":"Slaver and Parasite","floor":29,"turns":5},{"damage":18,"enemies":"Snake Plant","floor":30,"turns":4},{"damage":24,"enemies":"Slavers","floor":31,"turns":4},{"damage":16,"enemies":"Champ","floor":33,"turns":7},{"damage":39,"enemies":"3 Shapes","floor":35,"turns":4},{"damage":16,"enemies":"Orb Walker","floor":39,"turns":3},{"damage":18,"enemies":"Maw","floor":41,"turns":7},{"damage":41,"enemies":"4 Shapes","floor":45,"turns":5},{"damage":3,"enemies":"3 Darklings","floor":47,"turns":4},{"damage":48,"enemies":"Maw","floor":48,"turns":7},{"damage":56,"enemies":"Donu and Deca","floor":50,"turns":3}],"event_choices":[{"event_name":"Scrap Ooze","player_choice":"success","floor":3,"damage_taken":12},{"event_name":"The Lab","player_choice":"Got Potions","floor":4,"damage_taken":0},{"event_name":"Liars Game","player_choice":"agreed","floor":5,"damage_taken":0},{"event_name":"Drug Dealer","player_choice":"Got JAXXED","floor":19,"damage_taken":0},{"event_name":"The Mausoleum","player_choice":"Yes","floor":24,"damage_taken":0},{"event_name":"Tomb of Lord Red Mask","player_choice":"Paid","floor":36,"damage_taken":0},{"event_name":"Winding Halls","player_choice":"Embrace Madness","floor":37,"damage_taken":0},{"event_name":"Mysterious Sphere","player_choice":"Ignore","floor":44,"damage_taken":0}],"boss_relics":[{"not_picked":["Question Card","Eternal Feather"],"picked":"Mark of Pain"},{"not_picked":["Tiny House","Orrery"],"picked":"Calling Bell"}],"potions_floor_spawned":[1,13,14,16,20,21,22,35,45,47],"seed_played":"4583083111131151084","killed_by":"Donu and Deca","ascension_level":0,"is_trial":false}