{"gold_per_floor":[117,131,149,24,99,99,131,147,147,95,95,95,95,115,115,211,211,229,229,248,263,163,197,197,229,252,272,96,96,112,122,122,122],"floor_reached":33,"playtime":1470,"items_purged":["Defend_R","Defend_R"],"score":312,"play_id":"c1fe681a-b631-4669-ba02-1dbfc069294c","local_time":"20181208235425","is_ascension_mode":false,"campfire_choices":[{"data":"Perfected Strike","floor":6,"key":"SMITH"},{"data":"Headbutt","floor":11,"key":"SMITH"},{"floor":13,"key":"REST"},{"data":"Spot Weakness","floor":15,"key":"SMITH"},{"floor":24,"key":"REST"},{"floor":29,"key":"REST"},{"floor":32,"key":"REST"}],"neow_cost":"NONE","seed_source_timestamp":782201757283505,"circlet_count":0,"master_deck":["Strike_R","Strike_R+1","Strike_R","Strike_R","Strike_R","Defend_R","Defend_R","Bash","Spot Weakness+1","Perfected Strike+1","Flex+1","Cleave","Headbutt+1","Headbutt","Demon Form","Heavy Blade","Sword Boomerang","Flex","Ghostly","Ghostly","Ghostly","Ghostly","Ghostly","Inflame","Apotheosis","Inflame","Sword Boomerang+1"],"relics":["Burning Blood","Ancient Tea Set","Kunai","Orrery","WingedGreaves","Charon\u0027s Ashes","Dream Catcher"],"potions_floor_usage":[7,14,16,20,21,25,27],"damage_taken":[{"damage":7,"enemies":"Small Slimes","floor":1,"turns":4},{"damage":8,"enemies":"2 Louse","floor":2,"turns":4},{"damage":1,"enemies":"Cultist","floor":3,"turns":3},{"damage":16,"enemies":"Gremlin Nob","floor":7,"turns":3},{"damage":21,"enemies":"Exordium Wildlife","floor":8,"turns":4},{"damage":0,"enemies":"Looter","floor":14,"turns":1},{"damage":46,"enemies":"Hexaghost","floor":16,"turns":7},{"damage":37,"enemies":"3 Byrds","floor":18,"turns":5},{"damage":20,"enemies":"Shell Parasite","floor":20,"turns":7},{"damage":23,"enemies":"Snecko","floor":21,"turns":6},{"damage":10,"enemies":"Gremlin Leader","floor":23,"turns":6},{"damage":20,"enemies":"Slavers","floor":25,"turns":7},{"damage":2,"enemies":"Centurion and Healer","floor":27,"turns":6},{"damage":4,"enemies":"Cultist and Chosen","floor":30,"turns":5},{"damage":24,"enemies":"Sentry and Sphere","floor":31,"turns":6},{"damage":32,"enemies":"Automaton","floor":33,"turns":8}],"seed_played":"-9106879390565557021","potions_obtained":[{"floor":3,"key":"SkillPotion"},{"floor":8,"key":"AttackPotion"},{"floor":14,"key":"Dexterity Potion"},{"floor":18,"key":"SteroidPotion"},{"floor":20,"key":"Block Potion"},{"floor":23,"key":"Weak Potion"},{"floor":25,"key":"Ancient Potion"}],"is_trial":false,"path_per_floor":["M","M","M","$","?","R","E","M","T","$","R","?","R","M","R","B",null,"M","?","M","M","$","E","R","E","T","M","$","R","M","M","R","B"],"character_chosen":"IRONCLAD","items_purchased":["Flex","Headbutt","Apotheosis"],"campfire_rested":4,"item_purchase_floors":[4,10,28],"current_hp_per_floor":[87,85,88,88,77,77,67,52,52,52,52,34,60,66,66,26,88,57,44,30,13,13,9,22,8,8,12,12,25,27,9,22,0],"gold":122,"neow_bonus":"TEN_PERCENT_HP_BONUS","is_prod":false,"is_daily":false,"chose_seed":false,"campfire_upgraded":3,"win_rate":0,"timestamp":1544331265,"path_taken":["M","M","M","$","?","R","E","M","T","$","R","?","R","M","R","BOSS","M","?","M","M","$","E","R","E","T","M","$","R","M","M","R","BOSS"],"build_version":"2018-12-06","purchased_purges":2,"victory":false,"max_hp_per_floor":[88,88,88,88,88,88,88,88,88,88,88,88,88,88,88,88,88,88,44,44,44,44,44,44,44,44,44,44,44,44,44,44,44],"card_choices":[{"not_picked":["Shrug It Off","Thunderclap","Dual Wield"],"picked":"SKIP","floor":1},{"not_picked":["Heavy Blade","Intimidate"],"picked":"Spot Weakness","floor":2},{"not_picked":["Wild Strike","Anger"],"picked":"Perfected Strike","floor":3},{"not_picked":["Rupture","True Grit","Blood for Blood"],"picked":"SKIP","floor":7},{"not_picked":["Clothesline","Armaments"],"picked":"Cleave","floor":8},{"not_picked":["Perfected Strike","Havoc"],"picked":"Headbutt","floor":14},{"not_picked":["Exhume","Offering"],"picked":"Demon Form","floor":16},{"not_picked":["Disarm","Clothesline"],"picked":"Heavy Blade","floor":17},{"not_picked":["Hemokinesis","Corruption"],"picked":"Sword Boomerang","floor":17},{"not_picked":["Clash+1","Armaments+1"],"picked":"Flex","floor":18},{"not_picked":["Searing Blow","Warcry"],"picked":"Inflame","floor":20},{"not_picked":["Warcry+1","Disarm+1","Blood for Blood"],"picked":"SKIP","floor":21},{"not_picked":["Thunderclap","Searing Blow","Intimidate"],"picked":"SKIP","floor":23},{"not_picked":["Anger","Flex","Corruption"],"picked":"SKIP","floor":25},{"not_picked":["True Grit","Carnage","Thunderclap"],"picked":"SKIP","floor":27},{"not_picked":["Body Slam+1","Iron Wave+1"],"picked":"Inflame","floor":29},{"not_picked":["Battle Trance","Double Tap"],"picked":"Sword Boomerang+1","floor":30},{"not_picked":["Havoc","Headbutt+1","Armaments"],"picked":"SKIP","floor":31}],"player_experience":202422,"relics_obtained":[{"floor":7,"key":"Ancient Tea Set"},{"floor":9,"key":"Kunai"},{"floor":23,"key":"WingedGreaves"},{"floor":25,"key":"Charon\u0027s Ashes"},{"floor":26,"key":"Dream Catcher"}],"event_choices":[{"damage_healed":0,"gold_gain":75,"player_choice":"Gather Gold","damage_taken":11,"max_hp_gain":0,"max_hp_loss":0,"event_name":"World of Goop","floor":5,"gold_loss":0},{"damage_healed":0,"gold_gain":0,"player_choice":"Entered Light","damage_taken":18,"max_hp_gain":0,"max_hp_loss":0,"event_name":"Shining Light","floor":12,"gold_loss":0,"cards_upgraded":["Strike_R","Flex"]},{"damage_healed":0,"gold_gain":0,"player_choice":"Became a Ghost","damage_taken":0,"max_hp_gain":0,"max_hp_loss":44,"event_name":"Ghosts","floor":19,"gold_loss":0,"cards_obtained":["Ghostly","Ghostly","Ghostly","Ghostly","Ghostly"]}],"is_beta":false,"boss_relics":[{"not_picked":["Runic Pyramid","Ectoplasm"],"picked":"Orrery"}],"items_purged_floors":[4,22],"is_endless":false,"potions_floor_spawned":[3,8,14,18,20,23,25],"killed_by":"Automaton","ascension_level":0}