{"gold_per_floor":[119,119,132,35,35,35,62,80,80,80,95,120,120,133,133,237,267,278,278,105,155,165,165],"floor_reached":23,"playtime":811,"items_purged":["Defend_R","Normality"],"score":259,"play_id":"84b39602-4b83-4e6c-a2c7-76b062fbd624","local_time":"20190209173621","is_ascension_mode":true,"campfire_choices":[{"data":"Bash","floor":6,"key":"SMITH"},{"data":"True Grit","floor":10,"key":"SMITH"},{"data":"Hemokinesis","floor":15,"key":"SMITH"}],"neow_cost":"NONE","seed_source_timestamp":244747507814321,"circlet_count":0,"master_deck":["Strike_R","Strike_R","Strike_R","Strike_R","Strike_R","Defend_R","Defend_R","Defend_R","Bash+1","Pommel Strike","Shrug It Off","Hemokinesis+1","True Grit+1","Armaments","Parasite","Clothesline","Brutality","Regret","Writhe","Perfected Strike+1","Corruption","Ghostly Armor","Whirlwind"],"relics":["Burning Blood","Blue Candle","GremlinMask","Regal Pillow","Shuriken","Blood Vial","Calling Bell","Mercury Hourglass","Tiny Chest","Incense Burner","Art of War"],"potions_floor_usage":[7,12,16,22,22,23],"damage_taken":[{"damage":3,"enemies":"2 Louse","floor":1,"turns":3},{"damage":13,"enemies":"Jaw Worm","floor":3,"turns":5},{"damage":33,"enemies":"Gremlin Nob","floor":7,"turns":5},{"damage":3,"enemies":"Cultist","floor":8,"turns":2},{"damage":6,"enemies":"Looter","floor":11,"turns":3},{"damage":19,"enemies":"Lagavulin","floor":12,"turns":4},{"damage":7,"enemies":"2 Fungi Beasts","floor":14,"turns":4},{"damage":47,"enemies":"Slime Boss","floor":16,"turns":9},{"damage":41,"enemies":"Spheric Guardian","floor":18,"turns":6},{"damage":7,"enemies":"Chosen","floor":22,"turns":4},{"damage":39,"enemies":"Book of Stabbing","floor":23,"turns":5}],"seed_played":"462275543444717501","potions_obtained":[{"floor":0,"key":"Fire Potion"},{"floor":0,"key":"PowerPotion"},{"floor":0,"key":"Explosive Potion"},{"floor":1,"key":"Regen Potion"},{"floor":12,"key":"Weak Potion"},{"floor":14,"key":"Poison Potion"},{"floor":16,"key":"Strength Potion"}],"is_trial":false,"path_per_floor":["M","?","M","$","?","R","E","M","T","R","M","E","?","M","R","B",null,"M","?","$","T","M","E"],"character_chosen":"IRONCLAD","items_purchased":["Shrug It Off","Ghostly Armor"],"campfire_rested":0,"item_purchase_floors":[4,20],"current_hp_per_floor":[75,72,65,65,65,65,52,55,55,55,55,42,62,63,63,24,66,33,33,33,33,34,0],"gold":165,"neow_bonus":"THREE_SMALL_POTIONS","is_prod":false,"is_daily":false,"chose_seed":false,"campfire_upgraded":3,"win_rate":0,"timestamp":1549751781,"path_taken":["M","?","M","$","?","R","E","M","T","R","?","E","?","M","R","BOSS","M","?","$","?","M","E"],"build_version":"2019-01-23","purchased_purges":2,"victory":false,"max_hp_per_floor":[80,80,80,80,80,80,80,80,80,80,80,80,80,80,80,80,80,80,80,80,80,80,80],"card_choices":[{"not_picked":["Metallicize","Sentinel"],"picked":"Disarm","floor":1},{"not_picked":["Corruption","Havoc"],"picked":"Pommel Strike","floor":3},{"not_picked":["Clothesline","Pommel Strike"],"picked":"Hemokinesis","floor":7},{"not_picked":["Second Wind","Wild Strike"],"picked":"True Grit","floor":8},{"not_picked":["Searing Blow","Barricade"],"picked":"Armaments","floor":11},{"not_picked":["Dropkick","Havoc","Twin Strike"],"picked":"SKIP","floor":12},{"not_picked":["Havoc","Body Slam"],"picked":"Clothesline","floor":14},{"not_picked":["Barricade","Berserk"],"picked":"Brutality","floor":16},{"not_picked":["Twin Strike+1","Cleave"],"picked":"Perfected Strike+1","floor":18},{"not_picked":["Dropkick","Flex+1"],"picked":"Whirlwind","floor":22}],"player_experience":165571,"relics_obtained":[{"floor":7,"key":"Regal Pillow"},{"floor":9,"key":"Shuriken"},{"floor":12,"key":"Blood Vial"},{"floor":17,"key":"Mercury Hourglass"},{"floor":17,"key":"Tiny Chest"},{"floor":17,"key":"Incense Burner"},{"floor":21,"key":"Art of War"}],"event_choices":[{"damage_healed":0,"gold_gain":0,"player_choice":"Success","damage_taken":3,"relics_obtained":["Blue Candle"],"max_hp_gain":0,"max_hp_loss":0,"event_name":"Scrap Ooze","floor":2,"gold_loss":0},{"damage_healed":0,"gold_gain":0,"player_choice":"Trade","damage_taken":0,"relics_obtained":["GremlinMask"],"max_hp_gain":0,"max_hp_loss":0,"event_name":"FaceTrader","floor":5,"gold_loss":0},{"damage_healed":20,"gold_gain":0,"player_choice":"Healed and dodged fight","damage_taken":0,"max_hp_gain":0,"max_hp_loss":0,"event_name":"Mushrooms","floor":13,"gold_loss":0,"cards_obtained":["Parasite"]},{"damage_healed":0,"gold_gain":0,"cards_transformed":["Disarm"],"player_choice":"Transformed","damage_taken":0,"max_hp_gain":0,"max_hp_loss":0,"event_name":"Transmorgrifier","floor":19,"gold_loss":0,"cards_obtained":["Corruption"]}],"is_beta":false,"boss_relics":[{"not_picked":["Busted Crown","Empty Cage"],"picked":"Calling Bell"}],"items_purged_floors":[4,20],"is_endless":false,"potions_floor_spawned":[1,3,12,14,16],"killed_by":"Book of Stabbing","ascension_level":6}