{"path_per_floor":["M","M","$","?","M","R","E","R","T","M","R","M","E","?","R","B",null,"M","M","?","M","M"],"character_chosen":"IRONCLAD","items_purchased":["Shrug It Off"],"gold_per_floor":[215,225,125,125,138,138,167,167,167,137,137,150,181,181,181,276,276,295,306,306,320,332,332],"floor_reached":23,"campfire_rested":1,"playtime":1790,"current_hp_per_floor":[63,69,69,61,63,63,53,53,63,69,69,75,43,36,63,62,83,83,82,82,52,37,0],"items_purged":["Defend_R"],"gold":332,"score":271,"play_id":"f57bacf6-840c-4be0-9a3f-d4677546b053","local_time":"20180414113313","is_prod":false,"is_daily":false,"chose_seed":false,"is_ascension_mode":true,"campfire_upgraded":3,"timestamp":1523698393,"path_taken":["M","M","$","?","M","R","E","R","T","M","R","M","E","?","R","BOSS","M","M","?","M","?","E"],"build_version":"2018-04-12","seed_source_timestamp":185307498578875,"purchased_purges":1,"victory":false,"master_deck":["Bash+1","Rage","True Grit+1","Shrug It Off","Clothesline+1","Flame Barrier","Headbutt","Spot Weakness","Dropkick","Fiend Fire","Havoc","Havoc","Battle Trance","Twin Strike","Fire Breathing","Clothesline","Warcry","Shrug It Off","Flex+1","Shrug It Off+1"],"max_hp_per_floor":[80,80,80,80,80,80,80,80,90,90,90,90,90,90,90,90,90,90,90,90,90,90,90],"relics":["Burning Blood","Anchor","Pear","Charon\u0027s Ashes","Pandora\u0027s Box"],"card_choices":[{"not_picked":["Sword Boomerang","Armaments"],"picked":"Rage","floor":1},{"not_picked":["Power Through","Sever Soul"],"picked":"True Grit","floor":2},{"not_picked":["Sword Boomerang","Headbutt"],"picked":"Clothesline","floor":5},{"not_picked":["Warcry","Anger"],"picked":"Flame Barrier","floor":7},{"not_picked":["Entrench","Heavy Blade"],"picked":"Headbutt","floor":10},{"not_picked":["Flame Barrier","True Grit"],"picked":"Spot Weakness","floor":12},{"not_picked":["Sever Soul","Bloodletting"],"picked":"Dropkick","floor":13},{"not_picked":["Exhume","Feed"],"picked":"Fiend Fire","floor":16},{"not_picked":["Headbutt","True Grit"],"picked":"Warcry","floor":18},{"not_picked":["Cleave","Body Slam"],"picked":"Shrug It Off","floor":19},{"not_picked":["Twin Strike","Clash"],"picked":"Flex","floor":21},{"not_picked":["True Grit","Headbutt"],"picked":"Shrug It Off","floor":22}],"player_experience":263287,"potions_floor_usage":[7,16,16,23],"damage_taken":[{"damage":15,"enemies":"Small Slimes","floor":1,"turns":5},{"damage":0,"enemies":"Cultist","floor":2,"turns":4},{"damage":4,"enemies":"2 Louse","floor":5,"turns":3},{"damage":16,"enemies":"3 Sentries","floor":7,"turns":13},{"damage":0,"enemies":"Looter","floor":10,"turns":4},{"damage":0,"enemies":"2 Fungi Beasts","floor":12,"turns":4},{"damage":38,"enemies":"Gremlin Nob","floor":13,"turns":5},{"damage":22,"enemies":"The Guardian","floor":16,"turns":14},{"damage":6,"enemies":"3 Byrds","floor":18,"turns":4},{"damage":7,"enemies":"Chosen","floor":19,"turns":5},{"damage":36,"enemies":"Centurion and Healer","floor":21,"turns":9},{"damage":21,"enemies":"Snake Plant","floor":22,"turns":5},{"damage":37,"enemies":"Book of Stabbing","floor":23,"turns":7}],"event_choices":[{"event_name":"Wheel of Change","player_choice":"Damage","floor":4,"damage_taken":0},{"event_name":"Golden Wing","player_choice":"Card Removal","floor":14,"damage_taken":0},{"event_name":"Back to Basics","player_choice":"Elegance","floor":20,"damage_taken":0}],"boss_relics":[{"not_picked":["Astrolabe","Velvet Choker"],"picked":"Pandora\u0027s Box"}],"potions_floor_spawned":[1,12,13,21,22],"seed_played":"6421308767250595006","killed_by":"Book of Stabbing","ascension_level":7,"is_trial":false}