{"gold_per_floor":[367,385,116,127,142,142,142,157,157,167,200,213,213,248,248,344,344,364,454,469,485,485,512,512],"floor_reached":24,"playtime":1545,"items_purged":["Pain"],"score":322,"play_id":"120573b7-1623-482b-84b1-a397336ef52b","local_time":"20190202172147","is_ascension_mode":true,"campfire_choices":[{"data":"Pommel Strike","floor":6.0,"key":"SMITH"},{"floor":13.0,"key":"REST"},{"data":"Armaments","floor":15.0,"key":"SMITH"}],"neow_cost":"CURSE","seed_source_timestamp":823736976905426,"circlet_count":0,"master_deck":["Strike_B","Strike_B","Strike_B","Strike_B","Defend_B","Defend_B","Defend_B","Defend_B+1","Zap","Dualcast","Cold Snap","BootSequence","Pommel Strike+1","Auto Shields+1","Coolheaded","Shrug It Off","Swift Strike","Flash of Steel","Armaments+1","Burst","Beam Cell+1","Slice","Pommel Strike+1","Terror"],"special_seed":0,"relics":["Cracked Core","PrismaticShard","Girya","Pocketwatch","War Paint","Black Star","Ice Cream","Boot"],"potions_floor_usage":[23,23,23],"damage_taken":[{"damage":9.0,"enemies":"2 Louse","floor":1.0,"turns":3.0},{"damage":5.0,"enemies":"Cultist","floor":2.0,"turns":3.0},{"damage":0.0,"enemies":"Jaw Worm","floor":4.0,"turns":3.0},{"damage":16.0,"enemies":"Lots of Slimes","floor":5.0,"turns":4.0},{"damage":10.0,"enemies":"Large Slime","floor":8.0,"turns":5.0},{"damage":0.0,"enemies":"Exordium Wildlife","floor":10.0,"turns":7.0},{"damage":23.0,"enemies":"Gremlin Nob","floor":11.0,"turns":5.0},{"damage":4.0,"enemies":"Looter","floor":12.0,"turns":3.0},{"damage":15.0,"enemies":"Lagavulin","floor":14.0,"turns":10.0},{"damage":2.0,"enemies":"Slime Boss","floor":16.0,"turns":12.0},{"damage":0.0,"enemies":"Shell Parasite","floor":18.0,"turns":7.0},{"damage":0.0,"enemies":"Spheric Guardian","floor":20.0,"turns":4.0},{"damage":9.0,"enemies":"Snecko","floor":21.0,"turns":5.0},{"damage":29,"enemies":"Book of Stabbing","floor":23,"turns":8},{"damage":10,"enemies":"Cultist and Chosen","floor":24,"turns":6}],"seed_played":"2717022483698628482","potions_obtained":[{"floor":5.0,"key":"AttackPotion"},{"floor":8.0,"key":"SteroidPotion"},{"floor":11.0,"key":"Regen Potion"},{"floor":12.0,"key":"FearPotion"},{"floor":16.0,"key":"Weak Potion"},{"floor":18.0,"key":"AttackPotion"},{"floor":21.0,"key":"SpeedPotion"}],"is_trial":false,"path_per_floor":["M","M","$","M","M","R","?","M","T","M","E","M","R","E","R","B",null,"M","?","M","M","?","E","M"],"character_chosen":"DEFECT","items_purchased":["PrismaticShard"],"campfire_rested":1,"item_purchase_floors":[3],"current_hp_per_floor":[59,54,54,54,38,38,38,28,28,28,5,1,23,23,23,21,62,62,48,48,39,39,10,0],"gold":512,"neow_bonus":"TWO_FIFTY_GOLD","is_prod":false,"is_daily":false,"chose_seed":false,"campfire_upgraded":2,"win_rate":0,"timestamp":1549146107,"path_taken":["M","M","$","M","M","R","?","M","T","M","E","?","R","E","R","BOSS","M","?","?","M","?","E","M"],"build_version":"2019-01-23","purchased_purges":1,"victory":false,"max_hp_per_floor":[75,75,75,75,75,75,75,75,75,75,75,75,75,75,75,75,75,75,75,75,75,75,75,75],"card_choices":[{"not_picked":["Redo","Leap"],"picked":"Cold Snap","floor":1.0},{"not_picked":["Steam Power","Streamline"],"picked":"BootSequence","floor":2.0},{"not_picked":["Dagger Spray","Streamline"],"picked":"Pommel Strike","floor":4.0},{"not_picked":["Flying Knee","Go for the Eyes"],"picked":"Auto Shields","floor":5.0},{"not_picked":["Crippling Poison","Stack"],"picked":"Coolheaded","floor":8.0},{"not_picked":["FTL","Havoc"],"picked":"Shrug It Off","floor":10.0},{"not_picked":["Heavy Blade","Flame Barrier"],"picked":"Swift Strike","floor":11.0},{"not_picked":["Anger","Heel Hook"],"picked":"Flash of Steel","floor":12.0},{"not_picked":["Uppercut","Dramatic Entrance"],"picked":"Armaments","floor":14.0},{"not_picked":["Panache","Rainbow"],"picked":"Burst","floor":16.0},{"not_picked":["Evolve","Static Discharge","Lockon"],"picked":"SKIP","floor":18.0},{"not_picked":["Twin Strike","Flex"],"picked":"Beam Cell+1","floor":20.0},{"not_picked":["Cold Snap","Gash"],"picked":"Slice","floor":21.0},{"not_picked":["Creative AI","Blind"],"picked":"Terror","floor":23}],"player_experience":308459,"relics_obtained":[{"floor":11.0,"key":"Pocketwatch"},{"floor":14.0,"key":"War Paint"},{"floor":23,"key":"Ice Cream"},{"floor":23,"key":"Boot"}],"event_choices":[{"damage_healed":0.0,"max_hp_gain":0.0,"max_hp_loss":0.0,"gold_gain":0.0,"event_name":"WeMeetAgain","player_choice":"Gave Potion","floor":7.0,"gold_loss":0.0,"damage_taken":0.0,"relics_obtained":["Girya"]},{"damage_healed":0.0,"max_hp_gain":0.0,"max_hp_loss":0.0,"gold_gain":90.0,"event_name":"Knowing Skull","player_choice":"GOLD ","floor":19.0,"potions_obtained":[],"gold_loss":0.0,"damage_taken":14.0,"cards_obtained":[]},{"damage_healed":0.0,"max_hp_gain":0.0,"max_hp_loss":0.0,"gold_gain":0.0,"event_name":"Duplicator","player_choice":"Copied","floor":22.0,"gold_loss":0.0,"damage_taken":0.0,"cards_obtained":["Pommel Strike"]}],"is_beta":false,"boss_relics":[{"not_picked":["White Beast Statue","Busted Crown"],"picked":"Black Star"}],"items_purged_floors":[3],"is_endless":false,"potions_floor_spawned":[5,8,11,12,16,18,21],"killed_by":"Cultist and Chosen","ascension_level":8}