{"gold_per_floor":[111,124,135,210,220,220,234,247,247,259,272,148,162,183,183,280,280,297,197,209,209,45,45,45,45,45,64,79,79,91,111,111,214,214,227,102,102,102,202,202,214,228,228,247,97,97,109,109,109,109],"floor_reached":51,"playtime":3264,"items_purged":["Strike_B","Defend_B","Consume+1","Defend_B"],"score":645,"play_id":"e4ce51c1-5d38-4264-9e06-34fa61f45416","local_time":"20190108143543","is_ascension_mode":false,"campfire_choices":[{"data":"Defragment","floor":6,"key":"SMITH"},{"floor":15,"key":"REST"},{"data":"Redo","floor":23,"key":"SMITH"},{"floor":25,"key":"REST"},{"data":"Fusion","floor":32,"key":"SMITH"},{"data":"Conserve Battery","floor":40,"key":"SMITH"},{"floor":46,"key":"REST"},{"floor":49,"key":"REST"}],"neow_cost":"NONE","seed_source_timestamp":1988487974759911,"circlet_count":0,"master_deck":["Strike_B","Defend_B","Zap","Dualcast","Cold Snap","Defragment+1","Lockon","Conserve Battery+1","Melter","Doom and Gloom","Fusion+1","Redo+1","Streamline","Creative AI","Conserve Battery+1","Redo","Electrodynamics","Loop+1","Leap+1","Reprogram+1","Multi-Cast+1","Leap+1","Conserve Battery+1","Auto Shields+1"],"relics":["Cracked Core","Mummified Hand","Odd Mushroom","Runic Pyramid","Nloth\u0027s Gift","Meat on the Bone","Astrolabe","Bird Faced Urn","Lantern","Kunai"],"potions_floor_usage":[16,16,16,27,27,33,44,44,50,50,50],"damage_taken":[{"damage":0,"enemies":"Small Slimes","floor":1,"turns":1},{"damage":0,"enemies":"Jaw Worm","floor":2,"turns":1},{"damage":0,"enemies":"2 Louse","floor":3,"turns":1},{"damage":9,"enemies":"Blue Slaver","floor":5,"turns":3},{"damage":8,"enemies":"Red Slaver","floor":7,"turns":4},{"damage":1,"enemies":"3 Louse","floor":8,"turns":4},{"damage":6,"enemies":"Exordium Wildlife","floor":10,"turns":2},{"damage":3,"enemies":"2 Fungi Beasts","floor":11,"turns":3},{"damage":7,"enemies":"Blue Slaver","floor":13,"turns":3},{"damage":21,"enemies":"The Mushroom Lair","floor":14,"turns":3},{"damage":7,"enemies":"Hexaghost","floor":16,"turns":12},{"damage":26,"enemies":"3 Byrds","floor":18,"turns":4},{"damage":0,"enemies":"Spheric Guardian","floor":20,"turns":2},{"damage":23,"enemies":"Snake Plant","floor":27,"turns":3},{"damage":8,"enemies":"Snecko","floor":28,"turns":4},{"damage":4,"enemies":"3 Cultists","floor":30,"turns":5},{"damage":0,"enemies":"Centurion and Healer","floor":31,"turns":5},{"damage":13,"enemies":"Champ","floor":33,"turns":10},{"damage":28,"enemies":"Orb Walker","floor":35,"turns":4},{"damage":1,"enemies":"Mind Bloom Boss Battle","floor":39,"turns":6},{"damage":0,"enemies":"3 Shapes","floor":41,"turns":3},{"damage":27,"enemies":"Maw","floor":42,"turns":10},{"damage":35,"enemies":"Transient","floor":44,"turns":5},{"damage":6,"enemies":"3 Darklings","floor":47,"turns":2},{"damage":54,"enemies":"Awakened One","floor":50,"turns":17}],"seed_played":"-2544212304357629897","potions_obtained":[{"floor":3,"key":"EssenceOfSteel"},{"floor":5,"key":"FocusPotion"},{"floor":11,"key":"EssenceOfSteel"},{"floor":13,"key":"FocusPotion"},{"floor":16,"key":"Dexterity Potion"},{"floor":18,"key":"FocusPotion"},{"floor":20,"key":"SkillPotion"},{"floor":30,"key":"EntropicBrew"},{"floor":33,"key":"Fire Potion"},{"floor":35,"key":"Explosive Potion"}],"is_trial":false,"path_per_floor":["M","M","M","?","M","R","M","M","T","M","M","$","M","?","R","B",null,"M","$","M","?","$","R","?","R","T","M","M","?","M","M","R","B",null,"M","$","?","$","?","R","M","M","T","M","$","R","M","T","R","B",null],"character_chosen":"DEFECT","items_purchased":["Redo","Electrodynamics"],"campfire_rested":4,"item_purchase_floors":[12,22],"current_hp_per_floor":[75,75,75,64,55,55,47,46,46,40,37,37,30,9,31,24,75,49,49,49,49,49,49,49,71,71,48,40,65,61,61,61,48,75,47,47,47,47,46,46,54,43,43,24,24,46,46,46,68,38],"gold":109,"neow_bonus":"THREE_ENEMY_KILL","is_prod":false,"is_daily":false,"chose_seed":false,"campfire_upgraded":4,"win_rate":0.0,"timestamp":1546976143,"path_taken":["M","M","M","?","M","R","M","M","T","M","M","$","M","?","R","BOSS","M","$","M","?","$","R","?","R","T","M","?","?","M","M","R","BOSS","M","$","?","$","?","R","M","M","T","M","$","R","M","?","R","BOSS"],"build_version":"2019-01-03v4","purchased_purges":4,"victory":true,"max_hp_per_floor":[75,75,75,75,75,75,75,75,75,75,75,75,75,75,75,75,75,75,75,75,75,75,75,75,75,75,75,75,75,75,75,75,75,75,75,75,75,75,75,75,75,75,75,75,75,75,75,75,75,75],"card_choices":[{"not_picked":["Hologram","Hello World"],"picked":"Cold Snap","floor":1},{"not_picked":["Barrage","Beam Cell"],"picked":"Defragment","floor":2},{"not_picked":["Go for the Eyes","Cold Snap"],"picked":"Lockon","floor":3},{"not_picked":["BootSequence","Coolheaded"],"picked":"Conserve Battery","floor":5},{"not_picked":["Leap","Compile Driver"],"picked":"Melter","floor":7},{"not_picked":["Redo","Conserve Battery"],"picked":"Doom and Gloom","floor":8},{"not_picked":["Barrage","Double Energy","Reinforced Body"],"picked":"SKIP","floor":10},{"not_picked":["Buffer","Static Discharge"],"picked":"Fusion","floor":11},{"not_picked":["BootSequence","Fusion"],"picked":"Streamline","floor":13},{"not_picked":["Rainbow","All For One"],"picked":"Creative AI","floor":16},{"not_picked":["Gash","Cold Snap"],"picked":"Conserve Battery+1","floor":18},{"not_picked":["Streamline","Stack"],"picked":"Redo","floor":20},{"not_picked":["Reprogram","Storm+1"],"picked":"Loop+1","floor":27},{"not_picked":["Ball Lightning","Genetic Algorithm","Darkness"],"picked":"SKIP","floor":28},{"not_picked":["Beam Cell","Cold Snap"],"picked":"Leap+1","floor":30},{"not_picked":["Stack+1","Blizzard","Coolheaded+1"],"picked":"SKIP","floor":31},{"not_picked":["Multi-Cast","Reprogram+1"],"picked":"Leap+1","floor":35},{"not_picked":["Redo","Blizzard+1","Compile Driver"],"picked":"SKIP","floor":41},{"not_picked":["Glacier+1","Ball Lightning+1"],"picked":"Conserve Battery+1","floor":42},{"not_picked":["Steam Power+1","Go for the Eyes+1","Barrage+1"],"picked":"SKIP","floor":44},{"not_picked":["Conserve Battery+1","Go for the Eyes+1"],"picked":"Auto Shields+1","floor":47}],"player_experience":23123,"relics_obtained":[{"floor":9,"key":"Mummified Hand"},{"floor":14,"key":"Odd Mushroom"},{"floor":26,"key":"Meat on the Bone"},{"floor":39,"key":"Bird Faced Urn"},{"floor":43,"key":"Lantern"},{"floor":48,"key":"Kunai"}],"event_choices":[{"damage_healed":0,"gold_gain":75,"player_choice":"Gather Gold","damage_taken":11,"max_hp_gain":0,"max_hp_loss":0,"event_name":"World of Goop","floor":4,"gold_loss":0},{"damage_healed":0,"gold_gain":0,"player_choice":"Fought Mushrooms","damage_taken":0,"max_hp_gain":0,"max_hp_loss":0,"event_name":"Mushrooms","floor":14,"gold_loss":0},{"damage_healed":0,"gold_gain":0,"player_choice":"Ignored","damage_taken":0,"max_hp_gain":0,"max_hp_loss":0,"event_name":"Ghosts","floor":21,"gold_loss":0},{"damage_healed":0,"gold_gain":0,"player_choice":"Traded Relic","damage_taken":0,"relics_obtained":["Nloth\u0027s Gift"],"max_hp_gain":0,"max_hp_loss":0,"event_name":"N\u0027loth","floor":24,"relics_lost":["NeowsBlessing"],"gold_loss":0},{"damage_healed":25,"gold_gain":0,"player_choice":"Heal","damage_taken":0,"max_hp_gain":0,"max_hp_loss":0,"event_name":"The Library","floor":29,"gold_loss":0},{"damage_healed":0,"gold_gain":0,"player_choice":"Ignored","damage_taken":0,"max_hp_gain":0,"max_hp_loss":0,"event_name":"Mysterious Sphere","floor":37,"gold_loss":0},{"damage_healed":0,"gold_gain":0,"player_choice":"Fight","damage_taken":0,"max_hp_gain":0,"max_hp_loss":0,"event_name":"MindBloom","floor":39,"gold_loss":0}],"is_beta":false,"boss_relics":[{"not_picked":["FrozenCore","Eternal Feather"],"picked":"Runic Pyramid"},{"not_picked":["Philosopher\u0027s Stone","Velvet Choker"],"picked":"Astrolabe"}],"items_purged_floors":[12,19,36,45],"is_endless":false,"potions_floor_spawned":[3,5,11,13,14,16,18,20,30,33,35,39,42],"ascension_level":0}