{"gold_per_floor":[109,128,128,145,164,164,198,198,252,272,27,27,27,27,27,27],"floor_reached":16,"playtime":598,"items_purged":[],"score":100,"play_id":"84e97725-2633-4804-8a8f-8acb7a1be004","local_time":"20190306210302","is_ascension_mode":false,"campfire_choices":[{"data":"Pommel Strike","floor":6,"key":"SMITH"},{"data":"Armaments","floor":8,"key":"SMITH"},{"data":"Anger","floor":12,"key":"SMITH"},{"data":"Shrug It Off","floor":15,"key":"SMITH"}],"neow_cost":"NONE","seed_source_timestamp":2459162065266800,"circlet_count":0,"master_deck":["Strike_R","Strike_R","Strike_R","Strike_R","Strike_R","Defend_R","Defend_R","Defend_R","Defend_R","Bash+1","Headbutt","Clothesline","Pommel Strike+1","Armaments+1","Shrug It Off+1","Bash+1","Anger+1"],"relics":["Burning Blood","Pantograph","Juzu Bracelet","DollysMirror","Bag of Preparation"],"potions_floor_usage":[5,16],"damage_taken":[{"damage":12,"enemies":"Small Slimes","floor":1,"turns":3},{"damage":1,"enemies":"Cultist","floor":2,"turns":3},{"damage":1,"enemies":"Jaw Worm","floor":4,"turns":3},{"damage":16,"enemies":"Lots of Slimes","floor":5,"turns":4},{"damage":57,"enemies":"3 Sentries","floor":7,"turns":12},{"damage":9,"enemies":"Exordium Thugs","floor":10,"turns":6},{"damage":49,"enemies":"The Guardian","floor":16,"turns":12}],"seed_played":"4865824349803062873","potions_obtained":[{"floor":2,"key":"SteroidPotion"},{"floor":7,"key":"FearPotion"},{"floor":10,"key":"SpeedPotion"}],"is_trial":false,"path_per_floor":["M","M","?","M","M","R","E","R","T","M","$","R","?","$","R","B"],"character_chosen":"IRONCLAD","items_purchased":["DollysMirror","Anger"],"campfire_rested":0,"item_purchase_floors":[11,11],"current_hp_per_floor":[82,87,87,88,78,78,27,27,27,24,24,24,17,17,17,0],"gold":27,"neow_bonus":"TEN_PERCENT_HP_BONUS","is_prod":false,"is_daily":false,"chose_seed":false,"campfire_upgraded":4,"win_rate":0,"timestamp":1551934982,"path_taken":["M","M","?","M","?","R","E","R","T","M","$","R","?","?","R","BOSS"],"build_version":"2019-01-23","purchased_purges":0,"victory":false,"max_hp_per_floor":[88,88,88,88,88,88,88,88,88,88,88,88,88,88,88,88],"card_choices":[{"not_picked":["Perfected Strike","Pommel Strike"],"picked":"Headbutt","floor":1},{"not_picked":["Heavy Blade","Immolate","Rupture"],"picked":"SKIP","floor":2},{"not_picked":["Spot Weakness","Flame Barrier"],"picked":"Clothesline","floor":4},{"not_picked":["Entrench","Rage"],"picked":"Pommel Strike","floor":5},{"not_picked":["Sever Soul","Heavy Blade"],"picked":"Armaments","floor":7},{"not_picked":["True Grit","Sever Soul"],"picked":"Shrug It Off","floor":10}],"player_experience":801210,"relics_obtained":[{"floor":7,"key":"Pantograph"},{"floor":9,"key":"Juzu Bracelet"}],"event_choices":[{"damage_healed":0,"gold_gain":0,"player_choice":"Upgraded","damage_taken":0,"max_hp_gain":0,"max_hp_loss":0,"event_name":"Upgrade Shrine","floor":3,"gold_loss":0,"cards_upgraded":["Bash"]},{"damage_healed":0,"gold_gain":0,"player_choice":"Success","damage_taken":7,"relics_obtained":["Bag of Preparation"],"max_hp_gain":0,"max_hp_loss":0,"event_name":"Scrap Ooze","floor":13,"gold_loss":0}],"is_beta":false,"boss_relics":[],"items_purged_floors":[],"is_endless":false,"potions_floor_spawned":[2,7,10],"killed_by":"The Guardian","ascension_level":0}