{"gold_per_floor":[114,131,131,151,166,166,197,208,208,308,65,84,84,147,147,249,249,263,277,57,68,94,94,94,94,121,121,121],"floor_reached":28,"playtime":1206,"items_purged":["Strike_B"],"score":308,"play_id":"81b1aa0e-d8cc-4160-becc-8b79552d21b8","local_time":"20180908130735","is_ascension_mode":true,"campfire_choices":[{"floor":6,"key":"REST"},{"floor":13,"key":"REST"},{"floor":15,"key":"REST"},{"floor":23,"key":"REST"},{"data":"Hyperbeam","floor":27,"key":"SMITH"}],"neow_cost":"PERCENT_DAMAGE","seed_source_timestamp":146773220391662,"circlet_count":0,"master_deck":["Strike_B","Defend_B","Defend_B","Defend_B","Defend_B","Zap","Dualcast","Rebound","Gash","Hologram","Hyperbeam","FTL","Hyperbeam+1","Hologram"],"relics":["Cracked Core","Unceasing Top","Pen Nib","Cables","Singing Bowl","Oddly Smooth Stone","Empty Cage","Regal Pillow","Red Mask","Nilry\u0027s Codex","Dream Catcher"],"potions_floor_usage":[7,19,28,28,28],"damage_taken":[{"damage":0,"enemies":"Jaw Worm","floor":1,"turns":3},{"damage":12,"enemies":"Small Slimes","floor":2,"turns":3},{"damage":1,"enemies":"Cultist","floor":4,"turns":3},{"damage":20,"enemies":"Lots of Slimes","floor":5,"turns":6},{"damage":37,"enemies":"3 Sentries","floor":7,"turns":8},{"damage":0,"enemies":"Exordium Wildlife","floor":8,"turns":1},{"damage":0,"enemies":"Gremlin Gang","floor":12,"turns":3},{"damage":5,"enemies":"3 Sentries","floor":14,"turns":2},{"damage":0,"enemies":"Slime Boss","floor":16,"turns":5},{"damage":11,"enemies":"Spheric Guardian","floor":18,"turns":3},{"damage":6,"enemies":"2 Thieves","floor":19,"turns":2},{"damage":26,"enemies":"Chosen and Byrds","floor":21,"turns":5},{"damage":12,"enemies":"Masked Bandits","floor":22,"turns":3},{"damage":69,"enemies":"Book of Stabbing","floor":28,"turns":5}],"seed_played":"2065152732257391606","potions_obtained":[{"floor":5,"key":"Energy Potion"},{"floor":8,"key":"GamblersBrew"},{"floor":14,"key":"Block Potion"},{"floor":16,"key":"GamblersBrew"},{"floor":21,"key":"Regen Potion"}],"is_trial":false,"path_per_floor":["M","M","?","M","M","R","E","M","T","?","$","M","R","?","R","B",null,"M","M","$","M","?","R","?","?","T","R"],"character_chosen":"DEFECT","items_purchased":["Singing Bowl","Regal Pillow"],"campfire_rested":4,"item_purchase_floors":[11,20],"current_hp_per_floor":[54,42,42,41,21,43,6,6,6,6,6,8,31,28,51,51,79,68,64,64,40,30,70,54,54,54,54,0],"gold":121,"neow_bonus":"ONE_RARE_RELIC","is_prod":false,"is_daily":false,"chose_seed":false,"campfire_upgraded":1,"win_rate":0,"timestamp":1536426455,"path_taken":["M","M","?","M","M","R","E","M","T","?","?","?","R","?","R","BOSS","M","M","$","M","?","R","?","?","T","R","E"],"build_version":"2018-09-06","purchased_purges":1,"victory":false,"max_hp_per_floor":[75,75,75,75,75,75,75,75,75,75,75,77,77,79,79,79,79,79,81,81,83,85,85,85,85,85,85,85],"card_choices":[{"not_picked":["Turbo","Loop"],"picked":"Rebound","floor":1},{"not_picked":["Steam","Consume"],"picked":"Gash","floor":2},{"not_picked":["Turbo","Leap","Static Discharge"],"picked":"SKIP","floor":4},{"not_picked":["Sweeping Beam","Go for the Eyes"],"picked":"Hologram","floor":5},{"not_picked":["Cold Snap","Consume"],"picked":"Hyperbeam","floor":7},{"not_picked":["Barrage","Beam Cell"],"picked":"FTL","floor":8},{"not_picked":["Hologram","Cold Snap","Beam Cell"],"picked":"Singing Bowl","floor":12},{"not_picked":["Conserve Battery","Turbo","Steam"],"picked":"Singing Bowl","floor":14},{"not_picked":["Buffer","Thunder Strike"],"picked":"Hyperbeam","floor":16},{"not_picked":["Hello World","Redo"],"picked":"Hologram","floor":18},{"not_picked":["Double Energy","Conserve Battery","Barrage+1"],"picked":"Singing Bowl","floor":19},{"not_picked":["Conserve Battery","White Noise+1","Loop"],"picked":"Singing Bowl","floor":21},{"not_picked":["Redo+1","Rebound","Sweeping Beam"],"picked":"Singing Bowl","floor":22}],"player_experience":169243,"relics_obtained":[{"floor":7,"key":"Pen Nib"},{"floor":9,"key":"Cables"},{"floor":14,"key":"Oddly Smooth Stone"},{"floor":22,"key":"Red Mask"},{"floor":24,"key":"Nilry\u0027s Codex"},{"floor":26,"key":"Dream Catcher"}],"event_choices":[{"event_name":"Shining Light","player_choice":"Ignored","floor":3,"damage_taken":0},{"event_name":"Golden Shrine","player_choice":"Pray","floor":10,"damage_taken":0},{"event_name":"Dead Adventurer","player_choice":"Searched \u00271\u0027 times","floor":14,"damage_taken":0},{"event_name":"Masked Bandits","player_choice":"Fought Bandits","floor":22,"damage_taken":0},{"event_name":"Cursed Tome","player_choice":"Obtained Book","floor":24,"damage_taken":0},{"event_name":"The Mausoleum","player_choice":"No","floor":25,"damage_taken":0}],"is_beta":false,"boss_relics":[{"not_picked":["Tiny House","FrozenCore"],"picked":"Empty Cage"}],"items_purged_floors":[20],"is_endless":false,"potions_floor_spawned":[5,8,14,16,18,21],"killed_by":"Book of Stabbing","ascension_level":3}