{"gold_per_floor":[112,130,130,145,145,145,171,346,371,32,50,62,77,77,77,77],"floor_reached":16,"playtime":427,"items_purged":[],"score":153,"play_id":"3541a696-9cb2-46ad-ad81-9352efa35d01","local_time":"20181030204729","is_ascension_mode":true,"campfire_choices":[{"data":"Zap","floor":6,"key":"SMITH"},{"data":"Hologram","floor":15,"key":"SMITH"}],"neow_cost":"NONE","seed_source_timestamp":265118185185864,"circlet_count":0,"master_deck":["Strike_B","Strike_B","Strike_B","Strike_B+1","Defend_B","Defend_B","Defend_B","Defend_B","Zap+1","Dualcast","AscendersBane","Static Discharge+1","Streamline+1","Beam Cell","Regret","Gash","Doubt","Static Discharge","Hologram+1","Gash","Hologram"],"relics":["Cracked Core","NeowsBlessing","Lantern","WingedGreaves","Whetstone","FossilizedHelix","Gambling Chip"],"potions_floor_usage":[16,16,16],"damage_taken":[{"damage":0,"enemies":"Small Slimes","floor":1,"turns":1},{"damage":0,"enemies":"Jaw Worm","floor":2,"turns":1},{"damage":0,"enemies":"2 Louse","floor":4,"turns":1},{"damage":35,"enemies":"Gremlin Nob","floor":7,"turns":4},{"damage":5,"enemies":"Exordium Thugs","floor":11,"turns":3},{"damage":11,"enemies":"Looter","floor":12,"turns":2},{"damage":0,"enemies":"2 Fungi Beasts","floor":13,"turns":3},{"damage":17,"enemies":"Slime Boss","floor":16,"turns":5}],"seed_played":"838982270481256958","potions_obtained":[{"floor":1,"key":"Swift Potion"},{"floor":2,"key":"Weak Potion"},{"floor":13,"key":"GamblersBrew"}],"is_trial":false,"path_per_floor":["M","M","?","M","?","R","E","?","T","$","M","M","M","T","R"],"character_chosen":"DEFECT","items_purchased":["FossilizedHelix","Static Discharge"],"campfire_rested":0,"item_purchase_floors":[10,10],"current_hp_per_floor":[68,68,68,68,68,68,33,33,33,33,28,17,17,17,17,0],"gold":77,"neow_bonus":"THREE_ENEMY_KILL","is_prod":false,"is_daily":false,"chose_seed":false,"campfire_upgraded":2,"win_rate":0,"timestamp":1540957649,"path_taken":["M","M","?","M","?","R","E","?","T","$","M","M","M","?","R","BOSS"],"build_version":"2018-10-25v2","purchased_purges":0,"victory":false,"max_hp_per_floor":[75,75,75,75,75,75,75,75,75,75,75,75,75,75,75,75],"card_choices":[{"not_picked":["Fusion","Coolheaded"],"picked":"Static Discharge","floor":1},{"not_picked":["Turbo","Beam Cell"],"picked":"Streamline","floor":2},{"not_picked":["Barrage","Steam"],"picked":"Beam Cell","floor":4},{"not_picked":["Steam","Streamline"],"picked":"Gash","floor":7},{"not_picked":["Darkness","Rebound"],"picked":"Hologram","floor":11},{"not_picked":["Cold Snap","Chill"],"picked":"Gash","floor":12},{"not_picked":["Sweeping Beam","Ball Lightning"],"picked":"Hologram","floor":13}],"player_experience":331484,"relics_obtained":[{"floor":7,"key":"WingedGreaves"},{"floor":9,"key":"Whetstone"},{"floor":14,"key":"Gambling Chip"}],"event_choices":[{"damage_healed":0,"gold_gain":0,"player_choice":"Grow","damage_taken":0,"max_hp_gain":0,"max_hp_loss":0,"event_name":"Living Wall","floor":3,"gold_loss":0,"cards_upgraded":["Static Discharge"]},{"damage_healed":0,"gold_gain":0,"player_choice":"Box","damage_taken":0,"relics_obtained":["Lantern"],"max_hp_gain":0,"max_hp_loss":0,"event_name":"Big Fish","floor":5,"gold_loss":0,"cards_obtained":["Regret"]},{"damage_healed":0,"gold_gain":175,"player_choice":"AGREE","damage_taken":0,"max_hp_gain":0,"max_hp_loss":0,"event_name":"Liars Game","floor":8,"gold_loss":0,"cards_obtained":["Doubt"]}],"is_beta":false,"boss_relics":[],"items_purged_floors":[],"is_endless":false,"potions_floor_spawned":[1,2,13],"killed_by":"Slime Boss","ascension_level":10}