{"path_per_floor":["M","?","M","$","M","R","E","M","T","?","M","R","?","M","R","B",null,"M","?","$","?","$","R","M","R","T","?","?","M","R","M","R","B",null,"M","M","M","M","$","R","E","R","T","?","M","R","M","M","R","B"],"character_chosen":"IRONCLAD","items_purchased":["Offering","Whirlwind","Whetstone"],"gold_per_floor":[111,111,128,53,72,72,101,117,117,117,137,137,137,151,151,281,281,299,299,120,120,40,40,64,64,89,89,89,108,108,133,133,258,258,283,296,312,330,49,49,82,82,82,0,16,16,40,56,56,56],"floor_reached":51,"campfire_rested":3,"playtime":987,"current_hp_per_floor":[74,74,80,80,86,86,39,32,32,37,28,28,28,25,50,17,86,62,62,62,62,62,62,54,54,54,38,38,44,44,50,50,34,86,83,71,64,70,70,70,32,77,77,77,45,45,43,43,88,42],"items_purged":["Defend_R","Evolve","Defend_R"],"gold":56,"score":580,"play_id":"69ca8870-143c-4cff-aa70-3cd89a31f1bd","is_prod":false,"is_daily":false,"is_ascension_mode":false,"campfire_upgraded":8,"path_taken":["M","?","M","$","M","R","E","M","T","?","?","R","?","M","R","BOSS","M","?","$","?","$","R","?","R","T","?","?","M","R","M","R","BOSS","M","M","M","M","$","R","E","R","T","?","M","R","M","M","R","BOSS"],"build_version":"2018-02-22-PROD2","purchased_purges":3,"victory":true,"master_deck":["Strike_R","Strike_R+1","Strike_R","Strike_R","Strike_R","Defend_R","Defend_R","Bash+1","Flex+1","Finesse","Flex+1","Sword Boomerang+1","Flex+1","Whirlwind+1","Limit Break+1","Offering+1","Whirlwind+1","Demon Form","Flex+1","Pain","Battle Trance"],"max_hp_per_floor":[88,88,88,88,88,88,88,88,88,93,93,93,86,86,86,86,86,86,86,86,86,86,86,86,86,86,86,86,86,86,86,86,86,86,86,86,86,86,86,86,100,100,100,100,100,100,100,100,100,100],"relics":["Burning Blood","Red Skull","Omamori","Golden Idol","Cursed Key","Regal Pillow","Necronomicon","Mark of Pain","Whetstone","Mango","Shovel","Red Mask"],"card_choices":[{"not_picked":["Evolve","Thunderclap"],"picked":"Flex"},{"not_picked":["Hemokinesis","Cleave"],"picked":"Flex"},{"not_picked":["Sentinel","Twin Strike"],"picked":"Sword Boomerang"},{"not_picked":["True Grit","Havoc"],"picked":"Flex"},{"not_picked":["Rampage","Pummel"],"picked":"Whirlwind"},{"not_picked":["Brutality","Immolate"],"picked":"Limit Break"},{"not_picked":["Immolate","Bludgeon"],"picked":"Demon Form"},{"not_picked":["Thunderclap","True Grit"],"picked":"Flex"},{"not_picked":["Thunderclap","Sentinel"],"picked":"Battle Trance"}],"player_experience":217571,"potions_floor_usage":[33,50,50,50],"damage_taken":[{"damage":20,"enemies":"2 Louse","floor":1,"turns":3},{"damage":0,"enemies":"Cultist","floor":3,"turns":2},{"damage":0,"enemies":"Small Slimes","floor":5,"turns":3},{"damage":53,"enemies":"3 Sentries","floor":7,"turns":11},{"damage":13,"enemies":"3 Louse","floor":8,"turns":3},{"damage":15,"enemies":"Gremlin Gang","floor":11,"turns":3},{"damage":9,"enemies":"2 Fungi Beasts","floor":14,"turns":2},{"damage":39,"enemies":"The Guardian","floor":16,"turns":7},{"damage":30,"enemies":"2 Thieves","floor":18,"turns":3},{"damage":14,"enemies":"Chosen","floor":24,"turns":3},{"damage":0,"enemies":"3 Cultists","floor":29,"turns":1},{"damage":0,"enemies":"Snake Plant","floor":31,"turns":2},{"damage":22,"enemies":"Collector","floor":33,"turns":4},{"damage":9,"enemies":"Orb Walker","floor":35,"turns":2},{"damage":18,"enemies":"3 Shapes","floor":36,"turns":1},{"damage":13,"enemies":"Sphere and 2 Shapes","floor":37,"turns":2},{"damage":0,"enemies":"3 Darklings","floor":38,"turns":1},{"damage":58,"enemies":"Nemesis","floor":41,"turns":3},{"damage":38,"enemies":"Maw","floor":45,"turns":4},{"damage":8,"enemies":"Sphere and 2 Shapes","floor":47,"turns":1},{"damage":6,"enemies":"4 Shapes","floor":48,"turns":1},{"damage":52,"enemies":"Time Eater","floor":50,"turns":5}],"event_choices":[{"event_name":"Match and Keep!","player_choice":"2 cards matched","floor":2,"damage_taken":0},{"event_name":"Big Fish","player_choice":"Donut","floor":10,"damage_taken":0},{"event_name":"Golden Idol","player_choice":"Lose Max HP","floor":13,"damage_taken":0},{"event_name":"The Lab","player_choice":"Got Potions","floor":19,"damage_taken":0},{"event_name":"Addict","player_choice":"Ignored","floor":21,"damage_taken":0},{"event_name":"Cursed Tome","player_choice":"Obtained Book","floor":27,"damage_taken":0},{"event_name":"The Mausoleum","player_choice":"No","floor":28,"damage_taken":0},{"event_name":"Tomb of Lord Red Mask","player_choice":"Paid","floor":44,"damage_taken":0}],"boss_relics":[{"not_picked":["White Beast Statue","Lizard Tail"],"picked":"Cursed Key"},{"not_picked":["Calling Bell","Runic Pyramid"],"picked":"Mark of Pain"}],"potions_floor_spawned":[1,8,16,18,29,35,36,41,45],"seed_played":"-1253016188052893940","ascension_level":0,"is_trial":false}