{"gold_per_floor":[113,125,125,136,61,61,75,75,75,86,86,104,104,104,104,202,202,127,127,127,127,27,27,27,27,27,27,27,27,27,27,27,27,27,27,27,27,0,0,0,0,0,0,0,0,0,0,0],"floor_reached":48,"playtime":6807,"items_purged":["Defend_B","Regret"],"score":488,"play_id":"c23ec9da-7cfc-4c80-a5fe-564f6d0320e9","local_time":"20190203150559","is_ascension_mode":true,"campfire_choices":[{"data":"Genetic Algorithm","floor":6,"key":"SMITH"},{"data":"Static Discharge","floor":8,"key":"SMITH"},{"data":"Defragment","floor":11,"key":"SMITH"},{"data":"Zap","floor":13,"key":"SMITH"},{"floor":15,"key":"REST"},{"floor":23,"key":"REST"},{"floor":30,"key":"REST"},{"floor":32,"key":"REST"},{"floor":40,"key":"REST"},{"data":"Defragment","floor":42,"key":"SMITH"},{"data":"Seek","floor":44,"key":"SMITH"}],"neow_cost":"TEN_PERCENT_HP_LOSS","seed_source_timestamp":101889029097626,"circlet_count":0,"master_deck":["Strike_B","Defend_B","Defend_B","Defend_B","Zap+1","Dualcast","Static Discharge+1","Genetic Algorithm+1","Hologram","Rebound","Defragment+1","Auto Shields","Coolheaded","Echo Form","Go for the Eyes","Defragment+1","Melter","Turbo","Hologram+1","Seek+1","Machine Learning","Cold Snap+1","Ball Lightning+1","White Noise+1","Consume"],"relics":["Cracked Core","Dream Catcher","Question Card","Ectoplasm","Dodecahedron","DataDisk","Kunai","Inserter","Red Mask","Bottled Lightning"],"potions_floor_usage":[12,16,16,25,25,28,33,48,48,48],"damage_taken":[{"damage":11,"enemies":"2 Louse","floor":1,"turns":2},{"damage":3,"enemies":"Jaw Worm","floor":2,"turns":4},{"damage":1,"enemies":"Cultist","floor":4,"turns":4},{"damage":10,"enemies":"Exordium Wildlife","floor":7,"turns":4},{"damage":15,"enemies":"2 Fungi Beasts","floor":10,"turns":3},{"damage":13,"enemies":"Blue Slaver","floor":12,"turns":3},{"damage":34,"enemies":"The Guardian","floor":16,"turns":11},{"damage":17,"enemies":"2 Thieves","floor":18,"turns":4},{"damage":11,"enemies":"Shell Parasite","floor":19,"turns":7},{"damage":19,"enemies":"Snake Plant","floor":21,"turns":5},{"damage":27,"enemies":"Slavers","floor":25,"turns":6},{"damage":5,"enemies":"Snecko","floor":28,"turns":7},{"damage":7,"enemies":"Centurion and Healer","floor":31,"turns":9},{"damage":14,"enemies":"Champ","floor":33,"turns":12},{"damage":4,"enemies":"Orb Walker","floor":35,"turns":4},{"damage":20,"enemies":"3 Shapes","floor":36,"turns":4},{"damage":29,"enemies":"Spire Growth","floor":37,"turns":5},{"damage":0,"enemies":"4 Shapes","floor":41,"turns":5},{"damage":16,"enemies":"Writhing Mass","floor":46,"turns":3},{"damage":0,"enemies":"Sphere and 2 Shapes","floor":47,"turns":4},{"damage":18,"enemies":"Spire Growth","floor":48,"turns":2}],"seed_played":"-6025616857911290439","potions_obtained":[{"floor":1,"key":"Strength Potion"},{"floor":4,"key":"Dexterity Potion"},{"floor":10,"key":"LiquidBronze"},{"floor":16,"key":"EssenceOfSteel"},{"floor":18,"key":"GamblersBrew"},{"floor":21,"key":"Ancient Potion"},{"floor":28,"key":"Explosive Potion"},{"floor":31,"key":"LiquidBronze"},{"floor":46,"key":"Weak Potion"},{"floor":47,"key":"Swift Potion"}],"is_trial":false,"path_per_floor":["M","M","?","M","$","R","M","R","T","M","R","M","R","?","R","B",null,"M","M","?","M","$","R","$","E","T","T","M","$","R","M","R","B",null,"M","M","M","?","?","R","M","R","T","R","?","M","M","M"],"character_chosen":"DEFECT","items_purchased":[],"campfire_rested":5,"item_purchase_floors":[],"current_hp_per_floor":[57,54,54,53,53,53,43,43,43,28,28,15,15,15,35,1,68,51,40,40,21,21,41,41,14,14,14,9,9,29,22,42,28,68,64,44,15,15,15,34,34,34,34,34,34,18,18,0],"gold":0,"neow_bonus":"REMOVE_TWO","is_prod":false,"is_daily":false,"chose_seed":false,"campfire_upgraded":6,"win_rate":0,"timestamp":1549206359,"path_taken":["M","M","?","M","$","R","M","R","T","M","R","M","R","?","R","BOSS","M","M","?","M","?","R","$","E","T","?","?","$","R","M","R","BOSS","M","M","M","?","?","R","M","R","T","R","?","?","M","M"],"build_version":"2019-01-23","purchased_purges":2,"victory":false,"max_hp_per_floor":[68,68,68,68,68,68,68,68,68,68,68,68,68,68,68,68,68,68,68,68,68,68,68,68,68,68,68,68,68,68,68,68,68,68,68,68,68,68,65,65,65,65,65,65,65,65,65,65],"card_choices":[{"not_picked":["Lockon","Recycle","Skim"],"picked":"SKIP","floor":1},{"not_picked":["Reprogram","Force Field"],"picked":"Static Discharge","floor":2},{"not_picked":["Chaos","Turbo"],"picked":"Hologram","floor":4},{"not_picked":["Melter","Compile Driver"],"picked":"Rebound","floor":7},{"not_picked":["Steam","Beam Cell"],"picked":"Defragment","floor":10},{"not_picked":["Leap","Gash"],"picked":"Auto Shields","floor":12},{"not_picked":["Consume","Conserve Battery","Tempest"],"picked":"Coolheaded","floor":15},{"not_picked":["Seek","Hyperbeam","Electrodynamics"],"picked":"Echo Form","floor":16},{"not_picked":["Barrage+1","Conserve Battery+1","Ball Lightning"],"picked":"Go for the Eyes","floor":18},{"not_picked":["FTL","Lockon","Melter"],"picked":"Defragment","floor":19},{"not_picked":["Amplify","Compile Driver","Aggregate","Beam Cell+1"],"picked":"SKIP","floor":21},{"not_picked":["Rip and Tear","Compile Driver","Fusion"],"picked":"Melter","floor":23},{"not_picked":["Rebound","Compile Driver+1","Steam"],"picked":"Turbo","floor":25},{"not_picked":["Darkness","Core Surge","Ball Lightning","Stack+1"],"picked":"SKIP","floor":28},{"not_picked":["Lockon+1","Leap","Stack"],"picked":"Hologram+1","floor":30},{"not_picked":["Conserve Battery","Genetic Algorithm","Scrape"],"picked":"Seek","floor":31},{"not_picked":["Ball Lightning","Beam Cell+1","Steam"],"picked":"Sweeping Beam","floor":32},{"not_picked":["All For One","Rainbow","Reboot"],"picked":"Machine Learning","floor":33},{"not_picked":["Reinforced Body+1","Go for the Eyes","Streamline+1","Beam Cell+1"],"picked":"SKIP","floor":35},{"not_picked":["Redo","Chaos","Beam Cell","Conserve Battery+1"],"picked":"SKIP","floor":36},{"not_picked":["Scrape","Hologram","Stack+1"],"picked":"Cold Snap+1","floor":37},{"not_picked":["Tempest","Blizzard","Barrage+1"],"picked":"Ball Lightning+1","floor":40},{"not_picked":["Streamline","Hologram","Aggregate"],"picked":"White Noise+1","floor":41},{"not_picked":["Force Field","Coolheaded","Go for the Eyes+1","Steam"],"picked":"SKIP","floor":46},{"not_picked":["Hello World","Coolheaded","Streamline"],"picked":"Consume","floor":47}],"player_experience":345672,"relics_obtained":[{"floor":9,"key":"Dream Catcher"},{"floor":25,"key":"Dodecahedron"},{"floor":26,"key":"DataDisk"},{"floor":27,"key":"Kunai"},{"floor":43,"key":"Bottled Lightning"}],"event_choices":[{"damage_healed":0,"gold_gain":0,"cards_transformed":["Strike_B"],"player_choice":"Change","damage_taken":0,"max_hp_gain":0,"max_hp_loss":0,"event_name":"Living Wall","floor":3,"gold_loss":0,"cards_obtained":["Genetic Algorithm"]},{"damage_healed":0,"gold_gain":0,"player_choice":"Box","damage_taken":0,"relics_obtained":["Question Card"],"max_hp_gain":0,"max_hp_loss":0,"event_name":"Big Fish","floor":14,"gold_loss":0,"cards_obtained":["Regret"]},{"damage_healed":0,"gold_gain":0,"player_choice":"0 cards matched","damage_taken":0,"max_hp_gain":0,"max_hp_loss":0,"event_name":"Match and Keep!","floor":20,"gold_loss":0,"cards_obtained":[]},{"damage_healed":0,"gold_gain":0,"player_choice":"Paid","damage_taken":0,"relics_obtained":["Red Mask"],"max_hp_gain":0,"max_hp_loss":0,"event_name":"Tomb of Lord Red Mask","floor":38,"gold_loss":27},{"damage_healed":0,"gold_gain":0,"player_choice":"Max HP","damage_taken":0,"max_hp_gain":0,"max_hp_loss":3,"event_name":"Winding Halls","floor":39,"gold_loss":0},{"cards_removed":["Sweeping Beam"],"damage_healed":0,"gold_gain":0,"player_choice":"Removed Attack","damage_taken":0,"max_hp_gain":0,"max_hp_loss":0,"event_name":"Falling","floor":45,"gold_loss":0}],"is_beta":false,"boss_relics":[{"not_picked":["Velvet Choker","Eternal Feather"],"picked":"Ectoplasm"},{"not_picked":["Pandora\u0027s Box","Runic Dome"],"picked":"Inserter"}],"items_purged_floors":[5,22],"is_endless":false,"potions_floor_spawned":[1,4,10,16,18,21,28,31,46,47],"killed_by":"Spire Growth","ascension_level":2}