{"gold_per_floor":[11,21,21,39,55,18,44,58,58,58,92,92,6,23,23,102,102,116,38,0,100,149,161,183,195,232,270,297,319,359,371,383,469,481,510,569,593,605,636,679,703,715,798,810,822,862,0,12,12,12,12,12,12,41,41],"floor_reached":56,"playtime":2582,"items_purged":["Strike_B"],"score":2099,"play_id":"d2f8ded3-4ac6-4f7e-93b1-8ed8d984c3d1","local_time":"20190116103705","is_ascension_mode":true,"campfire_choices":[{"data":"Defragment","floor":10,"key":"SMITH"},{"data":"Coolheaded","floor":12,"key":"SMITH"},{"data":"Storm","floor":15,"key":"SMITH"},{"floor":23,"key":"DIG"},{"floor":25,"key":"DIG"},{"floor":32,"key":"DIG"},{"floor":42,"key":"DIG"},{"floor":44,"key":"DIG"},{"floor":49,"key":"RECALL"},{"floor":52,"key":"DIG"}],"neow_cost":"NO_GOLD","seed_source_timestamp":495745105624800,"circlet_count":0,"master_deck":["AscendersBane","Defend_B+1","Defend_B","Defend_B","Defend_B","Zap","Dualcast","Machine Learning","Electrodynamics","Static Discharge","Loop","Gash","BootSequence","Defragment+1","Coolheaded+1","Chill+1","Skim+1","Storm+1","Darkness+1","Biased Cognition","Self Repair","Capacitor","Tempest+1","Defragment","Darkness+1","Seek+1","Biased Cognition","Creative AI","Storm","Apotheosis+1","Force Field+1"],"relics":["Cracked Core","FaceOfCleric","DataDisk","Toxic Egg 2","Singing Bowl","Velvet Choker","Shovel","Pear","MawBank","Mummified Hand","Ornamental Fan","War Paint","Kunai","MutagenicStrength","Matryoshka","Black Star","Gambling Chip","PreservedInsect","Regal Pillow","Pen Nib","Potion Belt","Molten Egg 2","Vajra","Happy Flower","Bag of Marbles","OrangePellets","Anchor","Centennial Puzzle","Shuriken","Bird Faced Urn","Mercury Hourglass"],"potions_floor_usage":[7,7,11,29,30,36,39,40,50,55,55],"damage_taken":[{"damage":0,"enemies":"Small Slimes","floor":1,"turns":3},{"damage":0,"enemies":"Cultist","floor":2,"turns":3},{"damage":7,"enemies":"Jaw Worm","floor":4,"turns":3},{"damage":21,"enemies":"Blue Slaver","floor":5,"turns":3},{"damage":19,"enemies":"Lagavulin","floor":7,"turns":6},{"damage":0,"enemies":"2 Fungi Beasts","floor":8,"turns":2},{"damage":3,"enemies":"Gremlin Nob","floor":11,"turns":3},{"damage":0,"enemies":"Large Slime","floor":14,"turns":4},{"damage":11,"enemies":"The Guardian","floor":16,"turns":7},{"damage":0,"enemies":"Chosen","floor":18,"turns":3},{"damage":12,"enemies":"Colosseum Slavers","floor":21,"turns":3},{"damage":14,"enemies":"Colosseum Nobs","floor":21,"turns":3},{"damage":0,"enemies":"3 Byrds","floor":24,"turns":3},{"damage":22,"enemies":"Slavers","floor":27,"turns":3},{"damage":12,"enemies":"Snecko","floor":28,"turns":3},{"damage":0,"enemies":"3 Cultists","floor":29,"turns":4},{"damage":7,"enemies":"Book of Stabbing","floor":30,"turns":2},{"damage":18,"enemies":"Collector","floor":33,"turns":6},{"damage":0,"enemies":"Orb Walker","floor":35,"turns":2},{"damage":24,"enemies":"2 Orb Walkers","floor":36,"turns":3},{"damage":0,"enemies":"3 Shapes","floor":37,"turns":4},{"damage":9,"enemies":"Jaw Worm Horde","floor":39,"turns":3},{"damage":38,"enemies":"Nemesis","floor":40,"turns":5},{"damage":4,"enemies":"Sphere and 2 Shapes","floor":41,"turns":3},{"damage":8,"enemies":"Giant Head","floor":46,"turns":4},{"damage":0,"enemies":"Maw","floor":48,"turns":4},{"damage":22,"enemies":"Donu and Deca","floor":50,"turns":4},{"damage":2,"enemies":"Shield and Spear","floor":54,"turns":2},{"damage":112,"enemies":"The Heart","floor":55,"turns":5}],"seed_played":"-1526441175761152013","potions_obtained":[{"floor":4,"key":"AttackPotion"},{"floor":5,"key":"EssenceOfSteel"},{"floor":7,"key":"Fire Potion"},{"floor":18,"key":"SpeedPotion"},{"floor":27,"key":"Explosive Potion"},{"floor":28,"key":"FocusPotion"},{"floor":33,"key":"EntropicBrew"},{"floor":37,"key":"Energy Potion"},{"floor":40,"key":"Dexterity Potion"},{"floor":48,"key":"Block Potion"},{"floor":54,"key":"EssenceOfSteel"}],"is_trial":false,"path_per_floor":["M","M","?","M","M","$","E","M","T","R","E","R","$","M","R","B",null,"M","$","?","?","T","R","M","R","T","E","M","M","E","?","R","B",null,"M","?","M","?","M","E","M","R","T","R","?","E","$","M","R","B",null,"R","$","E","B",null],"character_chosen":"DEFECT","items_purchased":["Defragment","Storm","Capacitor","OrangePellets","Anchor","Centennial Puzzle","Storm","Apotheosis+1"],"campfire_rested":0,"item_purchase_floors":[6,13,19,47,47,47,47,47],"current_hp_per_floor":[64,64,64,58,38,38,20,21,21,21,19,19,19,20,20,10,61,62,62,62,57,57,57,67,67,67,53,51,59,53,53,53,43,88,91,77,87,87,88,58,64,64,64,64,64,64,64,72,72,58,106,106,106,114,33],"gold":41,"neow_bonus":"TRANSFORM_TWO_CARDS","is_prod":false,"is_daily":false,"chose_seed":false,"campfire_upgraded":3,"win_rate":0,"timestamp":1547663825,"path_taken":["M","M","?","?","M","?","E","M","T","R","E","R","$","?","R","BOSS","M","?","?","?","?","R","M","R","T","E","M","M","E","?","R","BOSS","M","?","M","?","M","E","M","R","T","R","?","E","$","M","R","BOSS","R","$","E","BOSS"],"build_version":"2019-01-10","purchased_purges":1,"victory":true,"max_hp_per_floor":[71,71,71,72,73,73,74,75,75,75,76,76,76,77,77,78,78,79,79,79,93,93,93,96,96,96,97,100,101,102,102,102,103,103,106,109,112,112,115,116,119,119,119,119,119,120,120,121,121,122,122,122,122,125,126],"card_choices":[{"not_picked":["Compile Driver","Fusion"],"picked":"Static Discharge","floor":1},{"not_picked":["Turbo","Rebound"],"picked":"Loop","floor":2},{"not_picked":["Reprogram","Hologram"],"picked":"Gash","floor":4},{"not_picked":["Compile Driver","Hologram"],"picked":"BootSequence","floor":5},{"not_picked":["Blizzard","Go for the Eyes"],"picked":"Coolheaded","floor":7},{"not_picked":["Sweeping Beam","Loop"],"picked":"Chill","floor":8},{"not_picked":["Reprogram+1","Beam Cell"],"picked":"Skim+1","floor":11},{"not_picked":["Ball Lightning","Barrage"],"picked":"Darkness+1","floor":14},{"not_picked":["Core Surge","Buffer"],"picked":"Biased Cognition","floor":16},{"not_picked":["Go for the Eyes","Barrage"],"picked":"Self Repair","floor":18},{"not_picked":["Cold Snap","Barrage","Rip and Tear"],"picked":"Singing Bowl","floor":21},{"not_picked":["Hologram+1","Chaos+1","Steam+1"],"picked":"Singing Bowl","floor":24},{"not_picked":["Rebound","Hologram+1"],"picked":"Tempest+1","floor":27},{"not_picked":["Steam+1","Compile Driver","Double Energy+1"],"picked":"Singing Bowl","floor":28},{"not_picked":["Conserve Battery+1","Reinforced Body+1"],"picked":"Defragment","floor":29},{"not_picked":["Beam Cell","Core Surge"],"picked":"Darkness+1","floor":30},{"not_picked":["Hyperbeam","All For One"],"picked":"Seek+1","floor":33},{"not_picked":["Lockon","BootSequence+1","Skim+1"],"picked":"Singing Bowl","floor":35},{"not_picked":["Fusion+1","Cold Snap","Redo+1"],"picked":"Singing Bowl","floor":36},{"not_picked":["Barrage+1","Reinforced Body+1","Sweeping Beam"],"picked":"Singing Bowl","floor":37},{"not_picked":["Turbo+1","Rip and Tear","Conserve Battery+1"],"picked":"Singing Bowl","floor":39},{"not_picked":["Redo+1","Barrage"],"picked":"Biased Cognition","floor":40},{"not_picked":["Steam Power+1","BootSequence+1","Skim+1"],"picked":"Singing Bowl","floor":41},{"not_picked":["Blizzard+1","Turbo+1"],"picked":"Creative AI","floor":46},{"not_picked":["Steam+1","Streamline+1"],"picked":"Force Field+1","floor":48},{"not_picked":["Reprogram+1","Stack+1","Redo+1"],"picked":"Singing Bowl","floor":54}],"player_experience":494647,"relics_obtained":[{"floor":7,"key":"DataDisk"},{"floor":9,"key":"Toxic Egg 2"},{"floor":11,"key":"Singing Bowl"},{"floor":21,"key":"Shovel"},{"floor":21,"key":"Pear"},{"floor":22,"key":"MawBank"},{"floor":23,"key":"Mummified Hand"},{"floor":25,"key":"Ornamental Fan"},{"floor":27,"key":"War Paint"},{"floor":30,"key":"Kunai"},{"floor":32,"key":"Matryoshka"},{"floor":36,"key":"Gambling Chip"},{"floor":40,"key":"PreservedInsect"},{"floor":40,"key":"Regal Pillow"},{"floor":42,"key":"Pen Nib"},{"floor":43,"key":"Potion Belt"},{"floor":43,"key":"Molten Egg 2"},{"floor":44,"key":"Vajra"},{"floor":46,"key":"Happy Flower"},{"floor":46,"key":"Bag of Marbles"},{"floor":52,"key":"Shuriken"},{"floor":54,"key":"Bird Faced Urn"},{"floor":54,"key":"Mercury Hourglass"}],"event_choices":[{"damage_healed":0,"gold_gain":0,"player_choice":"Trade","damage_taken":0,"relics_obtained":["FaceOfCleric"],"max_hp_gain":0,"max_hp_loss":0,"event_name":"FaceTrader","floor":3,"gold_loss":0},{"damage_healed":0,"gold_gain":0,"player_choice":"Paid Fearfully","damage_taken":0,"max_hp_gain":0,"max_hp_loss":0,"event_name":"Masked Bandits","floor":20,"gold_loss":38},{"damage_healed":0,"gold_gain":0,"player_choice":"Fight","damage_taken":0,"max_hp_gain":0,"max_hp_loss":0,"event_name":"Colosseum","floor":21,"gold_loss":0},{"damage_healed":0,"gold_gain":0,"player_choice":"Fought Nobs","damage_taken":0,"max_hp_gain":0,"max_hp_loss":0,"event_name":"Colosseum","floor":21,"gold_loss":0},{"damage_healed":0,"gold_gain":0,"player_choice":"Inject Mutagens","damage_taken":0,"relics_obtained":["MutagenicStrength"],"max_hp_gain":0,"max_hp_loss":0,"event_name":"Drug Dealer","floor":31,"gold_loss":0},{"damage_healed":0,"gold_gain":0,"player_choice":"Fight","damage_taken":0,"max_hp_gain":0,"max_hp_loss":0,"event_name":"Mysterious Sphere","floor":36,"gold_loss":0},{"damage_healed":0,"gold_gain":0,"player_choice":"Ignored","damage_taken":0,"max_hp_gain":0,"max_hp_loss":0,"event_name":"Tomb of Lord Red Mask","floor":38,"gold_loss":0},{"cards_removed":["Strike_B"],"damage_healed":0,"gold_gain":0,"player_choice":"Removed Attack","damage_taken":0,"max_hp_gain":0,"max_hp_loss":0,"event_name":"Falling","floor":45,"gold_loss":0}],"is_beta":false,"boss_relics":[{"not_picked":["Orrery","Eternal Feather"],"picked":"Velvet Choker"},{"not_picked":["FrozenCore","Runic Pyramid"],"picked":"Black Star"}],"items_purged_floors":[47],"is_endless":false,"potions_floor_spawned":[4,5,7,18,27,28,33,37,40,48,54],"ascension_level":16}