{"gold_per_floor":[13,28,128,147,147,178,178,178,178,52,68,87,87,113,113,216,216,233,36,53,66,16,16,29,29,29,49,61,61,84,101,101,101],"floor_reached":33,"playtime":1998,"items_purged":["Strike_B","Strike_B","Strike_B"],"score":284,"play_id":"00adcde9-98a8-4869-a6f6-3043316c5967","local_time":"20180706013039","is_ascension_mode":false,"campfire_choices":[{"data":"Streamline","floor":7,"key":"SMITH"},{"data":"Streamline","floor":13,"key":"SMITH"},{"data":"Beam Cell","floor":15,"key":"SMITH"},{"data":"Streamline","floor":23,"key":"SMITH"},{"data":"Scrape","floor":25,"key":"SMITH"},{"data":"All For One","floor":29,"key":"SMITH"},{"floor":32,"key":"REST"}],"neow_cost":"NO_GOLD","seed_source_timestamp":131277218575633,"circlet_count":0,"master_deck":["Strike_B","Defend_B","Defend_B","Defend_B+1","Defend_B","Zap","Dualcast+1","BootSequence","Barrage","Gash+1","Streamline+1","Self Repair","Streamline+1","Beam Cell+1","Hologram","Electrodynamics","Streamline+1","Streamline","BootSequence","Scrape+1","Steam+1","Storm","All For One+1","Gash","Gash"],"relics":["Cracked Core","Unceasing Top","Smiling Mask","Art of War","Pen Nib","Inserter","Bag of Marbles","Prayer Wheel","Omamori"],"potions_floor_usage":[6,12,14,16,24,31,33],"damage_taken":[{"damage":2,"enemies":"Jaw Worm","floor":1,"turns":4},{"damage":1,"enemies":"Cultist","floor":2,"turns":4},{"damage":0,"enemies":"Small Slimes","floor":4,"turns":3},{"damage":28,"enemies":"Gremlin Nob","floor":6,"turns":5},{"damage":0,"enemies":"Looter","floor":11,"turns":2},{"damage":0,"enemies":"Lots of Slimes","floor":12,"turns":3},{"damage":21,"enemies":"Lagavulin","floor":14,"turns":5},{"damage":8,"enemies":"Slime Boss","floor":16,"turns":8},{"damage":2,"enemies":"Spheric Guardian","floor":18,"turns":3},{"damage":0,"enemies":"Chosen","floor":20,"turns":4},{"damage":24,"enemies":"Snake Plant","floor":21,"turns":3},{"damage":25,"enemies":"Centurion and Healer","floor":24,"turns":7},{"damage":8,"enemies":"Cultist and Chosen","floor":27,"turns":5},{"damage":27,"enemies":"Snecko","floor":28,"turns":5},{"damage":8,"enemies":"Sentry and Sphere","floor":31,"turns":4},{"damage":55,"enemies":"Automaton","floor":33,"turns":6}],"seed_played":"4603117283989150468","potions_obtained":[{"floor":2,"key":"AttackPotion"},{"floor":4,"key":"Weak Potion"},{"floor":12,"key":"EssenceOfSteel"},{"floor":14,"key":"SkillPotion"},{"floor":21,"key":"Swift Potion"},{"floor":27,"key":"EssenceOfSteel"},{"floor":31,"key":"Strength Potion"}],"is_trial":false,"path_per_floor":["M","M","?","M","?","E","R","?","T","$","M","M","R","E","R","B",null,"M","$","M","M","$","R","M","R","T","M","M","R","T","M","R"],"character_chosen":"DEFECT","items_purchased":["Self Repair","Bag of Marbles"],"campfire_rested":1,"item_purchase_floors":[10,19],"current_hp_per_floor":[73,72,72,72,72,44,44,29,29,29,29,36,36,22,22,21,75,75,75,75,58,58,58,40,40,40,32,12,12,12,11,33,0],"gold":101,"neow_bonus":"ONE_RARE_RELIC","is_prod":false,"is_daily":false,"chose_seed":false,"campfire_upgraded":6,"win_rate":0,"timestamp":1530865839,"path_taken":["M","M","?","M","?","E","R","?","T","$","M","M","R","E","R","BOSS","M","$","M","M","$","R","M","R","T","M","M","R","?","M","R","BOSS"],"build_version":"2018-07-05","purchased_purges":3,"victory":false,"max_hp_per_floor":[75,75,75,75,75,75,75,75,75,75,75,75,75,75,75,75,75,75,75,75,75,75,75,75,75,75,75,75,75,75,75,75,75],"card_choices":[{"not_picked":["Stack","Go for the Eyes"],"picked":"BootSequence","floor":1},{"not_picked":["Undo","Stack"],"picked":"Barrage","floor":2},{"not_picked":["Tempest","Cold Snap"],"picked":"Gash","floor":4},{"not_picked":["Loop","Leap"],"picked":"Streamline","floor":6},{"not_picked":["Hyperbeam","Ball Lightning"],"picked":"Streamline","floor":11},{"not_picked":["Sweeping Beam","Cold Snap"],"picked":"Beam Cell","floor":12},{"not_picked":["Auto Shields","Turbo"],"picked":"Hologram","floor":14},{"not_picked":["Seek","All For One"],"picked":"Electrodynamics","floor":16},{"not_picked":["Hologram+1","Coolheaded"],"picked":"Streamline","floor":18},{"not_picked":["Coolheaded+1","Redo"],"picked":"Streamline","floor":20},{"not_picked":["Compile Driver","Leap"],"picked":"BootSequence","floor":21},{"not_picked":["Sweeping Beam","Auto Shields"],"picked":"Scrape","floor":24},{"not_picked":["Redo+1","Ball Lightning"],"picked":"Steam+1","floor":27},{"not_picked":["Lockon+1","Barrage"],"picked":"Storm","floor":27},{"not_picked":["Gash","Rebound"],"picked":"All For One","floor":28},{"not_picked":["Barrage+1","Compile Driver","Stack"],"picked":"SKIP","floor":28},{"not_picked":["Stack","Biased Cognition"],"picked":"Gash","floor":31},{"not_picked":["Redo","Barrage"],"picked":"Gash","floor":31}],"player_experience":119782,"relics_obtained":[{"floor":6,"key":"Smiling Mask"},{"floor":9,"key":"Art of War"},{"floor":14,"key":"Pen Nib"},{"floor":26,"key":"Prayer Wheel"},{"floor":30,"key":"Omamori"}],"event_choices":[{"event_name":"Wheel of Change","player_choice":"Gold","floor":3,"damage_taken":0},{"event_name":"Living Wall","player_choice":"Grow","floor":5,"damage_taken":0},{"event_name":"Shining Light","player_choice":"Entered Light","floor":8,"damage_taken":0}],"boss_relics":[{"not_picked":["Astrolabe","Philosopher\u0027s Stone"],"picked":"Inserter"}],"items_purged_floors":[10,19,22],"is_endless":false,"potions_floor_spawned":[2,4,12,14,21,27,31],"killed_by":"Automaton","ascension_level":0}