{"gold_per_floor":[109,125,125,137,150,150,169,29,29,29,29,40,55,83,83,181,181,181,181,181,181,181,181,181,181,181,181,181,181,181,181,181,181],"floor_reached":33,"playtime":2165,"items_purged":[],"score":287,"play_id":"fb540004-b412-438c-bd58-0bcd1d2c3f10","local_time":"20190306222324","is_ascension_mode":false,"campfire_choices":[{"data":"Zap","floor":6,"key":"SMITH"},{"data":"Hologram","floor":11,"key":"SMITH"},{"data":"White Noise","floor":15,"key":"SMITH"},{"data":"Conserve Battery","floor":23,"key":"SMITH"},{"data":"Dualcast","floor":25,"key":"SMITH"},{"data":"Turbo","floor":28,"key":"SMITH"},{"floor":32,"key":"REST"}],"neow_cost":"NONE","seed_source_timestamp":2462415577065700,"circlet_count":0,"master_deck":["Strike_B","Strike_B","Defend_B+1","Defend_B","Defend_B","Defend_B","Zap+1","Dualcast+1","Melter","Conserve Battery+1","Ball Lightning","Cold Snap","Hologram+1","Meteor Strike","White Noise+1","Cold Snap","Core Surge","Multi-Cast","Conserve Battery","Glacier+1","Turbo+1","Decay","Coolheaded+1"],"relics":["Cracked Core","Happy Flower","Strawberry","Ectoplasm","Letter Opener","War Paint","DataDisk"],"potions_floor_usage":[16,16,24,27,33],"damage_taken":[{"damage":1,"enemies":"Jaw Worm","floor":1,"turns":4},{"damage":1,"enemies":"Cultist","floor":2,"turns":3},{"damage":0,"enemies":"2 Louse","floor":4,"turns":1},{"damage":1,"enemies":"Red Slaver","floor":5,"turns":3},{"damage":9,"enemies":"Large Slime","floor":7,"turns":4},{"damage":0,"enemies":"Looter","floor":12,"turns":3},{"damage":7,"enemies":"Blue Slaver","floor":13,"turns":3},{"damage":13,"enemies":"Gremlin Nob","floor":14,"turns":4},{"damage":23,"enemies":"Slime Boss","floor":16,"turns":52},{"damage":0,"enemies":"Shell Parasite","floor":18,"turns":4},{"damage":12,"enemies":"3 Byrds","floor":19,"turns":5},{"damage":20,"enemies":"Snake Plant","floor":22,"turns":5},{"damage":10,"enemies":"Book of Stabbing","floor":24,"turns":5},{"damage":20,"enemies":"Slavers","floor":27,"turns":3},{"damage":5,"enemies":"Cultist and Chosen","floor":31,"turns":8},{"damage":58,"enemies":"Champ","floor":33,"turns":18}],"seed_played":"-6837656955417800484","potions_obtained":[{"floor":1,"key":"Fire Potion"},{"floor":2,"key":"Dexterity Potion"},{"floor":4,"key":"FocusPotion"},{"floor":13,"key":"FocusPotion"},{"floor":22,"key":"Weak Potion"},{"floor":31,"key":"AttackPotion"}],"is_trial":false,"path_per_floor":["M","M","?","M","M","R","M","$","T","?","R","M","M","E","R","B",null,"M","M","$","?","M","R","E","R","T","E","R","?","?","M","R","B"],"character_chosen":"DEFECT","items_purchased":["Meteor Strike"],"campfire_rested":1,"item_purchase_floors":[8],"current_hp_per_floor":[74,73,73,73,72,72,63,63,63,63,63,63,56,50,50,27,82,82,70,70,70,50,50,40,40,40,20,20,20,20,15,39,0],"gold":181,"neow_bonus":"TRANSFORM_CARD","is_prod":false,"is_daily":false,"chose_seed":false,"campfire_upgraded":6,"win_rate":0,"timestamp":1551939804,"path_taken":["M","M","?","M","?","R","M","$","T","?","R","M","?","E","R","BOSS","M","M","$","?","M","R","E","R","T","E","R","?","?","?","R","BOSS"],"build_version":"2019-01-23","purchased_purges":0,"victory":false,"max_hp_per_floor":[75,75,75,75,75,75,75,75,75,75,75,75,75,82,82,82,82,82,82,82,82,82,82,82,82,82,82,82,82,82,82,82,82],"card_choices":[{"not_picked":["Fusion","Hello World"],"picked":"Conserve Battery","floor":1},{"not_picked":["Steam","Aggregate","Turbo"],"picked":"SKIP","floor":2},{"not_picked":["Steam","Barrage"],"picked":"Ball Lightning","floor":4},{"not_picked":["Sunder","Sweeping Beam"],"picked":"Cold Snap","floor":5},{"not_picked":["Self Repair","Compile Driver"],"picked":"Hologram","floor":7},{"not_picked":["FTL","BootSequence"],"picked":"White Noise","floor":12},{"not_picked":["Beam Cell","Go for the Eyes"],"picked":"Cold Snap","floor":13},{"not_picked":["Stack","Go for the Eyes"],"picked":"Core Surge","floor":14},{"not_picked":["Reboot","Rainbow"],"picked":"Multi-Cast","floor":16},{"not_picked":["Beam Cell","Reprogram","Steam"],"picked":"SKIP","floor":18},{"not_picked":["Stack","Darkness+1"],"picked":"Conserve Battery","floor":19},{"not_picked":["BootSequence+1","Streamline","Static Discharge"],"picked":"SKIP","floor":22},{"not_picked":["Go for the Eyes+1","Recycle"],"picked":"Glacier","floor":24},{"not_picked":["Lockon+1","Leap"],"picked":"Turbo","floor":27},{"not_picked":["Steam Power","Rebound"],"picked":"Coolheaded+1","floor":31}],"player_experience":804003,"relics_obtained":[{"floor":9,"key":"Happy Flower"},{"floor":14,"key":"Strawberry"},{"floor":24,"key":"Letter Opener"},{"floor":26,"key":"War Paint"},{"floor":27,"key":"DataDisk"}],"event_choices":[{"cards_removed":["Strike_B"],"damage_healed":0,"gold_gain":0,"player_choice":"Card Removal","damage_taken":0,"max_hp_gain":0,"max_hp_loss":0,"event_name":"Wheel of Change","floor":3,"gold_loss":0},{"damage_healed":0,"gold_gain":0,"player_choice":"Ignored","damage_taken":0,"max_hp_gain":0,"max_hp_loss":0,"event_name":"NoteForYourself","floor":10,"gold_loss":0},{"damage_healed":0,"gold_gain":0,"player_choice":"Ignored","damage_taken":0,"max_hp_gain":0,"max_hp_loss":0,"event_name":"Beggar","floor":21,"gold_loss":0},{"damage_healed":0,"gold_gain":0,"player_choice":"Ignored","damage_taken":0,"max_hp_gain":0,"max_hp_loss":0,"event_name":"Ghosts","floor":29,"gold_loss":0},{"damage_healed":0,"gold_gain":0,"player_choice":"Smashed Altar","damage_taken":0,"max_hp_gain":0,"max_hp_loss":0,"event_name":"Forgotten Altar","floor":30,"gold_loss":0,"cards_obtained":["Decay"]}],"is_beta":false,"boss_relics":[{"not_picked":["Astrolabe","Calling Bell"],"picked":"Ectoplasm"}],"items_purged_floors":[],"is_endless":false,"potions_floor_spawned":[1,2,4,12,13,22,31],"killed_by":"Champ","ascension_level":0}