{"path_per_floor":["M","?","?","$","?","E","R","M","T","M","M","R","M","M","R","B",null,"M","?","M","$","$","M","M"],"character_chosen":"THE_SILENT","items_purchased":["Adrenaline","Medical Kit","Noxious Fumes","Apotheosis"],"gold_per_floor":[116,116,116,36,111,152,152,168,191,205,219,219,238,263,263,392,392,415,415,440,203,6,22,38],"floor_reached":25,"campfire_rested":1,"playtime":1695,"current_hp_per_floor":[70,70,53,53,42,42,42,44,44,45,34,34,34,36,57,39,70,53,37,23,23,23,20,1],"items_purged":[],"gold":38,"play_id":"3554094f-2b01-42fe-aa43-89ec9d8d158f","is_prod":false,"is_daily":false,"is_ascension_mode":false,"campfire_upgraded":2,"path_taken":["M","?","?","$","?","E","R","M","T","M","M","R","M","?","R","BOSS","M","?","?","?","$","M","M","M"],"build_version":"2018-01-25-PROD3","purchased_purges":0,"victory":false,"master_deck":["Defend_G","Defend_G","Defend_G","Defend_G","Defend_G","Strike_G","Strike_G","Strike_G","Strike_G","Strike_G","Survivor","Neutralize","Backstab","Adrenaline+1","Noxious Fumes+1","Calculated Gamble","Escape Plan","Envenom","Bane","Backflip+1","Noxious Fumes","Apotheosis","Calculated Gamble+1","Quick Slash"],"max_hp_per_floor":[70,70,70,70,70,70,70,70,70,70,70,70,70,70,70,70,70,70,70,70,70,70,70,70],"relics":["Ring of the Snake","NeowsBlessing","Golden Idol","Blood Vial","Bronze Scales","Velvet Choker","Nilry\u0027s Codex","Medical Kit"],"card_choices":[{"not_picked":["Reflex","Quick Slash"],"picked":"Backstab"},{"not_picked":["Outmaneuver","Night Terror"],"picked":"Noxious Fumes"},{"not_picked":["Crippling Poison","Distraction"],"picked":"Calculated Gamble"},{"not_picked":["Deadly Poison","Dagger Spray"],"picked":"Escape Plan"},{"not_picked":["Unload","Adrenaline"],"picked":"Envenom"},{"not_picked":["Finisher","All Out Attack"],"picked":"Bane"},{"not_picked":["Eviscerate","Malaise"],"picked":"Backflip"},{"not_picked":["Choke","Prepared"],"picked":"Calculated Gamble"},{"not_picked":["Dodge and Roll","Acrobatics"],"picked":"Quick Slash"}],"player_experience":46932,"potions_floor_usage":[13,16,16,16,23,24,25],"damage_taken":[{"damage":0,"enemies":"Cultist","floor":1,"turns":1},{"damage":0,"enemies":"3 Sentries","floor":6,"turns":1},{"damage":0,"enemies":"Small Slimes","floor":8,"turns":1},{"damage":1,"enemies":"Jaw Worm","floor":10,"turns":4},{"damage":13,"enemies":"Large Slime","floor":11,"turns":6},{"damage":2,"enemies":"Looter","floor":13,"turns":4},{"damage":0,"enemies":"2 Fungi Beasts","floor":14,"turns":3},{"damage":35,"enemies":"The Guardian","floor":16,"turns":10},{"damage":17,"enemies":"Shell Parasite","floor":18,"turns":6},{"damage":16,"enemies":"Chosen","floor":20,"turns":5},{"damage":5,"enemies":"Centurion and Healer","floor":23,"turns":5},{"damage":21,"enemies":"Chosen and Byrds","floor":24,"turns":5},{"damage":7,"enemies":"Snake Plant","floor":25,"turns":2}],"event_choices":[{"event_name":"The Cleric","player_choice":"Leave","floor":2,"damage_taken":0},{"event_name":"Golden Idol","player_choice":"Take Damage","floor":3,"damage_taken":0},{"event_name":"World of Goop","player_choice":"Gather Gold","floor":5,"damage_taken":0},{"event_name":"Cursed Tome","player_choice":"Obtained Book","floor":19,"damage_taken":0}],"boss_relics":[{"not_picked":["Philosopher\u0027s Stone","Runic Dome"],"picked":"Velvet Choker"}],"potions_floor_spawned":[1,6,10,14,16,20,23,24],"seed_played":"-948879415778005935","killed_by":"Snake Plant","ascension_level":0,"is_trial":false}