{"gold_per_floor":[119,119,119,132,132,132,147,159,159,170,195,195,210,67,67,164,164,184,184,184,201,201,201,219,219],"floor_reached":25,"playtime":1063,"items_purged":["Defend_G"],"score":213,"play_id":"840c7842-3fd4-4153-9fef-2905d64869fb","local_time":"20190205210138","is_ascension_mode":true,"campfire_choices":[{"data":"Terror","floor":6,"key":"SMITH"},{"floor":15,"key":"REST"}],"neow_cost":"NONE","seed_source_timestamp":2410322703656852,"circlet_count":0,"master_deck":["Defend_G","Defend_G","Defend_G","Strike_G+1","Strike_G","Strike_G","Strike_G","Strike_G","Survivor+1","Neutralize","Terror+1","Reflex","Dagger Spray","Prepared","Underhanded Strike","PiercingWail","Outmaneuver","Envenom","Die Die Die","Blade Dance","RitualDagger","Footwork","Crippling Poison","Poisoned Stab"],"relics":["Ring of the Snake","Bottled Flame","Matryoshka","Black Star"],"potions_floor_usage":[18,24,24,25],"damage_taken":[{"damage":0,"enemies":"Jaw Worm","floor":1,"turns":5},{"damage":0,"enemies":"Small Slimes","floor":4,"turns":2},{"damage":0,"enemies":"Cultist","floor":7,"turns":2},{"damage":9,"enemies":"Lots of Slimes","floor":8,"turns":5},{"damage":2,"enemies":"Large Slime","floor":10,"turns":6},{"damage":8,"enemies":"3 Sentries","floor":11,"turns":6},{"damage":4,"enemies":"Blue Slaver","floor":13,"turns":4},{"damage":37,"enemies":"The Guardian","floor":16,"turns":9},{"damage":24,"enemies":"Spheric Guardian","floor":18,"turns":5},{"damage":0,"enemies":"3 Byrds","floor":21,"turns":3},{"damage":22,"enemies":"Snecko","floor":24,"turns":5},{"damage":7,"enemies":"Centurion and Healer","floor":25,"turns":2}],"seed_played":"-3262505555392446123","potions_obtained":[{"floor":4,"key":"SkillPotion"},{"floor":5,"key":"Fire Potion"},{"floor":5,"key":"AttackPotion"},{"floor":11,"key":"PowerPotion"},{"floor":18,"key":"Fire Potion"}],"is_trial":false,"path_per_floor":["M","?","?","M","?","R","M","M","T","M","E","?","M","$","R","B",null,"M","?","?","M","?","?","M","M"],"character_chosen":"THE_SILENT","items_purchased":["Envenom"],"campfire_rested":1,"item_purchase_floors":[14],"current_hp_per_floor":[77,70,55,55,55,55,55,46,46,44,36,36,32,32,55,18,77,53,47,47,47,47,33,11,4],"gold":219,"neow_bonus":"TEN_PERCENT_HP_BONUS","is_prod":false,"is_daily":false,"chose_seed":false,"campfire_upgraded":1,"win_rate":0,"timestamp":1549418498,"path_taken":["M","?","?","M","?","R","?","?","T","M","E","?","M","?","R","BOSS","M","?","?","M","?","?","?","M"],"build_version":"2019-01-23","purchased_purges":1,"victory":false,"max_hp_per_floor":[77,77,77,77,77,77,77,77,77,77,77,77,77,77,77,77,77,77,77,77,77,77,82,82,82],"card_choices":[{"not_picked":["Dodge and Roll","Slice"],"picked":"Terror","floor":1},{"not_picked":["Deadly Poison","Skewer"],"picked":"Reflex","floor":4},{"not_picked":["Reflex","Dash"],"picked":"Dagger Spray","floor":7},{"not_picked":["Distraction","Concentrate"],"picked":"Prepared","floor":8},{"not_picked":["Bane","Dagger Spray"],"picked":"Underhanded Strike","floor":10},{"not_picked":["Burst","Quick Slash"],"picked":"PiercingWail","floor":11},{"not_picked":["Dodge and Roll","Deflect"],"picked":"Outmaneuver","floor":13},{"not_picked":["Glass Knife","Burst"],"picked":"Die Die Die","floor":16},{"not_picked":["Expertise","Escape Plan"],"picked":"Blade Dance","floor":18},{"not_picked":["Blade Dance","Dodge and Roll"],"picked":"Footwork","floor":21},{"not_picked":["Slice","Escape Plan"],"picked":"Poisoned Stab","floor":24}],"player_experience":150070,"relics_obtained":[{"floor":9,"key":"Bottled Flame"},{"floor":11,"key":"Matryoshka"}],"event_choices":[{"cards_removed":["Defend_G"],"damage_healed":0,"gold_gain":0,"player_choice":"Card Removal","damage_taken":7,"max_hp_gain":0,"max_hp_loss":0,"event_name":"Golden Wing","floor":2,"gold_loss":0},{"damage_healed":0,"gold_gain":0,"player_choice":"Entered Light","damage_taken":15,"max_hp_gain":0,"max_hp_loss":0,"event_name":"Shining Light","floor":3,"gold_loss":0,"cards_upgraded":["Survivor","Strike_G"]},{"damage_healed":0,"gold_gain":0,"player_choice":"Got Potions","damage_taken":0,"max_hp_gain":0,"max_hp_loss":0,"event_name":"Lab","floor":5,"gold_loss":0},{"damage_healed":0,"gold_gain":0,"player_choice":"Fled","damage_taken":0,"max_hp_gain":0,"max_hp_loss":0,"event_name":"Scrap Ooze","floor":12,"gold_loss":0},{"damage_healed":0,"gold_gain":0,"player_choice":"Joined the Cult","damage_taken":6,"max_hp_gain":0,"max_hp_loss":0,"event_name":"Nest","floor":19,"gold_loss":0,"cards_obtained":["RitualDagger"]},{"damage_healed":0,"gold_gain":0,"player_choice":"Ignored","damage_taken":0,"max_hp_gain":0,"max_hp_loss":0,"event_name":"Ghosts","floor":20,"gold_loss":0},{"damage_healed":0,"gold_gain":0,"player_choice":"Read","damage_taken":0,"max_hp_gain":0,"max_hp_loss":0,"event_name":"The Library","floor":22,"gold_loss":0,"cards_obtained":["Crippling Poison"]},{"damage_healed":0,"gold_gain":0,"player_choice":"Shed Blood","damage_taken":19,"max_hp_gain":5,"max_hp_loss":0,"event_name":"Forgotten Altar","floor":23,"gold_loss":0}],"is_beta":false,"boss_relics":[{"not_picked":["Coffee Dripper","WristBlade"],"picked":"Black Star"}],"items_purged_floors":[14],"is_endless":false,"potions_floor_spawned":[4,10,11,18,21],"killed_by":"Centurion and Healer","ascension_level":1}