{"gold_per_floor":[119,119,7,7,22,22,65,65,65,86,109,109,132,150,150,150],"floor_reached":16,"playtime":496,"items_purged":[],"score":168,"play_id":"29ed937a-b5fd-4f67-a94a-f3ff406109ef","local_time":"20181116181406","is_ascension_mode":true,"campfire_choices":[{"data":"Inflame","floor":6,"key":"SMITH"},{"data":"Armaments","floor":8,"key":"SMITH"},{"data":"Inflame","floor":15,"key":"SMITH"}],"neow_cost":"NONE","seed_source_timestamp":116775032493551,"circlet_count":0,"master_deck":["AscendersBane","Strike_R","Strike_R","Strike_R","Strike_R","Strike_R","Defend_R","Defend_R","Defend_R","Defend_R","Bash","Shockwave","Headbutt","Inflame+1","Burning Pact","Armaments+1","Battle Trance","Inflame+1","Sword Boomerang"],"relics":["Burning Blood","Golden Idol","StoneCalendar","Oddly Smooth Stone","Bottled Flame","NlothsMask"],"potions_floor_usage":[16],"damage_taken":[{"damage":5,"enemies":"Small Slimes","floor":1,"turns":3},{"damage":1,"enemies":"2 Louse","floor":5,"turns":2},{"damage":35,"enemies":"3 Sentries","floor":7,"turns":7},{"damage":0,"enemies":"Cultist","floor":10,"turns":3},{"damage":7,"enemies":"Large Slime","floor":11,"turns":5},{"damage":9,"enemies":"3 Louse","floor":13,"turns":5},{"damage":4,"enemies":"Red Slaver","floor":14,"turns":4},{"damage":36,"enemies":"The Guardian","floor":16,"turns":5}],"seed_played":"7056576088432347989","potions_obtained":[{"floor":7,"key":"Weak Potion"},{"floor":10,"key":"Ancient Potion"}],"is_trial":false,"path_per_floor":["M","?","$","?","M","R","E","R","T","M","M","?","M","M","R","B"],"character_chosen":"IRONCLAD","items_purchased":["Inflame","Burning Pact"],"campfire_rested":0,"item_purchase_floors":[3,3],"current_hp_per_floor":[73,53,53,50,55,55,26,26,26,32,31,31,28,30,30,0],"gold":150,"neow_bonus":"THREE_CARDS","is_prod":false,"is_daily":false,"chose_seed":false,"campfire_upgraded":3,"win_rate":0,"timestamp":1542410046,"path_taken":["M","?","$","?","M","R","E","R","T","M","M","?","?","M","R","BOSS"],"build_version":"2018-11-15","purchased_purges":0,"victory":false,"max_hp_per_floor":[80,80,80,80,80,80,80,80,80,80,80,80,80,80,80,80],"card_choices":[{"not_picked":["Iron Wave","Searing Blow"],"picked":"Shockwave","floor":0},{"not_picked":["Clothesline","Warcry"],"picked":"Headbutt","floor":1},{"not_picked":["Body Slam","Whirlwind","Anger"],"picked":"SKIP","floor":5},{"not_picked":["Warcry","Battle Trance"],"picked":"Armaments","floor":7},{"not_picked":["Perfected Strike","Heavy Blade"],"picked":"Battle Trance","floor":10},{"not_picked":["Offering","Anger"],"picked":"Inflame","floor":11},{"not_picked":["Flex","Headbutt","Blood for Blood"],"picked":"SKIP","floor":13},{"not_picked":["Blood for Blood","Carnage"],"picked":"Sword Boomerang","floor":14}],"player_experience":386752,"relics_obtained":[{"floor":7,"key":"Oddly Smooth Stone"},{"floor":9,"key":"Bottled Flame"}],"event_choices":[{"damage_healed":0,"gold_gain":0,"player_choice":"Take Damage","damage_taken":20,"relics_obtained":["Golden Idol"],"max_hp_gain":0,"max_hp_loss":0,"event_name":"Golden Idol","floor":2,"gold_loss":0},{"damage_healed":0,"gold_gain":0,"player_choice":"Success","damage_taken":3,"relics_obtained":["StoneCalendar"],"max_hp_gain":0,"max_hp_loss":0,"event_name":"Scrap Ooze","floor":4,"gold_loss":0},{"damage_healed":0,"gold_gain":0,"player_choice":"Trade","damage_taken":0,"relics_obtained":["NlothsMask"],"max_hp_gain":0,"max_hp_loss":0,"event_name":"FaceTrader","floor":12,"gold_loss":0}],"is_beta":true,"boss_relics":[],"items_purged_floors":[],"is_endless":false,"potions_floor_spawned":[7,10],"killed_by":"The Guardian","ascension_level":13}