{"gold_per_floor":[118,130,142,142,155,155,168,193,273,20,46,46,46,64,64,157,157,157,97,97,25,25,25,25],"floor_reached":24,"playtime":1546,"items_purged":[],"score":368,"play_id":"66458f07-61a6-4a2e-8ced-4612fe66c657","local_time":"20190113174758","is_ascension_mode":true,"campfire_choices":[{"data":"Fission","floor":6,"key":"SMITH"},{"data":"Loop","floor":13,"key":"SMITH"},{"floor":15,"key":"REST"},{"floor":23,"key":"REST"}],"neow_cost":"NONE","seed_source_timestamp":263457302160600,"circlet_count":0,"master_deck":["AscendersBane","Strike_B","Strike_B+1","Strike_B","Defend_B","Defend_B","Defend_B","Defend_B","Zap","Dualcast","Ball Lightning+1","Coolheaded","Ball Lightning","Fission+1","Conserve Battery","Heatsinks","BootSequence","Loop+1","Coolheaded","Coolheaded","Hologram","Creative AI","Fusion","Redo","Compile Driver+1","Heatsinks","Machine Learning"],"relics":["Cracked Core","Whetstone","Cables","Blood Vial","Torii","Golden Idol","Ectoplasm"],"potions_floor_usage":[16,22],"damage_taken":[{"damage":0,"enemies":"2 Louse","floor":1,"turns":2},{"damage":5,"enemies":"Cultist","floor":2,"turns":4},{"damage":1,"enemies":"Small Slimes","floor":3,"turns":3},{"damage":2,"enemies":"Looter","floor":5,"turns":3},{"damage":8,"enemies":"3 Louse","floor":7,"turns":3},{"damage":16,"enemies":"Lagavulin","floor":8,"turns":5},{"damage":20,"enemies":"3 Sentries","floor":11,"turns":7},{"damage":6,"enemies":"2 Fungi Beasts","floor":14,"turns":3},{"damage":26,"enemies":"The Guardian","floor":16,"turns":13},{"damage":1,"enemies":"Shell Parasite","floor":18,"turns":7},{"damage":13,"enemies":"2 Thieves","floor":19,"turns":3},{"damage":26,"enemies":"3 Cultists","floor":20,"turns":5},{"damage":22,"enemies":"Cultist and Chosen","floor":22,"turns":7},{"damage":30,"enemies":"Book of Stabbing","floor":24,"turns":4}],"seed_played":"-5908696594606040618","potions_obtained":[{"floor":2,"key":"FairyPotion"},{"floor":3,"key":"Weak Potion"},{"floor":7,"key":"Ancient Potion"},{"floor":16,"key":"Swift Potion"}],"is_trial":false,"path_per_floor":["M","M","M","?","M","R","M","E","T","$","E","?","R","M","R","B",null,"M","M","M","$","M","R","E"],"character_chosen":"DEFECT","items_purchased":["Blood Vial","Loop","Coolheaded","Heatsinks"],"campfire_rested":2,"item_purchase_floors":[10,10,10,21],"current_hp_per_floor":[71,66,65,65,63,63,55,39,39,39,21,21,21,17,38,14,57,58,47,23,23,3,24,0],"gold":25,"neow_bonus":"TEN_PERCENT_HP_BONUS","is_prod":false,"is_daily":false,"chose_seed":false,"campfire_upgraded":2,"win_rate":0,"timestamp":1547430478,"path_taken":["M","M","M","?","M","R","?","E","T","$","E","?","R","M","R","BOSS","M","M","M","$","M","R","E"],"build_version":"2019-01-10","purchased_purges":0,"victory":false,"max_hp_per_floor":[78,78,78,78,78,78,78,78,78,78,78,71,71,71,71,71,71,71,71,71,71,71,71,71],"card_choices":[{"not_picked":["Stack","Force Field"],"picked":"Ball Lightning","floor":1},{"not_picked":["Leap","Cold Snap"],"picked":"Coolheaded","floor":2},{"not_picked":["Steam","Rebound"],"picked":"Ball Lightning","floor":3},{"not_picked":["Aggregate","Redo"],"picked":"Conserve Battery","floor":5},{"not_picked":["Rip and Tear","Sweeping Beam"],"picked":"Heatsinks","floor":7},{"not_picked":["Blizzard","Leap"],"picked":"BootSequence","floor":8},{"not_picked":["Go for the Eyes","Hologram"],"picked":"Coolheaded","floor":11},{"not_picked":["Doom and Gloom","Go for the Eyes"],"picked":"Hologram","floor":14},{"not_picked":["Hyperbeam","Buffer"],"picked":"Creative AI","floor":16},{"not_picked":["Streamline","Cold Snap"],"picked":"Fusion","floor":18},{"not_picked":["Fusion","Gash"],"picked":"Redo","floor":19},{"not_picked":["Streamline","Gash"],"picked":"Compile Driver+1","floor":20},{"not_picked":["Tempest","Ball Lightning"],"picked":"Machine Learning","floor":22}],"player_experience":457647,"relics_obtained":[{"floor":8,"key":"Whetstone"},{"floor":9,"key":"Cables"},{"floor":11,"key":"Torii"}],"event_choices":[{"damage_healed":0,"gold_gain":0,"cards_transformed":["Strike_B"],"player_choice":"Transformed","damage_taken":0,"max_hp_gain":0,"max_hp_loss":0,"event_name":"Transmorgrifier","floor":4,"gold_loss":0,"cards_obtained":["Fission"]},{"damage_healed":0,"gold_gain":0,"player_choice":"Lose Max HP","damage_taken":0,"relics_obtained":["Golden Idol"],"max_hp_gain":0,"max_hp_loss":7,"event_name":"Golden Idol","floor":12,"gold_loss":0}],"is_beta":false,"boss_relics":[{"not_picked":["Eternal Feather","Pandora\u0027s Box"],"picked":"Ectoplasm"}],"items_purged_floors":[],"is_endless":false,"potions_floor_spawned":[2,3,7,11,16,19,20],"killed_by":"Book of Stabbing","ascension_level":15}