{"path_per_floor":["M","M","M","M","M","R","M","$","T","?","?","$","R","?","R","B",null,"M","?","$","M","M","E","M","R","T","M","$","R","$"],"character_chosen":"IRONCLAD","items_purchased":["Metallicize","Blood Vial"],"gold_per_floor":[110,124,140,151,169,169,186,111,111,111,111,30,30,30,30,156,156,180,180,80,98,112,150,173,173,173,194,49,49,49,49],"floor_reached":31,"campfire_rested":1,"playtime":1475,"item_purchase_floors":[12,28],"current_hp_per_floor":[80,80,80,76,80,80,76,76,76,76,76,76,76,74,74,58,74,74,74,74,74,72,65,69,69,69,38,38,60,60,0],"items_purged":["Strike_R","Strike_R"],"gold":49,"score":247,"play_id":"dacba458-e146-44cc-a083-9dc73fdc4891","local_time":"20180527021606","is_prod":false,"is_daily":false,"chose_seed":false,"is_ascension_mode":false,"campfire_upgraded":4,"win_rate":0,"timestamp":1527408966,"campfire_choices":[{"data":"Carnage","floor":6,"key":"SMITH"},{"data":"Metallicize","floor":13,"key":"SMITH"},{"data":"Iron Wave","floor":15,"key":"SMITH"},{"data":"Barricade","floor":25,"key":"SMITH"},{"floor":29,"key":"REST"}],"path_taken":["M","M","M","M","M","R","M","$","T","?","?","$","R","?","R","BOSS","M","?","$","M","?","E","M","R","T","M","$","R","$","E"],"build_version":"2018-05-25","seed_source_timestamp":40394811296518,"purchased_purges":2,"victory":false,"master_deck":["Strike_R","Strike_R","Strike_R","Defend_R","Defend_R","Defend_R","Defend_R","Bash","Carnage+1","Iron Wave+1","Power Through+1","Rage","Metallicize+1","Barricade+1","Sentinel","Armaments","Dual Wield","Rage"],"max_hp_per_floor":[80,80,80,80,80,80,80,80,80,80,80,80,80,74,74,74,74,74,74,74,74,74,74,74,74,74,74,74,74,74,74],"relics":["Burning Blood","Bag of Marbles","Potion Belt","Golden Idol","Mark of Pain","Bottled Flame","Frozen Egg 2","Blood Vial"],"card_choices":[{"not_picked":["Wild Strike","Pommel Strike","Whirlwind"],"picked":"SKIP","floor":1},{"not_picked":["Second Wind","Havoc"],"picked":"Carnage","floor":2},{"not_picked":["Havoc","Rupture"],"picked":"Iron Wave","floor":3},{"not_picked":["Pommel Strike","True Grit","Anger"],"picked":"SKIP","floor":4},{"not_picked":["Clash","Body Slam"],"picked":"Power Through","floor":5},{"not_picked":["Heavy Blade","Armaments"],"picked":"Rage","floor":7},{"not_picked":["Bludgeon","Feed"],"picked":"Barricade","floor":16},{"not_picked":["Headbutt+1","Thunderclap","Sword Boomerang"],"picked":"SKIP","floor":18},{"not_picked":["Twin Strike","Havoc"],"picked":"Sentinel","floor":21},{"not_picked":["Feel No Pain","Headbutt"],"picked":"Armaments","floor":22},{"not_picked":["Cleave+1","Armaments+1"],"picked":"Dual Wield","floor":23},{"not_picked":["Headbutt","Twin Strike","Anger"],"picked":"SKIP","floor":24},{"not_picked":["Hemokinesis+1","Flex"],"picked":"Rage","floor":27}],"player_experience":369717,"potions_floor_usage":[16,22,22,23,31,31,31,31],"damage_taken":[{"damage":5,"enemies":"Small Slimes","floor":1,"turns":4},{"damage":5,"enemies":"Jaw Worm","floor":2,"turns":5},{"damage":0,"enemies":"Cultist","floor":3,"turns":2},{"damage":10,"enemies":"Looter","floor":4,"turns":3},{"damage":0,"enemies":"2 Fungi Beasts","floor":5,"turns":2},{"damage":10,"enemies":"Exordium Thugs","floor":7,"turns":3},{"damage":22,"enemies":"The Guardian","floor":16,"turns":13},{"damage":5,"enemies":"Shell Parasite","floor":18,"turns":4},{"damage":6,"enemies":"Spheric Guardian","floor":21,"turns":6},{"damage":8,"enemies":"Snake Plant","floor":22,"turns":6},{"damage":28,"enemies":"Slavers","floor":23,"turns":11},{"damage":2,"enemies":"Centurion and Healer","floor":24,"turns":13},{"damage":37,"enemies":"Cultist and Chosen","floor":27,"turns":10},{"damage":82,"enemies":"Gremlin Leader","floor":31,"turns":14}],"relics_obtained":[{"floor":9,"key":"Potion Belt"},{"floor":23,"key":"Bottled Flame"},{"floor":26,"key":"Frozen Egg 2"}],"event_choices":[{"event_name":"Liars Game","player_choice":"disagreed","floor":10,"damage_taken":0},{"event_name":"Living Wall","player_choice":"Grow","floor":11,"damage_taken":0},{"event_name":"Golden Idol","player_choice":"Lose Max HP","floor":14,"damage_taken":0},{"event_name":"The Lab","player_choice":"Got Potions","floor":19,"damage_taken":0}],"boss_relics":[{"not_picked":["Ectoplasm","Philosopher\u0027s Stone"],"picked":"Mark of Pain"}],"items_purged_floors":[8,20],"potions_floor_spawned":[2,4,7,23,24],"seed_played":"7332824606332699538","killed_by":"Gremlin Leader","ascension_level":0,"potions_obtained":[{"floor":2,"key":"Energy Potion"},{"floor":4,"key":"Regen Potion"},{"floor":7,"key":"LiquidBronze"},{"floor":19,"key":"Dexterity Potion"},{"floor":19,"key":"AttackPotion"},{"floor":19,"key":"BloodPotion"},{"floor":23,"key":"BloodPotion"},{"floor":24,"key":"Weak Potion"}],"is_trial":false}