{"gold_per_floor":[113,132,144,70,85,85,102,102,126,143,178,178,193,173,173,244,244,254,271,26,26,42,72,72,101,150,75,75,92,92,36,36,114,114,129,129,139,153,78,78,78,129,203,203,203,213,224,235,235,235],"floor_reached":50,"playtime":1771,"items_purged":["Strike_R+1"],"score":1034,"play_id":"c4a32cbd-2a38-4249-bdec-bd49bb42a888","local_time":"20190306192411","is_ascension_mode":true,"campfire_choices":[{"data":"Sword Boomerang","floor":6,"key":"SMITH"},{"data":"Whirlwind","floor":8,"key":"SMITH"},{"floor":12,"key":"REST"},{"data":"Inflame","floor":15,"key":"SMITH"},{"data":"Flex","floor":24,"key":"SMITH"},{"data":"Seeing Red","floor":28,"key":"SMITH"},{"data":"Bash","floor":30,"key":"SMITH"},{"floor":32,"key":"REST"},{"floor":40,"key":"REST"},{"floor":44,"key":"REST"},{"floor":49,"key":"REST"}],"neow_cost":"TEN_PERCENT_HP_LOSS","seed_source_timestamp":861757736418563,"circlet_count":0,"master_deck":["AscendersBane","Strike_R+1","Defend_R+1","Defend_R+1","Defend_R+1","Defend_R+1","Bash+1","Seeing Red+1","Inflame+1","Spot Weakness","Twin Strike","Whirlwind+1","Sword Boomerang","Flex+1","Offering","Headbutt+1","Parasite"],"relics":["Burning Blood","Boot","Pen Nib","Busted Crown","Chemical X","Potion Belt","Kunai","Anchor","Lizard Tail","StoneCalendar","Singing Bowl"],"potions_floor_usage":[10,11,11,16,22,33,50,50,50,50],"damage_taken":[{"damage":6,"enemies":"Cultist","floor":1,"turns":4},{"damage":31,"enemies":"Small Slimes","floor":2,"turns":5},{"damage":12,"enemies":"2 Louse","floor":3,"turns":4},{"damage":19,"enemies":"Exordium Thugs","floor":5,"turns":4},{"damage":21,"enemies":"Exordium Wildlife","floor":7,"turns":4},{"damage":0,"enemies":"3 Louse","floor":10,"turns":1},{"damage":13,"enemies":"Gremlin Nob","floor":11,"turns":3},{"damage":2,"enemies":"2 Fungi Beasts","floor":13,"turns":3},{"damage":32,"enemies":"The Guardian","floor":16,"turns":7},{"damage":18,"enemies":"Chosen","floor":18,"turns":4},{"damage":25,"enemies":"Spheric Guardian","floor":19,"turns":4},{"damage":16,"enemies":"Cultist and Chosen","floor":22,"turns":4},{"damage":5,"enemies":"Gremlin Leader","floor":23,"turns":4},{"damage":0,"enemies":"Slavers","floor":25,"turns":1},{"damage":13,"enemies":"Centurion and Healer","floor":29,"turns":3},{"damage":0,"enemies":"Collector","floor":33,"turns":5},{"damage":0,"enemies":"Orb Walker","floor":35,"turns":2},{"damage":31,"enemies":"3 Shapes","floor":37,"turns":5},{"damage":12,"enemies":"Writhing Mass","floor":38,"turns":4},{"damage":61,"enemies":"2 Orb Walkers","floor":42,"turns":4},{"damage":0,"enemies":"Jaw Worm Horde","floor":46,"turns":1},{"damage":63,"enemies":"4 Shapes","floor":47,"turns":3},{"damage":50,"enemies":"Transient","floor":48,"turns":6},{"damage":127,"enemies":"Awakened One","floor":50,"turns":6}],"seed_played":"-7780687185624117856","potions_obtained":[{"floor":5,"key":"Explosive Potion"},{"floor":10,"key":"PowerPotion"},{"floor":11,"key":"Fruit Juice"},{"floor":13,"key":"AttackPotion"},{"floor":14,"key":"FairyPotion"},{"floor":19,"key":"BloodPotion"},{"floor":29,"key":"Regen Potion"},{"floor":33,"key":"Ancient Potion"},{"floor":35,"key":"FearPotion"},{"floor":48,"key":"Poison Potion"}],"is_trial":false,"path_per_floor":["M","M","M","$","M","R","M","R","T","M","E","R","M","?","R","B",null,"M","M","$","?","M","E","R","E","T","?","R","M","R","$","R","B",null,"M","?","M","M","$","R","?","?","T","R","?","M","M","M","R","B"],"character_chosen":"IRONCLAD","items_purchased":["Spot Weakness","Chemical X","Flex","SteroidPotion"],"campfire_rested":5,"item_purchase_floors":[4,20,20,31],"current_hp_per_floor":[68,43,37,37,24,24,9,9,9,15,13,34,38,38,38,12,58,46,27,27,27,24,25,25,31,31,31,31,24,24,24,45,65,71,73,73,48,42,42,63,63,8,8,29,73,75,20,15,38,0],"gold":235,"neow_bonus":"TRANSFORM_TWO_CARDS","is_prod":false,"is_daily":false,"chose_seed":false,"campfire_upgraded":6,"win_rate":0,"timestamp":1551860651,"path_taken":["M","M","?","$","M","R","M","R","T","M","E","R","M","?","R","BOSS","M","?","$","?","M","E","R","E","T","?","R","M","R","$","R","BOSS","M","?","?","M","$","R","?","?","T","R","?","M","M","M","R","BOSS"],"build_version":"2019-01-23","purchased_purges":1,"victory":false,"max_hp_per_floor":[68,68,68,68,68,68,68,68,68,68,73,73,73,73,73,73,73,73,73,73,73,73,73,73,73,73,73,73,73,73,73,73,73,73,73,73,73,73,73,73,73,73,73,73,73,75,77,79,79,79],"card_choices":[{"not_picked":["Havoc","Entrench"],"picked":"Sword Boomerang","floor":1},{"not_picked":["Wild Strike","Heavy Blade","Sword Boomerang"],"picked":"SKIP","floor":2},{"not_picked":["Iron Wave","Wild Strike"],"picked":"Inflame","floor":3},{"not_picked":["Thunderclap","Cleave"],"picked":"Twin Strike","floor":5},{"not_picked":["Exhume","Warcry"],"picked":"Whirlwind","floor":7},{"not_picked":["Armaments","Inflame"],"picked":"Sword Boomerang","floor":10},{"not_picked":["Brutality","Pummel","Intimidate"],"picked":"SKIP","floor":11},{"not_picked":["Wild Strike","Bloodletting","Searing Blow"],"picked":"SKIP","floor":13},{"not_picked":["Twin Strike"],"picked":"SKIP","floor":18},{"not_picked":["True Grit"],"picked":"SKIP","floor":19},{"not_picked":["Shrug It Off"],"picked":"SKIP","floor":22},{"not_picked":["Anger"],"picked":"SKIP","floor":23},{"not_picked":["Spot Weakness"],"picked":"SKIP","floor":25},{"not_picked":["Shrug It Off"],"picked":"SKIP","floor":29},{"not_picked":[],"picked":"Offering","floor":33},{"not_picked":["Iron Wave"],"picked":"SKIP","floor":35},{"not_picked":[],"picked":"Headbutt+1","floor":37},{"not_picked":["Reckless Charge+1"],"picked":"SKIP","floor":38},{"not_picked":["Searing Blow"],"picked":"Singing Bowl","floor":46},{"not_picked":["Shrug It Off"],"picked":"Singing Bowl","floor":47},{"not_picked":["Havoc"],"picked":"Singing Bowl","floor":48}],"player_experience":747569,"relics_obtained":[{"floor":9,"key":"Boot"},{"floor":11,"key":"Pen Nib"},{"floor":23,"key":"Potion Belt"},{"floor":25,"key":"Kunai"},{"floor":26,"key":"Anchor"},{"floor":42,"key":"StoneCalendar"},{"floor":43,"key":"Singing Bowl"}],"event_choices":[{"damage_healed":0,"gold_gain":0,"player_choice":"Bought 1 Potion","damage_taken":0,"max_hp_gain":0,"max_hp_loss":0,"event_name":"The Woman in Blue","floor":14,"gold_loss":0},{"damage_healed":0,"gold_gain":0,"player_choice":"Simplicity","damage_taken":0,"max_hp_gain":0,"max_hp_loss":0,"event_name":"Back to Basics","floor":21,"gold_loss":0,"cards_upgraded":["Strike_R","Strike_R","Strike_R","Defend_R","Defend_R","Defend_R","Defend_R"]},{"cards_removed":["Strike_R"],"damage_healed":0,"gold_gain":0,"player_choice":"Gave Gold","damage_taken":0,"max_hp_gain":0,"max_hp_loss":0,"event_name":"Beggar","floor":27,"gold_loss":75},{"damage_healed":0,"gold_gain":0,"player_choice":"Ignored","damage_taken":0,"max_hp_gain":0,"max_hp_loss":0,"event_name":"WeMeetAgain","floor":36,"gold_loss":0},{"cards_removed":["Sword Boomerang"],"damage_healed":0,"gold_gain":0,"player_choice":"Removed Attack","damage_taken":0,"max_hp_gain":0,"max_hp_loss":0,"event_name":"Falling","floor":41,"gold_loss":0},{"damage_healed":0,"gold_gain":0,"player_choice":"Fight","damage_taken":0,"max_hp_gain":0,"max_hp_loss":0,"event_name":"Mysterious Sphere","floor":42,"gold_loss":0},{"cards_removed":["Fire Breathing"],"damage_healed":44,"gold_gain":0,"player_choice":"Offered Uncommon","damage_taken":0,"max_hp_gain":0,"max_hp_loss":0,"event_name":"Bonfire Elementals","floor":45,"gold_loss":0}],"is_beta":false,"boss_relics":[{"not_picked":["Cursed Key","Snecko Eye"],"picked":"Busted Crown"},{"not_picked":["Pandora\u0027s Box","Astrolabe"],"picked":"Lizard Tail"}],"items_purged_floors":[39],"is_endless":false,"potions_floor_spawned":[5,10,11,13,19,29,33,35,37,42,48],"killed_by":"Awakened One","ascension_level":17}