{"gold_per_floor":[117,117,117,42,42,61,61,79,79,79,79,95,95,95,95,224,287,287],"floor_reached":18,"playtime":684,"items_purged":["Injury"],"score":148,"play_id":"93d3f22f-3b6f-4fbd-9ccf-7a0d6f3293cc","local_time":"20181211161313","is_ascension_mode":false,"campfire_choices":[{"data":"Backflip","floor":7,"key":"SMITH"},{"data":"Deflect","floor":10,"key":"SMITH"},{"data":"Skewer","floor":13,"key":"SMITH"},{"floor":15,"key":"REST"}],"neow_cost":"NONE","seed_source_timestamp":1014517432122410,"circlet_count":0,"master_deck":["Defend_G","Defend_G","Defend_G","Defend_G","Defend_G","Strike_G+1","Strike_G","Strike_G","Strike_G+1","Strike_G","Survivor+1","Neutralize","PiercingWail","Backflip+1","Deflect+1","Skewer+1","Sucker Punch"],"relics":["Ring of the Snake","Oddly Smooth Stone","Golden Idol","Pantograph","Unceasing Top","Tiny House"],"potions_floor_usage":[16,16,18],"damage_taken":[{"damage":5,"enemies":"Small Slimes","floor":1,"turns":4},{"damage":0,"enemies":"Jaw Worm","floor":6,"turns":4},{"damage":1,"enemies":"2 Louse","floor":8,"turns":3},{"damage":0,"enemies":"Exordium Wildlife","floor":12,"turns":7},{"damage":14,"enemies":"The Guardian","floor":16,"turns":12},{"damage":6,"enemies":"Spheric Guardian","floor":18,"turns":7}],"seed_played":"-3188486323204275653","potions_obtained":[{"floor":1,"key":"EssenceOfSteel"},{"floor":6,"key":"LiquidBronze"},{"floor":17,"key":"SkillPotion"}],"is_trial":false,"path_per_floor":["M","?","?","$","?","M","R","M","T","R","?","M","R","?","R","B",null,"M"],"character_chosen":"THE_SILENT","items_purchased":[],"campfire_rested":1,"item_purchase_floors":[],"current_hp_per_floor":[72,65,65,65,65,65,65,64,64,64,64,64,64,49,72,63,82,76],"gold":287,"neow_bonus":"TEN_PERCENT_HP_BONUS","is_prod":false,"is_daily":false,"chose_seed":false,"campfire_upgraded":3,"win_rate":0.0,"timestamp":1544562793,"path_taken":["M","?","?","$","?","M","R","M","T","R","?","?","R","?","R","BOSS","M"],"build_version":"2018-12-06","purchased_purges":1,"victory":false,"max_hp_per_floor":[77,77,77,77,77,77,77,77,77,77,77,77,77,77,77,77,82,82],"card_choices":[{"not_picked":["Slice","Prepared"],"picked":"PiercingWail","floor":1},{"not_picked":["Tactician","Choke"],"picked":"Backflip","floor":6},{"not_picked":["Poisoned Stab","Endless Agony"],"picked":"Deflect","floor":8},{"not_picked":["Dagger Spray","Poisoned Stab"],"picked":"Skewer","floor":12},{"not_picked":["Dagger Spray","Terror"],"picked":"Sucker Punch","floor":17}],"player_experience":251554,"relics_obtained":[{"floor":9,"key":"Pantograph"}],"event_choices":[{"damage_healed":0,"gold_gain":0,"player_choice":"Success","damage_taken":7,"relics_obtained":["Oddly Smooth Stone"],"max_hp_gain":0,"max_hp_loss":0,"event_name":"Scrap Ooze","floor":2,"gold_loss":0},{"damage_healed":0,"gold_gain":0,"player_choice":"Take Wound","damage_taken":0,"relics_obtained":["Golden Idol"],"max_hp_gain":0,"max_hp_loss":0,"event_name":"Golden Idol","floor":3,"gold_loss":0,"cards_obtained":["Injury"]},{"damage_healed":0,"gold_gain":0,"player_choice":"Ignored","damage_taken":0,"max_hp_gain":0,"max_hp_loss":0,"event_name":"Golden Wing","floor":5,"gold_loss":0},{"damage_healed":0,"gold_gain":0,"player_choice":"Searched \u00271\u0027 times","damage_taken":0,"relics_obtained":["Unceasing Top"],"max_hp_gain":0,"max_hp_loss":0,"event_name":"Dead Adventurer","floor":11,"gold_loss":0},{"damage_healed":0,"gold_gain":0,"player_choice":"Entered Light","damage_taken":15,"max_hp_gain":0,"max_hp_loss":0,"event_name":"Shining Light","floor":14,"gold_loss":0,"cards_upgraded":["Survivor","Strike_G"]}],"is_beta":false,"boss_relics":[{"not_picked":["Fusion Hammer","Ectoplasm"],"picked":"Tiny House"}],"items_purged_floors":[4],"is_endless":false,"potions_floor_spawned":[1,6],"killed_by":"Spheric Guardian","ascension_level":0}