{"gold_per_floor":[12,26,39,39,57,57,71,71,71,81,81,92,122,122,122,227,227,245,27,27,27,27,27,27,27,27,27,43,43],"floor_reached":29,"playtime":1212,"items_purged":["Strike_B"],"score":423,"play_id":"684484d5-afe5-43b0-833e-62b5e45ffd13","local_time":"20181104232644","is_ascension_mode":true,"campfire_choices":[{"data":"Zap","floor":6,"key":"SMITH"},{"data":"Rip and Tear","floor":8,"key":"SMITH"},{"data":"Loop","floor":11,"key":"SMITH"},{"data":"Doom and Gloom","floor":15,"key":"SMITH"},{"data":"Machine Learning","floor":23,"key":"SMITH"},{"data":"Barrage","floor":27,"key":"SMITH"}],"neow_cost":"NO_GOLD","seed_source_timestamp":15755268266746,"circlet_count":0,"master_deck":["AscendersBane","Strike_B","Defend_B","Defend_B","Defend_B","Defend_B","Zap+1","Dualcast","Rip and Tear+1","Barrage+1","Turbo","Conserve Battery","Heatsinks","Conserve Battery","Cold Snap","Loop+1","Doom and Gloom+1","Machine Learning+1","Barrage+1","Turbo"],"relics":["Cracked Core","FaceOfCleric","Mercury Hourglass","Pantograph","Unceasing Top","Inserter","DataDisk","MutagenicStrength","Boot","Thread and Needle"],"potions_floor_usage":[7,16,18,20],"damage_taken":[{"damage":0,"enemies":"Cultist","floor":1,"turns":3},{"damage":2,"enemies":"Jaw Worm","floor":2,"turns":3},{"damage":4,"enemies":"2 Louse","floor":3,"turns":2},{"damage":6,"enemies":"Large Slime","floor":5,"turns":5},{"damage":2,"enemies":"3 Louse","floor":7,"turns":2},{"damage":5,"enemies":"Gremlin Gang","floor":10,"turns":4},{"damage":0,"enemies":"Large Slime","floor":12,"turns":3},{"damage":26,"enemies":"Lagavulin","floor":13,"turns":5},{"damage":0,"enemies":"Slime Boss","floor":16,"turns":4},{"damage":38,"enemies":"2 Thieves","floor":18,"turns":4},{"damage":15,"enemies":"Colosseum Slavers","floor":20,"turns":3},{"damage":18,"enemies":"Shell Parasite","floor":28,"turns":4},{"damage":13,"enemies":"Shelled Parasite and Fungi","floor":29,"turns":1}],"seed_played":"6518933632753233235","potions_obtained":[{"floor":1,"key":"Fire Potion"},{"floor":3,"key":"AttackPotion"},{"floor":12,"key":"Ancient Potion"},{"floor":16,"key":"Block Potion"},{"floor":18,"key":"Fruit Juice"}],"is_trial":false,"path_per_floor":["M","M","M","?","M","R","M","R","T","M","R","M","E","T","R","B",null,"M","$","?","?","?","R","$","?","T","R","M","M"],"character_chosen":"DEFECT","items_purchased":["DataDisk"],"campfire_rested":0,"item_purchase_floors":[19],"current_hp_per_floor":[68,66,62,62,57,57,56,56,56,52,52,53,28,28,28,54,74,42,42,28,28,28,28,28,28,28,28,11,0],"gold":43,"neow_bonus":"TRANSFORM_TWO_CARDS","is_prod":false,"is_daily":false,"chose_seed":false,"campfire_upgraded":6,"win_rate":0,"timestamp":1541402804,"path_taken":["M","?","M","?","?","R","M","R","T","M","R","M","E","?","R","BOSS","M","?","?","?","?","R","$","?","T","R","M","M"],"build_version":"2018-11-01","purchased_purges":1,"victory":false,"max_hp_per_floor":[75,75,75,75,76,76,77,77,77,78,78,79,80,80,80,81,81,87,87,88,88,88,88,88,88,88,88,89,89],"card_choices":[{"not_picked":["Sunder","Compile Driver"],"picked":"Turbo","floor":1},{"not_picked":["Darkness","Redo"],"picked":"Conserve Battery","floor":2},{"not_picked":["Hologram","Cold Snap"],"picked":"Heatsinks","floor":3},{"not_picked":["Turbo","Ball Lightning"],"picked":"Conserve Battery","floor":5},{"not_picked":["Barrage","Stack"],"picked":"Cold Snap","floor":7},{"not_picked":["Rebound","Turbo"],"picked":"Loop","floor":10},{"not_picked":["Go for the Eyes","Ball Lightning"],"picked":"Doom and Gloom","floor":12},{"not_picked":["Redo","Go for the Eyes"],"picked":"Ball Lightning","floor":13},{"not_picked":["All For One","Meteor Strike"],"picked":"Machine Learning","floor":16},{"not_picked":["Go for the Eyes","Hologram+1"],"picked":"Barrage+1","floor":18},{"not_picked":["Hologram","Lockon+1"],"picked":"Turbo","floor":28}],"player_experience":341249,"relics_obtained":[{"floor":9,"key":"Mercury Hourglass"},{"floor":13,"key":"Pantograph"},{"floor":14,"key":"Unceasing Top"},{"floor":26,"key":"Thread and Needle"}],"event_choices":[{"damage_healed":0,"gold_gain":0,"player_choice":"Trade","damage_taken":0,"relics_obtained":["FaceOfCleric"],"max_hp_gain":0,"max_hp_loss":0,"event_name":"FaceTrader","floor":4,"gold_loss":0},{"damage_healed":0,"gold_gain":0,"player_choice":"Fight","damage_taken":0,"max_hp_gain":0,"max_hp_loss":0,"event_name":"Colosseum","floor":20,"gold_loss":0},{"damage_healed":0,"gold_gain":0,"player_choice":"Fled From Nobs","damage_taken":0,"max_hp_gain":0,"max_hp_loss":0,"event_name":"Colosseum","floor":20,"gold_loss":0},{"damage_healed":0,"gold_gain":0,"player_choice":"Inject Mutagens","damage_taken":0,"relics_obtained":["MutagenicStrength"],"max_hp_gain":0,"max_hp_loss":0,"event_name":"Drug Dealer","floor":21,"gold_loss":0},{"damage_healed":0,"gold_gain":0,"player_choice":"Ignored","damage_taken":0,"max_hp_gain":0,"max_hp_loss":0,"event_name":"Ghosts","floor":22,"gold_loss":0},{"cards_removed":["Ball Lightning"],"damage_healed":0,"gold_gain":0,"player_choice":"Gave Card","damage_taken":0,"relics_obtained":["Boot"],"max_hp_gain":0,"max_hp_loss":0,"event_name":"WeMeetAgain","floor":25,"gold_loss":0}],"is_beta":false,"boss_relics":[{"not_picked":["Busted Crown","Pandora\u0027s Box"],"picked":"Inserter"}],"items_purged_floors":[19],"is_endless":false,"potions_floor_spawned":[1,3,5,12,16,18,20],"killed_by":"Shelled Parasite and Fungi","ascension_level":11}