{"gold_per_floor":[99],"floor_reached":1,"playtime":76,"items_purged":[],"score":134,"play_id":"7a6430d3-6438-4425-83da-4376feef67cd","local_time":"20180709022007","daily_mods":["Draft","Diverse","Brewmaster","Heirloom","Insanity","Specialized","Allstar","Cursed Run","Midas","Time Dilation","Elite Swarm","Uncertain Future","Lethality","Binary","Night Terrors","Terminal","Vintage","Hoarder"],"is_ascension_mode":true,"campfire_choices":[],"neow_cost":"","seed_source_timestamp":1132846456521472,"circlet_count":0,"master_deck":["Flex","Ghostly Armor","Defend_R","Reckless Charge","Pommel Strike","Juggernaut","Juggernaut","Pommel Strike","Sword Boomerang","Clash","Defend_R","Double Tap","Havoc","Combust","Defend_R","Sever Soul","Sword Boomerang","Juggernaut","Iron Wave","Reckless Charge","Twin Strike","Shockwave","Dual Wield","Flame Barrier","Pummel","Berserk","Burning Pact","Second Wind","Evolve","Power Through","Evolve","Dark Embrace","Hemokinesis","Carnage","Bloodletting","Clash","True Grit","Intimidate","Bludgeon","Uppercut","Strike_R","Clash","Defend_R","Bloodletting","Havoc","Rampage","Brutality","Strike_R","Shrug It Off","Rupture","Demon Form","Wraith Form v2","Echo Form","AscendersBane","Iron Wave","Iron Wave","Iron Wave","Uppercut","Uppercut","Uppercut","Cleave","Cleave","Cleave","Corruption","Corruption","Corruption","Clothesline","Clothesline","Clothesline","Perfected Strike","Perfected Strike","Perfected Strike","Cold Snap","Cold Snap","Cold Snap","Iron Wave","Iron Wave","Iron Wave","Beam Cell","Beam Cell","Beam Cell","Dagger Throw","Dagger Throw","Dagger Throw","Dagger Throw","Dagger Throw","Dagger Throw","Dropkick","Dropkick","Dropkick","Sweeping Beam","Sweeping Beam","Sweeping Beam","PiercingWail","PiercingWail","PiercingWail","Backflip","Backflip","Backflip"],"relics":["Snecko Eye","Unceasing Top","Busted Crown","Magic Flower","White Beast Statue"],"potions_floor_usage":[],"damage_taken":[{"damage":4,"enemies":"Small Slimes","floor":1,"turns":1}],"seed_played":"7928325916532091421","potions_obtained":[],"is_trial":true,"path_per_floor":[],"character_chosen":"IRONCLAD","items_purchased":[],"campfire_rested":0,"item_purchase_floors":[],"current_hp_per_floor":[0],"gold":99,"neow_bonus":"","is_prod":false,"is_daily":false,"chose_seed":false,"campfire_upgraded":0,"win_rate":0,"timestamp":1531070407,"path_taken":["M"],"build_version":"2018-07-05","purchased_purges":0,"victory":false,"max_hp_per_floor":[1],"card_choices":[{"not_picked":["Beam Cell","Ghostly Armor"],"picked":"Iron Wave","floor":0},{"not_picked":["Go for the Eyes","Headbutt"],"picked":"Uppercut","floor":0},{"not_picked":["Twin Strike","Flying Knee"],"picked":"Cleave","floor":0},{"not_picked":["Sucker Punch","Quick Slash"],"picked":"Corruption","floor":0},{"not_picked":["Rupture","Leap"],"picked":"Clothesline","floor":0},{"not_picked":["Clash","Flex"],"picked":"Perfected Strike","floor":0},{"not_picked":["Blood for Blood","Setup"],"picked":"Cold Snap","floor":0},{"not_picked":["Redo","Blizzard"],"picked":"Iron Wave","floor":0},{"not_picked":["Feel No Pain","Infinite Blades"],"picked":"Beam Cell","floor":0},{"not_picked":["Setup","Prepared"],"picked":"Dagger Throw","floor":0},{"not_picked":["Beam Cell","Havoc"],"picked":"Dagger Throw","floor":0},{"not_picked":["Headbutt","Disarm"],"picked":"Dropkick","floor":0},{"not_picked":["Bloodletting","Cloak And Dagger"],"picked":"Sweeping Beam","floor":0},{"not_picked":["Infernal Blade","Flex"],"picked":"PiercingWail","floor":0},{"not_picked":["Redo","Pommel Strike"],"picked":"Backflip","floor":0}],"player_experience":542230,"relics_obtained":[],"event_choices":[],"boss_relics":[],"items_purged_floors":[],"is_endless":false,"potions_floor_spawned":[],"killed_by":"Small Slimes","ascension_level":15}