{"gold_per_floor":[17,17,17,17,36,61,61,81,81,59,59,93,108,108,108,179,179,197,197,214,224,274,274,303,313,336,336,347,361,361,286,286,365,365,377,101,118,130,230,230,230,230,230,230,248,266,266,286,286,286,286,286,19,54,54],"floor_reached":55,"playtime":2652,"items_purged":["Twin Strike+1"],"score":1384,"play_id":"a65f817f-2d9c-4749-afda-d0c463765973","local_time":"20190113175545","is_ascension_mode":true,"campfire_choices":[{"data":"Perfected Strike","floor":7.0,"key":"SMITH"},{"floor":11.0,"key":"REST"},{"data":"Inflame","floor":15.0,"key":"SMITH"},{"data":"Demon Form","floor":23.0,"key":"SMITH"},{"data":"Sword Boomerang","floor":27.0,"key":"SMITH"},{"data":"Burning Pact","floor":30.0,"key":"SMITH"},{"data":"Sword Boomerang","floor":32.0,"key":"SMITH"},{"data":"Havoc","floor":40.0,"key":"SMITH"},{"data":"Heavy Blade","floor":42.0,"key":"SMITH"},{"floor":49.0,"key":"RECALL"},{"data":"Evolve","floor":52.0,"key":"SMITH"}],"neow_cost":"NO_GOLD","seed_source_timestamp":102433480077664,"circlet_count":0,"master_deck":["AscendersBane","Defend_R","Defend_R","Defend_R+1","Bash","Shrug It Off","Inflame+1","Headbutt","Cleave+1","Wild Strike","Sword Boomerang+1","Demon Form+1","Exhume+1","Offering+1","Reaper+1","Feel No Pain+1","Armaments+1","Sword Boomerang+1","Reckless Charge","Burning Pact+1","Reaper","Evolve+1","Havoc+1","Heavy Blade+1","Madness","Madness","Parasite","Burning Pact","Dual Wield+1","Exhume"],"special_seed":0,"relics":["Burning Blood","Pear","The Courier","Mummified Hand","Astrolabe","Enchiridion","Whetstone","Lantern","Mark of Pain","Orichalcum","Bird Faced Urn","Gremlin Horn","Pantograph","Paper Frog"],"potions_floor_usage":[55],"damage_taken":[{"damage":1.0,"enemies":"2 Louse","floor":1.0,"turns":3.0},{"damage":0.0,"enemies":"Jaw Worm","floor":5.0,"turns":4.0},{"damage":56.0,"enemies":"Gremlin Nob","floor":6.0,"turns":5.0},{"damage":0.0,"enemies":"Cultist","floor":8.0,"turns":2.0},{"damage":9.0,"enemies":"3 Sentries","floor":12.0,"turns":7.0},{"damage":11.0,"enemies":"Exordium Thugs","floor":13.0,"turns":3.0},{"damage":32.0,"enemies":"The Guardian","floor":16.0,"turns":8.0},{"damage":40.0,"enemies":"Shell Parasite","floor":18.0,"turns":7.0},{"damage":32.0,"enemies":"3 Byrds","floor":20.0,"turns":5.0},{"damage":27.0,"enemies":"3 Cultists","floor":21.0,"turns":4.0},{"damage":6.0,"enemies":"Gremlin Leader","floor":24.0,"turns":5.0},{"damage":18.0,"enemies":"Chosen and Byrds","floor":25.0,"turns":5.0},{"damage":32.0,"enemies":"Snecko","floor":28.0,"turns":4.0},{"damage":35.0,"enemies":"Cultist and Chosen","floor":29.0,"turns":6.0},{"damage":44.0,"enemies":"Champ","floor":33.0,"turns":10.0},{"damage":31.0,"enemies":"Orb Walker","floor":35.0,"turns":4.0},{"damage":34.0,"enemies":"3 Darklings","floor":37.0,"turns":3.0},{"damage":61.0,"enemies":"Spire Growth","floor":38.0,"turns":4.0},{"damage":12.0,"enemies":"Mind Bloom Boss Battle","floor":39.0,"turns":3.0},{"damage":24.0,"enemies":"Writhing Mass","floor":45.0,"turns":6.0},{"damage":59.0,"enemies":"Maw","floor":46.0,"turns":7.0},{"damage":22.0,"enemies":"Spire Growth","floor":48.0,"turns":4.0},{"damage":41.0,"enemies":"Donu and Deca","floor":50.0,"turns":7.0},{"damage":110.0,"enemies":"Shield and Spear","floor":54.0,"turns":7.0},{"damage":65,"enemies":"The Heart","floor":55,"turns":2}],"seed_played":"7463869504963945338","potions_obtained":[{"floor":6.0,"key":"Block Potion"},{"floor":12.0,"key":"Strength Potion"},{"floor":16.0,"key":"Weak Potion"},{"floor":18.0,"key":"SpeedPotion"},{"floor":20.0,"key":"Swift Potion"},{"floor":25.0,"key":"Fire Potion"},{"floor":29.0,"key":"GamblersBrew"},{"floor":37.0,"key":"Energy Potion"},{"floor":46.0,"key":"Energy Potion"},{"floor":54.0,"key":"Energy Potion"}],"is_trial":false,"path_per_floor":["M","?","?","?","M","E","R","M","T","$","R","E","M","T","R","B",null,"M","?","M","M","?","R","E","M","T","R","M","M","R","?","R","B",null,"M","$","M","M","?","R","?","R","T","?","M","M","?","M","R","B",null,"R","$","E","B"],"character_chosen":"IRONCLAD","items_purchased":["Cleave","Orichalcum","Havoc","PowerPotion","Pantograph","Block Potion"],"campfire_rested":1,"item_purchase_floors":[10,36,36,36,53,53],"current_hp_per_floor":[87,87,60,60,66,26,26,32,32,32,61,58,53,53,53,27,81,61,40,24,44,44,44,99,97,97,97,71,64,64,64,64,50,87,71,71,82,74,90,90,90,90,90,72,70,76,76,88,88,99,99,99,99,21,0],"gold":54,"neow_bonus":"TWENTY_PERCENT_HP_BONUS","is_prod":false,"is_daily":false,"chose_seed":false,"campfire_upgraded":9,"win_rate":0,"timestamp":1547369745,"path_taken":["M","?","?","?","M","E","R","?","T","$","R","E","M","?","R","BOSS","M","?","M","M","?","R","E","M","T","R","M","?","R","?","R","BOSS","M","$","M","M","?","R","?","R","T","?","?","M","?","M","R","BOSS","R","$","E","BOSS"],"build_version":"2019-01-10","purchased_purges":1,"victory":false,"max_hp_per_floor":[89,89,89,89,89,99,99,99,99,99,99,99,99,99,99,99,99,99,99,99,99,99,99,99,99,99,99,99,99,99,99,99,99,99,99,99,99,99,99,99,99,99,99,99,99,99,99,99,99,99,99,99,99,99,99],"card_choices":[{"not_picked":["Headbutt","Heavy Blade"],"picked":"Twin Strike","floor":1.0},{"not_picked":["Warcry","Intimidate"],"picked":"Perfected Strike","floor":5.0},{"not_picked":["Uppercut","Impervious"],"picked":"Inflame","floor":6.0},{"not_picked":["Sentinel","Entrench"],"picked":"Headbutt","floor":8.0},{"not_picked":["Corruption","Wild Strike","Body Slam"],"picked":"SKIP","floor":12.0},{"not_picked":["Corruption","Body Slam"],"picked":"Wild Strike","floor":12.0},{"not_picked":["Fire Breathing","Intimidate"],"picked":"Sword Boomerang","floor":13.0},{"not_picked":["Offering","Fiend Fire"],"picked":"Demon Form","floor":16.0},{"not_picked":["Iron Wave","Heavy Blade"],"picked":"Feel No Pain+1","floor":18.0},{"not_picked":["Warcry","Iron Wave"],"picked":"Armaments+1","floor":20.0},{"not_picked":["Reckless Charge+1","Havoc","Thunderclap"],"picked":"SKIP","floor":21.0},{"not_picked":["Cleave","Anger"],"picked":"Sword Boomerang","floor":24.0},{"not_picked":["Armaments","Fire Breathing","Body Slam"],"picked":"SKIP","floor":25.0},{"not_picked":["Clash","Reckless Charge","Twin Strike"],"picked":"SKIP","floor":28.0},{"not_picked":["Clash","Twin Strike"],"picked":"Reckless Charge","floor":28.0},{"not_picked":["Anger","Wild Strike"],"picked":"Burning Pact","floor":29.0},{"not_picked":["Feed","Fiend Fire"],"picked":"Reaper","floor":33.0},{"not_picked":["Pommel Strike+1","Second Wind+1"],"picked":"Evolve","floor":35.0},{"not_picked":["Flame Barrier","Wild Strike","Shrug It Off"],"picked":"SKIP","floor":37.0},{"not_picked":["Iron Wave","Searing Blow","Body Slam"],"picked":"SKIP","floor":38.0},{"not_picked":["Thunderclap","Warcry"],"picked":"Heavy Blade","floor":39.0},{"not_picked":["Thunderclap","Sword Boomerang"],"picked":"Burning Pact","floor":45.0},{"not_picked":["Juggernaut","Perfected Strike","Warcry"],"picked":"SKIP","floor":46.0},{"not_picked":["Perfected Strike+1","Wild Strike+1"],"picked":"Dual Wield+1","floor":48.0},{"not_picked":["Twin Strike+1","Combust"],"picked":"Exhume","floor":54.0}],"player_experience":776842,"relics_obtained":[{"floor":6.0,"key":"Pear"},{"floor":9.0,"key":"The Courier"},{"floor":12.0,"key":"Mummified Hand"},{"floor":19.0,"key":"Enchiridion"},{"floor":24.0,"key":"Whetstone"},{"floor":26.0,"key":"Lantern"},{"floor":39.0,"key":"Bird Faced Urn"},{"floor":43.0,"key":"Gremlin Horn"},{"floor":54.0,"key":"Paper Frog"}],"event_choices":[{"damage_healed":0.0,"max_hp_gain":0.0,"max_hp_loss":0.0,"gold_gain":0.0,"event_name":"The Cleric","player_choice":"Leave","floor":2.0,"gold_loss":0.0,"damage_taken":0.0},{"damage_healed":0.0,"max_hp_gain":0.0,"max_hp_loss":0.0,"gold_gain":0.0,"event_name":"Shining Light","player_choice":"Entered Light","floor":3.0,"gold_loss":0.0,"damage_taken":27.0,"cards_upgraded":["Twin Strike","Defend_R"]},{"damage_healed":0.0,"max_hp_gain":0.0,"max_hp_loss":0.0,"gold_gain":0.0,"cards_transformed":["Strike_R"],"event_name":"Transmorgrifier","player_choice":"Transformed","floor":4.0,"gold_loss":0.0,"damage_taken":0.0,"cards_obtained":["Shrug It Off"]},{"damage_healed":0.0,"max_hp_gain":0.0,"max_hp_loss":0.0,"gold_gain":0.0,"event_name":"Cursed Tome","player_choice":"Obtained Book","floor":19.0,"gold_loss":0.0,"damage_taken":21.0},{"damage_healed":0.0,"max_hp_gain":0.0,"max_hp_loss":0.0,"gold_gain":100.0,"event_name":"The Joust","player_choice":"Bet on Murderer","floor":22.0,"gold_loss":50.0,"damage_taken":0.0},{"cards_removed":["Strike_R"],"damage_healed":0.0,"max_hp_gain":0.0,"max_hp_loss":0.0,"gold_gain":0.0,"event_name":"Beggar","player_choice":"Gave Gold","floor":31.0,"gold_loss":75.0,"damage_taken":0.0},{"damage_healed":0.0,"max_hp_gain":0.0,"max_hp_loss":0.0,"gold_gain":0.0,"event_name":"MindBloom","player_choice":"Fight","floor":39.0,"gold_loss":0.0,"damage_taken":0.0},{"cards_removed":["Defend_R"],"damage_healed":0.0,"max_hp_gain":0.0,"max_hp_loss":0.0,"gold_gain":0.0,"event_name":"Falling","player_choice":"Removed Skill","floor":41.0,"gold_loss":0.0,"damage_taken":0.0},{"damage_healed":0.0,"max_hp_gain":0.0,"max_hp_loss":0.0,"gold_gain":0.0,"event_name":"Winding Halls","player_choice":"Embrace Madness","floor":44.0,"gold_loss":0.0,"damage_taken":18.0,"cards_obtained":["Madness","Madness"]},{"cards_removed":["Perfected Strike"],"damage_healed":0.0,"max_hp_gain":0.0,"max_hp_loss":0.0,"gold_gain":0.0,"event_name":"Purifier","player_choice":"Purged","floor":47.0,"gold_loss":0.0,"damage_taken":0.0}],"is_beta":false,"boss_relics":[{"not_picked":["Tiny House","Busted Crown"],"picked":"Astrolabe"},{"not_picked":["Philosopher\u0027s Stone","Lizard Tail"],"picked":"Mark of Pain"}],"items_purged_floors":[36],"is_endless":false,"potions_floor_spawned":[6,12,16,18,20,25,29,37,38,46,54],"killed_by":"The Heart","ascension_level":19}