{"path_per_floor":["M","?","M","M","?","E","R","?","T","$","R","M","M","M","R","B",null,"M","M","$","?","$","E","R","M","T","E","M","E","?","M","R"],"character_chosen":"THE_SILENT","items_purchased":["Trip","Whetstone","Dagger Spray","Finisher"],"gold_per_floor":[115,190,201,215,215,256,256,256,279,9,9,32,53,68,68,193,193,208,221,66,66,66,106,106,122,122,163,187,225,225,249,249,249],"floor_reached":33,"campfire_rested":2,"playtime":1233,"current_hp_per_floor":[70,59,59,59,42,18,18,18,18,18,39,39,39,39,39,5,70,70,70,70,35,35,31,31,26,26,23,18,4,4,7,32,0],"items_purged":["Caltrops"],"gold":249,"score":332,"play_id":"299eb956-e7ea-4f3a-88fb-b1ad691ef3af","local_time":"20180413105754","is_prod":false,"is_daily":false,"chose_seed":false,"is_ascension_mode":false,"campfire_upgraded":3,"timestamp":1523584674,"path_taken":["M","?","?","M","?","E","R","?","T","$","R","?","M","M","R","BOSS","M","M","$","?","$","E","R","M","T","E","M","E","?","M","R","BOSS"],"build_version":"2018-04-12","seed_source_timestamp":1586277933975488,"purchased_purges":1,"victory":false,"master_deck":["Survivor","Neutralize+1","Die Die Die+1","Cloak And Dagger+1","Poisoned Stab","Blade Dance","Die Die Die","Trip+1","Dagger Spray","Bouncing Flask","Prepared","Expertise","Dodge and Roll","Deadly Poison","Deflect","Cloak And Dagger","Bane","Underhanded Strike","Noxious Fumes+1","Acrobatics+1","Finisher","Ghostly","Ghostly","Ghostly","Ghostly","Ghostly","Backflip+1","Finisher+1","PiercingWail"],"max_hp_per_floor":[70,70,70,70,70,70,70,70,70,70,70,70,70,70,70,70,70,70,70,70,35,35,35,35,35,35,35,35,35,35,35,35,35],"relics":["Ring of the Snake","Golden Idol","Toolbox","Pen Nib","Whetstone","Pandora\u0027s Box","Snake Skull","Question Card","Regal Pillow","Blood Vial"],"card_choices":[{"not_picked":["Prepared","Outmaneuver"],"picked":"Cloak And Dagger","floor":1},{"not_picked":["Sucker Punch","Slice"],"picked":"Poisoned Stab","floor":3},{"not_picked":["Flying Knee","Phantasmal Killer"],"picked":"Blade Dance","floor":4},{"not_picked":["PiercingWail","Cloak And Dagger"],"picked":"Die Die Die","floor":6},{"not_picked":["Dagger Throw","Sucker Punch"],"picked":"Noxious Fumes","floor":18},{"not_picked":["Bane","Poisoned Stab"],"picked":"Acrobatics","floor":19},{"not_picked":["Bane","Dodge and Roll"],"picked":"Backflip","floor":25},{"not_picked":["Calculated Gamble","Dagger Throw","Grand Finale"],"picked":"Finisher","floor":27},{"not_picked":["Slice","Dagger Spray","All Out Attack"],"picked":"PiercingWail","floor":31}],"player_experience":434834,"potions_floor_usage":[6,16,33,33],"damage_taken":[{"damage":0,"enemies":"Cultist","floor":1,"turns":3},{"damage":0,"enemies":"Small Slimes","floor":3,"turns":2},{"damage":0,"enemies":"Jaw Worm","floor":4,"turns":4},{"damage":24,"enemies":"Lagavulin","floor":6,"turns":5},{"damage":0,"enemies":"Large Slime","floor":12,"turns":2},{"damage":0,"enemies":"Lots of Slimes","floor":13,"turns":1},{"damage":0,"enemies":"Gremlin Gang","floor":14,"turns":1},{"damage":34,"enemies":"Slime Boss","floor":16,"turns":8},{"damage":0,"enemies":"Chosen","floor":18,"turns":4},{"damage":0,"enemies":"Spheric Guardian","floor":19,"turns":3},{"damage":4,"enemies":"Book of Stabbing","floor":23,"turns":6},{"damage":5,"enemies":"Centurion and Healer","floor":25,"turns":8},{"damage":3,"enemies":"Slavers","floor":27,"turns":4},{"damage":5,"enemies":"Cultist and Chosen","floor":28,"turns":7},{"damage":14,"enemies":"Book of Stabbing","floor":29,"turns":7},{"damage":3,"enemies":"Sentry and Sphere","floor":31,"turns":5},{"damage":41,"enemies":"Collector","floor":33,"turns":7}],"event_choices":[{"event_name":"World of Goop","player_choice":"Gather Gold","floor":2,"damage_taken":0},{"event_name":"Golden Idol","player_choice":"Take Damage","floor":5,"damage_taken":0},{"event_name":"Transmorgrifier","player_choice":"Transform","floor":8,"damage_taken":0},{"event_name":"Ghosts","player_choice":"Became a Ghost","floor":21,"damage_taken":0},{"event_name":"The Lab","player_choice":"Got Potions","floor":30,"damage_taken":0}],"boss_relics":[{"not_picked":["Runic Dome","Eternal Feather"],"picked":"Pandora\u0027s Box"}],"potions_floor_spawned":[3,12,23,28,29,31],"seed_played":"9199831568478314252","killed_by":"Collector","ascension_level":0,"is_trial":false}