{"gold_per_floor":[109,126,2,15,25,25,36,36,36,56,56,72,72,72,72,171,171,186,204,218,228,248,268,268,368,368,398,15,15,31,51,51,51],"floor_reached":33,"playtime":1702,"items_purged":[],"score":488,"play_id":"ea73a577-ef2c-486e-afdb-43fb22f79a10","local_time":"20181104235538","is_ascension_mode":true,"campfire_choices":[{"data":"Storm","floor":6,"key":"SMITH"},{"data":"White Noise","floor":11,"key":"SMITH"},{"data":"Glacier","floor":13,"key":"SMITH"},{"floor":15,"key":"REST"},{"data":"Self Repair","floor":29,"key":"SMITH"},{"data":"Electrodynamics","floor":32,"key":"SMITH"}],"neow_cost":"PERCENT_DAMAGE","seed_source_timestamp":17009377592906,"circlet_count":0,"master_deck":["AscendersBane","Strike_B","Strike_B","Defend_B","Defend_B","Defend_B","Defend_B","Zap","Dualcast","Chill","Fusion","White Noise","Go for the Eyes","Redo","Storm+1","White Noise+1","Leap","Glacier+1","Electrodynamics+1","Go for the Eyes","Blizzard","Ball Lightning+1","Skim+1","Capacitor+1","Ball Lightning","Leap","Auto Shields+1","Self Repair+1","Redo+1","Heatsinks"],"relics":["Cracked Core","Boot","Mercury Hourglass","Coffee Dripper","Du-Vu Doll","Bottled Lightning","Dodecahedron","Smiling Mask","Thread and Needle"],"potions_floor_usage":[16,16,23,25,30,33],"damage_taken":[{"damage":0,"enemies":"Cultist","floor":1,"turns":3},{"damage":2,"enemies":"2 Louse","floor":2,"turns":2},{"damage":0,"enemies":"Small Slimes","floor":4,"turns":2},{"damage":3,"enemies":"Exordium Wildlife","floor":5,"turns":7},{"damage":10,"enemies":"Looter","floor":7,"turns":4},{"damage":21,"enemies":"Lots of Slimes","floor":10,"turns":3},{"damage":4,"enemies":"Blue Slaver","floor":12,"turns":4},{"damage":0,"enemies":"The Guardian","floor":16,"turns":12},{"damage":10,"enemies":"Spheric Guardian","floor":18,"turns":4},{"damage":16,"enemies":"Shell Parasite","floor":19,"turns":6},{"damage":16,"enemies":"Snake Plant","floor":20,"turns":3},{"damage":0,"enemies":"3 Cultists","floor":21,"turns":2},{"damage":20,"enemies":"Centurion and Healer","floor":22,"turns":5},{"damage":0,"enemies":"Shelled Parasite and Fungi","floor":23,"turns":4},{"damage":16,"enemies":"Colosseum Slavers","floor":25,"turns":3},{"damage":0,"enemies":"Colosseum Nobs","floor":25,"turns":3},{"damage":8,"enemies":"Gremlin Leader","floor":27,"turns":5},{"damage":0,"enemies":"Sentry and Sphere","floor":30,"turns":4},{"damage":9,"enemies":"Snake Plant","floor":31,"turns":4},{"damage":16,"enemies":"Collector","floor":33,"turns":2}],"seed_played":"-6837758059266350751","potions_obtained":[{"floor":1,"key":"FearPotion"},{"floor":5,"key":"Dexterity Potion"},{"floor":10,"key":"Weak Potion"},{"floor":16,"key":"Poison Potion"},{"floor":19,"key":"FocusPotion"},{"floor":20,"key":"FocusPotion"},{"floor":27,"key":"Energy Potion"},{"floor":31,"key":"Ancient Potion"}],"is_trial":false,"path_per_floor":["M","M","$","M","M","R","M","T","T","M","R","M","R","$","R","B",null,"M","M","M","M","M","M","?","?","T","E","$","R","M","M","R","B"],"character_chosen":"DEFECT","items_purchased":["White Noise","Go for the Eyes","Thread and Needle","Self Repair"],"campfire_rested":1,"item_purchase_floors":[3,3,28,28],"current_hp_per_floor":[50,48,48,48,45,45,35,35,35,14,14,10,10,10,32,32,64,54,38,22,22,2,2,27,11,11,3,3,3,13,14,14,0],"gold":51,"neow_bonus":"REMOVE_TWO","is_prod":false,"is_daily":false,"chose_seed":false,"campfire_upgraded":5,"win_rate":0,"timestamp":1541404538,"path_taken":["M","M","$","M","M","R","?","?","T","?","R","M","R","$","R","BOSS","M","M","M","M","M","M","?","?","T","E","?","R","M","M","R","BOSS"],"build_version":"2018-11-01","purchased_purges":0,"victory":false,"max_hp_per_floor":[75,75,75,75,75,75,75,75,75,75,75,75,75,75,75,75,75,75,75,75,75,75,75,75,75,75,75,75,75,75,75,75,75],"card_choices":[{"not_picked":["Doom and Gloom","Turbo"],"picked":"Chill","floor":1},{"not_picked":["Loop","Conserve Battery"],"picked":"Fusion","floor":2},{"not_picked":["Turbo","Hologram"],"picked":"Redo","floor":4},{"not_picked":["Coolheaded","Turbo"],"picked":"Storm","floor":5},{"not_picked":["Barrage","Compile Driver"],"picked":"White Noise","floor":7},{"not_picked":["Static Discharge","Steam"],"picked":"Leap","floor":10},{"not_picked":["Turbo","Sweeping Beam"],"picked":"Glacier","floor":12},{"not_picked":["Buffer","Creative AI"],"picked":"Electrodynamics","floor":16},{"not_picked":["Steam","Beam Cell"],"picked":"Go for the Eyes","floor":18},{"not_picked":["Coolheaded","Sweeping Beam"],"picked":"Blizzard","floor":19},{"not_picked":["Scrape+1","Sweeping Beam"],"picked":"Ball Lightning+1","floor":20},{"not_picked":["Multi-Cast","Stack"],"picked":"Skim+1","floor":21},{"not_picked":["Static Discharge","Compile Driver"],"picked":"Capacitor+1","floor":22},{"not_picked":["Gash","Steam"],"picked":"Ball Lightning","floor":23},{"not_picked":["Redo","Hologram"],"picked":"Leap","floor":25},{"not_picked":["Sweeping Beam","Cold Snap+1"],"picked":"Auto Shields+1","floor":27},{"not_picked":["Sweeping Beam","Gash"],"picked":"Redo+1","floor":30},{"not_picked":["Skim","Beam Cell"],"picked":"Heatsinks","floor":31}],"player_experience":342461,"relics_obtained":[{"floor":8,"key":"Boot"},{"floor":9,"key":"Mercury Hourglass"},{"floor":25,"key":"Du-Vu Doll"},{"floor":25,"key":"Bottled Lightning"},{"floor":26,"key":"Dodecahedron"},{"floor":27,"key":"Smiling Mask"}],"event_choices":[{"damage_healed":25,"gold_gain":0,"player_choice":"Heal","damage_taken":0,"max_hp_gain":0,"max_hp_loss":0,"event_name":"The Library","floor":24,"gold_loss":0},{"damage_healed":0,"gold_gain":0,"player_choice":"Fight","damage_taken":0,"max_hp_gain":0,"max_hp_loss":0,"event_name":"Colosseum","floor":25,"gold_loss":0},{"damage_healed":0,"gold_gain":0,"player_choice":"Fought Nobs","damage_taken":0,"max_hp_gain":0,"max_hp_loss":0,"event_name":"Colosseum","floor":25,"gold_loss":0}],"is_beta":false,"boss_relics":[{"not_picked":["Runic Pyramid","Pandora\u0027s Box"],"picked":"Coffee Dripper"}],"items_purged_floors":[],"is_endless":false,"potions_floor_spawned":[1,5,10,16,19,20,25,27,31],"killed_by":"Collector","ascension_level":11}