{"gold_per_floor":[114,126,126,138,138,138,168,168,168,195,195,208,1,33,33,130,130,141,158,171,96,108,108,108],"floor_reached":24,"playtime":950,"items_purged":[],"score":270,"play_id":"8abda6fe-113f-4857-94b9-97244bf8da02","local_time":"20181014214621","is_ascension_mode":true,"campfire_choices":[{"data":"Electrodynamics","floor":6,"key":"SMITH"},{"data":"Double Energy","floor":8,"key":"SMITH"},{"data":"Capacitor","floor":11,"key":"SMITH"},{"floor":15,"key":"REST"},{"floor":23,"key":"REST"}],"neow_cost":"NONE","seed_source_timestamp":9180574525365,"circlet_count":0,"master_deck":["Strike_B","Strike_B","Defend_B","Defend_B","Defend_B","Defend_B","Zap","Dualcast","Capacitor+1","Ball Lightning","Electrodynamics+1","Double Energy+1","Heatsinks","Capacitor","Leap","Heatsinks","Creative AI","Storm","Ball Lightning+1","Redo"],"relics":["Cracked Core","Bottled Flame","Shuriken","Oddly Smooth Stone","Membership Card","Strawberry","Cursed Key"],"potions_floor_usage":[12,14,16,16,16,20,24,24],"damage_taken":[{"damage":0,"enemies":"Cultist","floor":1,"turns":3},{"damage":1,"enemies":"Small Slimes","floor":2,"turns":4},{"damage":7,"enemies":"Jaw Worm","floor":4,"turns":2},{"damage":18,"enemies":"Gremlin Nob","floor":7,"turns":3},{"damage":5,"enemies":"3 Sentries","floor":10,"turns":2},{"damage":6,"enemies":"Large Slime","floor":12,"turns":4},{"damage":16,"enemies":"Lagavulin","floor":14,"turns":5},{"damage":18,"enemies":"Hexaghost","floor":16,"turns":8},{"damage":22,"enemies":"2 Thieves","floor":18,"turns":4},{"damage":21,"enemies":"Chosen","floor":19,"turns":6},{"damage":10,"enemies":"Snake Plant","floor":20,"turns":4},{"damage":9,"enemies":"Centurion and Healer","floor":22,"turns":4},{"damage":34,"enemies":"Slavers","floor":24,"turns":1}],"seed_played":"3828017744401707136","potions_obtained":[{"floor":0,"key":"LiquidBronze"},{"floor":0,"key":"Explosive Potion"},{"floor":0,"key":"EntropicBrew"},{"floor":2,"key":"Energy Potion"},{"floor":12,"key":"PowerPotion"},{"floor":20,"key":"Fire Potion"}],"is_trial":false,"path_per_floor":["M","M","?","M","?","R","E","R","T","E","R","M","$","E","R","B",null,"M","M","M","?","M","R"],"character_chosen":"DEFECT","items_purchased":["Membership Card","Leap"],"campfire_rested":2,"item_purchase_floors":[13,13],"current_hp_per_floor":[75,74,74,67,60,60,42,42,42,37,37,31,31,22,46,28,69,47,26,16,16,7,31,0],"gold":108,"neow_bonus":"THREE_SMALL_POTIONS","is_prod":false,"is_daily":false,"chose_seed":false,"campfire_upgraded":3,"win_rate":0,"timestamp":1539578781,"path_taken":["M","M","?","M","?","R","E","R","T","E","R","?","?","E","R","BOSS","M","M","M","?","M","R","E"],"build_version":"2018-10-11","purchased_purges":0,"victory":false,"max_hp_per_floor":[75,75,75,75,75,75,75,75,75,75,75,75,75,82,82,82,82,82,82,82,82,82,82,82],"card_choices":[{"not_picked":["Cold Snap","Leap"],"picked":"Capacitor","floor":1},{"not_picked":["Skim","Capacitor"],"picked":"Ball Lightning","floor":2},{"not_picked":["Coolheaded","Compile Driver"],"picked":"Electrodynamics","floor":4},{"not_picked":["Force Field","Turbo"],"picked":"Double Energy","floor":7},{"not_picked":["All For One","Redo"],"picked":"Heatsinks","floor":10},{"not_picked":["Undo","Go for the Eyes"],"picked":"Capacitor","floor":12},{"not_picked":["Rip and Tear","Undo"],"picked":"Heatsinks","floor":14},{"not_picked":["All For One","Multi-Cast"],"picked":"Creative AI","floor":16},{"not_picked":["Reprogram","White Noise"],"picked":"Storm","floor":18},{"not_picked":["Turbo","Coolheaded"],"picked":"Ball Lightning+1","floor":19},{"not_picked":["Undo","Coolheaded","Sweeping Beam"],"picked":"SKIP","floor":20},{"not_picked":["Skim","Compile Driver+1"],"picked":"Redo","floor":22}],"player_experience":259976,"relics_obtained":[{"floor":7,"key":"Bottled Flame"},{"floor":9,"key":"Shuriken"},{"floor":10,"key":"Oddly Smooth Stone"},{"floor":14,"key":"Strawberry"}],"event_choices":[{"event_name":"The Woman in Blue","player_choice":"Bought 0 Potions","floor":3,"damage_taken":0},{"event_name":"Golden Wing","player_choice":"Card Removal","floor":5,"damage_taken":0},{"event_name":"Beggar","player_choice":"Gave Gold","floor":21,"damage_taken":0}],"is_beta":false,"boss_relics":[{"not_picked":["Black Star","Lizard Tail"],"picked":"Cursed Key"}],"items_purged_floors":[],"is_endless":false,"potions_floor_spawned":[1,2,7,10,12,20],"killed_by":"Slavers","ascension_level":5}