{"gold_per_floor":[114,125,125,225,400,400,413,443,443,443,35,35,35,64,64,140,140,159,179,54,153,153,153,170,170,170,184,216,216,229,56,56,133,133,147,147,0,0,19,19,29,29,109,122,122,122,175,186,186,186],"floor_reached":50,"playtime":1868,"items_purged":["Doubt","Strike_B","Strike_B"],"score":756,"play_id":"7dd4a05e-283a-4680-80ef-8209ba4a7af7","local_time":"20180712223508","is_ascension_mode":true,"campfire_choices":[{"data":"Defragment","floor":6.0,"key":"SMITH"},{"data":"Defragment","floor":10.0,"key":"SMITH"},{"floor":15.0,"key":"REST"},{"data":"Static Discharge","floor":23.0,"key":"SMITH"},{"floor":25.0,"key":"REST"},{"floor":29.0,"key":"REST"},{"floor":32.0,"key":"REST"},{"data":"Echo Form","floor":40.0,"key":"SMITH"},{"data":"Loop","floor":42.0,"key":"SMITH"},{"floor":45.0,"key":"REST"},{"floor":49.0,"key":"REST"}],"neow_cost":"","seed_source_timestamp":1347487585623903,"circlet_count":0,"master_deck":["Zap","Dualcast","AscendersBane","Cold Snap","Defragment+1","Defragment+1","Loop+1","Apotheosis+1","Coolheaded","Static Discharge+1","Conserve Battery","Compile Driver","Redo+1","Go for the Eyes","Conserve Battery","Echo Form+1","Redo","Leap","Barrage","Leap","Cold Snap+1"],"special_seed":0,"relics":["Cracked Core","Mummified Hand","Pear","Gremlin Horn","Odd Mushroom","Inserter","Symbiotic Virus","Bottled Tornado","Pandora\u0027s Box","Red Mask","Darkstone Periapt","Peace Pipe"],"potions_floor_usage":[50],"damage_taken":[{"damage":1.0,"enemies":"2 Louse","floor":1.0,"turns":2.0},{"damage":0.0,"enemies":"Cultist","floor":2.0,"turns":3.0},{"damage":4.0,"enemies":"Small Slimes","floor":7.0,"turns":3.0},{"damage":30.0,"enemies":"Lagavulin","floor":8.0,"turns":9.0},{"damage":16.0,"floor":14.0,"turns":3.0},{"damage":22.0,"enemies":"Slime Boss","floor":16.0,"turns":7.0},{"damage":12.0,"enemies":"Chosen","floor":18.0,"turns":5.0},{"damage":12.0,"enemies":"Shell Parasite","floor":19.0,"turns":5.0},{"damage":7.0,"enemies":"Snecko","floor":24.0,"turns":6.0},{"damage":18.0,"enemies":"3 Cultists","floor":27.0,"turns":4.0},{"damage":23.0,"enemies":"Gremlin Leader","floor":28.0,"turns":4.0},{"damage":7.0,"enemies":"Centurion and Healer","floor":30.0,"turns":5.0},{"damage":28.0,"enemies":"Automaton","floor":33.0,"turns":11.0},{"damage":5.0,"enemies":"3 Darklings","floor":35.0,"turns":4.0},{"damage":4.0,"enemies":"Orb Walker","floor":39.0,"turns":5.0},{"damage":17.0,"enemies":"Maw","floor":41.0,"turns":7.0},{"damage":9.0,"enemies":"Sphere and 2 Shapes","floor":44.0,"turns":4.0},{"damage":5.0,"enemies":"3 Darklings","floor":46.0,"turns":2.0},{"damage":27.0,"floor":47.0,"turns":5.0},{"damage":18.0,"enemies":"Maw","floor":48.0,"turns":6.0},{"damage":40,"enemies":"Awakened One","floor":50,"turns":3}],"seed_played":"5415033987233012722","potions_obtained":[{"floor":14.0,"key":"PowerPotion"},{"floor":18.0,"key":"SmokeBomb"},{"floor":27.0,"key":"SkillPotion"},{"floor":41.0,"key":"FearPotion"},{"floor":44.0,"key":"FocusPotion"}],"is_trial":false,"path_per_floor":["M","M","?","?","?","R","M","E","T","R","$","T","?","?","R","B",null,"M","M","$","?","?","R","M","R","T","M","E","R","M","$","R","B",null,"M","?","?","$","M","R","M","R","T","M","R","M","?","M","R"],"character_chosen":"DEFECT","items_purchased":["Apotheosis","Coolheaded","Static Discharge","Go for the Eyes","Swift Potion"],"campfire_rested":6,"item_purchase_floors":[11,11,11,20,31],"current_hp_per_floor":[67,67,67,67,67,67,63,33,43,43,43,43,43,27,52,30,71,59,47,47,47,47,47,40,65,65,47,24,49,42,42,67,39,74,69,69,69,69,65,65,48,48,48,39,64,59,32,14,39,0],"gold":186,"neow_bonus":"","is_prod":false,"is_daily":false,"chose_seed":false,"campfire_upgraded":5,"win_rate":0,"timestamp":1531402508,"path_taken":["M","M","?","?","?","R","?","E","T","R","$","?","?","?","R","BOSS","M","M","$","?","?","R","M","R","T","M","E","R","?","?","R","BOSS","M","?","?","$","M","R","M","R","T","M","R","M","?","M","R","BOSS"],"build_version":"2018-07-05","purchased_purges":3,"victory":false,"max_hp_per_floor":[75,75,75,75,75,75,75,75,85,85,85,85,85,85,85,85,85,85,85,85,85,85,85,85,85,85,85,85,85,85,85,85,85,85,85,85,85,85,85,85,85,85,85,85,85,85,85,85,85,85],"card_choices":[{"not_picked":["Conserve Battery","Compile Driver"],"picked":"Cold Snap","floor":1.0},{"not_picked":["Redo","Rip and Tear"],"picked":"Defragment","floor":2.0},{"not_picked":["Compile Driver","Sweeping Beam"],"picked":"Defragment","floor":7.0},{"not_picked":["Hologram","Beam Cell"],"picked":"Loop","floor":8.0},{"not_picked":["Darkness","Turbo"],"picked":"Conserve Battery","floor":14.0},{"not_picked":["Lockon","Coolheaded"],"picked":"Compile Driver","floor":18.0},{"not_picked":["Conserve Battery","Darkness"],"picked":"Redo+1","floor":19.0},{"not_picked":["Recycle","Redo","Genetic Algorithm"],"picked":"SKIP","floor":24.0},{"not_picked":["Gash","Capacitor","Stack"],"picked":"SKIP","floor":27.0},{"not_picked":["Turbo","Auto Shields"],"picked":"Conserve Battery","floor":28.0},{"not_picked":["Leap","Sweeping Beam","Turbo"],"picked":"SKIP","floor":30.0},{"not_picked":["Amplify","Biased Cognition"],"picked":"Echo Form","floor":33.0},{"not_picked":["Auto Shields","Sweeping Beam+1","Rebound+1"],"picked":"SKIP","floor":35.0},{"not_picked":["Hologram","Tempest","Sweeping Beam"],"picked":"SKIP","floor":39.0},{"not_picked":["Undo","Beam Cell+1","Hologram"],"picked":"SKIP","floor":41.0},{"not_picked":["Reinforced Body","Rebound","Streamline"],"picked":"SKIP","floor":44.0},{"not_picked":["Redo","Lockon"],"picked":"Cold Snap+1","floor":47.0},{"not_picked":["Reinforced Body","Genetic Algorithm+1","Conserve Battery+1"],"picked":"SKIP","floor":48.0}],"player_experience":543092,"relics_obtained":[{"floor":8.0,"key":"Mummified Hand"},{"floor":9.0,"key":"Pear"},{"floor":12.0,"key":"Gremlin Horn"},{"floor":14.0,"key":"Odd Mushroom"},{"floor":26.0,"key":"Symbiotic Virus"},{"floor":28.0,"key":"Bottled Tornado"},{"floor":43.0,"key":"Darkstone Periapt"},{"floor":47.0,"key":"Peace Pipe"}],"event_choices":[{"event_name":"Purifier","player_choice":"One Purge","floor":3.0,"damage_taken":0.0},{"event_name":"Wheel of Change","player_choice":"Gold","floor":4.0,"damage_taken":0.0},{"event_name":"Liars Game","player_choice":"agreed","floor":5.0,"damage_taken":0.0},{"event_name":"Living Wall","player_choice":"Grow","floor":13.0,"damage_taken":0.0},{"event_name":"Mushrooms","player_choice":"Fought Mushrooms","floor":14.0,"damage_taken":0.0},{"event_name":"Nest","player_choice":"Stole From Cult","floor":21.0,"damage_taken":0.0},{"event_name":"Ghosts","player_choice":"Ignored","floor":22.0,"damage_taken":0.0},{"event_name":"Falling","player_choice":"Removed Skill","floor":36.0,"damage_taken":0.0},{"event_name":"Tomb of Lord Red Mask","player_choice":"Paid","floor":37.0,"damage_taken":0.0},{"event_name":"Mysterious Sphere","player_choice":"Fight","floor":47.0,"damage_taken":0.0}],"boss_relics":[{"not_picked":["Ectoplasm","Nuclear Battery"],"picked":"Inserter"},{"not_picked":["Orrery","Velvet Choker"],"picked":"Pandora\u0027s Box"}],"items_purged_floors":[11,20,31],"is_endless":false,"potions_floor_spawned":[14,18,27,41,44,46],"killed_by":"Awakened One","ascension_level":13}