{"gold_per_floor":[119,139,152,152,177,177,202,202,202,225,225,175,175,74,74,198,198,213,213,71,91,110,141,141,56,56,56,87,87,122,122,122,250,250,269,119,139,14,33,33,51,94,119,119,70,109,109,124,124,124],"floor_reached":51,"playtime":6382,"items_purged":["Strike_G","Strike_G","Defend_G"],"score":831,"play_id":"c7b0ac02-8fbe-47b9-88f5-067689804128","local_time":"20190302100250","is_ascension_mode":true,"campfire_choices":[{"data":"Neutralize","floor":6.0,"key":"SMITH"},{"data":"Cloak And Dagger","floor":8.0,"key":"SMITH"},{"data":"Noxious Fumes","floor":11.0,"key":"SMITH"},{"data":"Riddle With Holes","floor":13.0,"key":"SMITH"},{"data":"Blade Dance","floor":15.0,"key":"SMITH"},{"floor":24.0,"key":"REST"},{"data":"Doppelganger","floor":27.0,"key":"SMITH"},{"data":"Prepared","floor":29.0,"key":"SMITH"},{"floor":32.0,"key":"REST"},{"data":"After Image","floor":40,"key":"SMITH"},{"data":"Catalyst","floor":44,"key":"SMITH"},{"floor":47,"key":"REST"},{"data":"Cloak And Dagger","floor":49,"key":"SMITH"}],"neow_cost":"TEN_PERCENT_HP_LOSS","seed_source_timestamp":0,"circlet_count":0,"master_deck":["Defend_G","Defend_G","Defend_G","Strike_G","Survivor","Neutralize+1","Riddle With Holes+1","PiercingWail","Endless Agony","Cloak And Dagger+1","Noxious Fumes+1","Blade Dance+1","Doppelganger+1","Backflip","Corpse Explosion","Bouncing Flask","Cloak And Dagger+1","Prepared+1","Backflip","After Image+1","Distraction+1","Backflip","Footwork","Parasite","Catalyst+1","Backflip+1","Heel Hook+1"],"special_seed":0,"relics":["Ring of the Snake","Nunchaku","Golden Idol","Potion Belt","Sozu","Vajra","Paper Crane","Shuriken","Ice Cream","Red Mask","Empty Cage","Toxic Egg 2","Orichalcum","Darkstone Periapt"],"potions_floor_usage":[],"damage_taken":[{"damage":3.0,"enemies":"Cultist","floor":1.0,"turns":4.0},{"damage":0.0,"enemies":"Small Slimes","floor":2.0,"turns":3.0},{"damage":0.0,"enemies":"2 Louse","floor":3.0,"turns":2.0},{"damage":6.0,"enemies":"2 Fungi Beasts","floor":5.0,"turns":4.0},{"damage":0.0,"enemies":"3 Louse","floor":7.0,"turns":3.0},{"damage":4.0,"enemies":"Red Slaver","floor":10.0,"turns":4.0},{"damage":9.0,"enemies":"Hexaghost","floor":16.0,"turns":9.0},{"damage":11.0,"enemies":"Spheric Guardian","floor":18.0,"turns":6.0},{"damage":7.0,"enemies":"3 Byrds","floor":21.0,"turns":3.0},{"damage":14.0,"enemies":"Cultist and Chosen","floor":22.0,"turns":6.0},{"damage":8.0,"enemies":"Book of Stabbing","floor":23.0,"turns":6.0},{"damage":15.0,"enemies":"Gremlin Leader","floor":28.0,"turns":5.0},{"damage":1.0,"enemies":"Masked Bandits","floor":30.0,"turns":3.0},{"damage":35,"enemies":"Automaton","floor":33,"turns":6},{"damage":19,"enemies":"3 Shapes","floor":35,"turns":4},{"damage":2,"enemies":"Orb Walker","floor":37,"turns":4},{"damage":6,"enemies":"Spire Growth","floor":39,"turns":4},{"damage":0,"enemies":"Writhing Mass","floor":41,"turns":5},{"damage":0,"enemies":"Giant Head","floor":42,"turns":7},{"damage":6,"enemies":"Nemesis","floor":46,"turns":9},{"damage":0,"enemies":"Maw","floor":48,"turns":7},{"damage":5,"enemies":"Donu and Deca","floor":50,"turns":6}],"seed_played":"-3440082147419821337","potions_obtained":[{"floor":1.0,"key":"Swift Potion"},{"floor":10.0,"key":"Swift Potion"},{"floor":16.0,"key":"SkillPotion"}],"is_trial":false,"path_per_floor":["M","M","M","?","M","R","M","R","T","M","R","?","R","$","R","B",null,"M","?","$","M","M","E","R","?","T","R","E","R","?","?","R","B",null,"M","$","M","$","M","R","M","E","T","R","$","E","R","M","R","B",null],"character_chosen":"THE_SILENT","items_purchased":["Blade Dance","Corpse Explosion","Backflip","Backflip+1"],"campfire_rested":3,"item_purchase_floors":[14,20,36,45],"current_hp_per_floor":[60,60,60,45,39,39,39,39,39,35,35,35,35,35,35,26,63,52,52,52,45,31,23,41,41,41,41,26,26,25,25,43,8,63,44,44,42,42,36,36,36,36,36,36,36,30,48,48,48,43],"gold":124,"neow_bonus":"ONE_RARE_RELIC","is_prod":false,"is_daily":false,"chose_seed":false,"campfire_upgraded":10,"win_rate":0,"timestamp":1551520970,"path_taken":["M","M","M","?","M","R","M","R","T","M","R","?","R","$","R","BOSS","M","?","$","M","M","E","R","?","T","R","E","R","?","?","R","BOSS","M","$","M","$","M","R","M","E","T","R","$","E","R","M","R","BOSS"],"build_version":"2019-01-23","purchased_purges":3,"victory":true,"max_hp_per_floor":[63,63,63,63,63,63,63,63,63,63,63,63,63,63,63,63,63,63,63,63,63,63,63,63,63,63,63,63,63,63,63,63,63,63,63,63,63,63,63,63,63,63,63,63,63,63,63,63,63,63],"card_choices":[{"not_picked":["Deadly Poison","Slice"],"picked":"Riddle With Holes","floor":1.0},{"not_picked":["Sucker Punch","Blade Dance"],"picked":"PiercingWail","floor":2.0},{"not_picked":["Leg Sweep","Dodge and Roll"],"picked":"Endless Agony","floor":3.0},{"not_picked":["Grand Finale","Quick Slash","Slice"],"picked":"SKIP","floor":5.0},{"not_picked":["Bane","Choke"],"picked":"Cloak And Dagger","floor":7.0},{"not_picked":["Dagger Spray","Deflect"],"picked":"Noxious Fumes","floor":10.0},{"not_picked":["Grand Finale","Malaise"],"picked":"Doppelganger","floor":16.0},{"not_picked":["Slice","Acrobatics"],"picked":"Backflip","floor":18.0},{"not_picked":["Noxious Fumes","Deadly Poison"],"picked":"Bouncing Flask","floor":21.0},{"not_picked":["Outmaneuver","Noxious Fumes","Bane+1"],"picked":"SKIP","floor":22.0},{"not_picked":["Underhanded Strike+1","Blade Dance"],"picked":"Cloak And Dagger","floor":23.0},{"not_picked":["Corpse Explosion","Underhanded Strike+1"],"picked":"Prepared","floor":28.0},{"not_picked":["Night Terror","Phantasmal Killer"],"picked":"After Image","floor":33},{"not_picked":["Dagger Throw+1","Dodge and Roll"],"picked":"Distraction+1","floor":35},{"not_picked":["Backstab","Dagger Spray"],"picked":"Footwork","floor":37},{"not_picked":["Dagger Spray+1","Deadly Poison","Sucker Punch"],"picked":"SKIP","floor":39},{"not_picked":["Setup","Deflect"],"picked":"Catalyst","floor":41},{"not_picked":["Prepared","Leg Sweep+1","Well Laid Plans+1"],"picked":"SKIP","floor":42},{"not_picked":["Reflex+1","Bane","Noxious Fumes"],"picked":"SKIP","floor":46},{"not_picked":["Deadly Poison+1","Slice+1"],"picked":"Heel Hook+1","floor":48}],"player_experience":475828,"relics_obtained":[{"floor":9.0,"key":"Potion Belt"},{"floor":23.0,"key":"Vajra"},{"floor":26.0,"key":"Shuriken"},{"floor":28.0,"key":"Ice Cream"},{"floor":30.0,"key":"Red Mask"},{"floor":42,"key":"Toxic Egg 2"},{"floor":43,"key":"Orichalcum"},{"floor":46,"key":"Darkstone Periapt"}],"event_choices":[{"damage_healed":0.0,"max_hp_gain":0.0,"max_hp_loss":0.0,"gold_gain":0.0,"event_name":"Golden Idol","player_choice":"Take Damage","floor":4.0,"gold_loss":0.0,"damage_taken":15.0,"relics_obtained":["Golden Idol"]},{"cards_removed":["Strike_G"],"damage_healed":0.0,"max_hp_gain":0.0,"max_hp_loss":0.0,"gold_gain":0.0,"event_name":"The Cleric","player_choice":"Card Removal","floor":12.0,"gold_loss":50.0,"damage_taken":0.0},{"damage_healed":0.0,"max_hp_gain":0.0,"max_hp_loss":0.0,"gold_gain":0.0,"event_name":"Ghosts","player_choice":"Ignored","floor":19.0,"gold_loss":0.0,"damage_taken":0.0},{"damage_healed":0.0,"max_hp_gain":0.0,"max_hp_loss":0.0,"gold_gain":0.0,"event_name":"Addict","player_choice":"Obtained Relic","floor":25.0,"gold_loss":85.0,"damage_taken":0.0,"relics_obtained":["Paper Crane"]},{"damage_healed":0.0,"max_hp_gain":0.0,"max_hp_loss":0.0,"gold_gain":0.0,"event_name":"Masked Bandits","player_choice":"Fought Bandits","floor":30.0,"gold_loss":0.0,"damage_taken":0.0},{"damage_healed":0.0,"max_hp_gain":0.0,"max_hp_loss":0.0,"gold_gain":0.0,"event_name":"Match and Keep!","player_choice":"1 cards matched","floor":31.0,"gold_loss":0.0,"damage_taken":0.0,"cards_obtained":["Backflip"]}],"is_beta":false,"boss_relics":[{"not_picked":["Tiny House","Lizard Tail"],"picked":"Sozu"},{"not_picked":["Fusion Hammer","Busted Crown"],"picked":"Empty Cage"}],"items_purged_floors":[14,36,38],"is_endless":false,"potions_floor_spawned":[1,10,16,23,30,39,41,42,48],"ascension_level":2}