{"path_per_floor":["M","$","?","?","$","M","M","R","T","M","M","$","?","M","R","B",null,"M","?","M","M","?","R","M","M","T","M","$","R","?","M","R","B",null,"M","M","?","?","$","?","M","R","T","M","M","M","$","?","R"],"character_chosen":"THE_SILENT","items_purchased":["Backflip","Noxious Fumes"],"gold_per_floor":[118,24,24,24,24,37,51,51,51,66,84,9,9,21,21,116,116,116,0,12,24,24,24,42,57,110,125,25,25,25,43,43,148,148,166,183,183,283,158,158,177,177,177,188,207,225,75,75,75,75],"floor_reached":50,"campfire_rested":0,"playtime":2815,"item_purchase_floors":[],"current_hp_per_floor":[1,1,6,6,6,4,4,4,4,4,4,4,4,2,2,2,6,6,6,6,6,6,6,2,2,2,2,2,2,2,2,2,2,3,3,3,3,3,3,13,12,12,12,12,12,12,12,10,10,0],"items_purged":["Strike_G","Strike_G","Strike_G","Strike_G"],"gold":75,"score":563,"play_id":"4e3b026c-8ba2-45b6-8767-c753c2ecdfc7","local_time":"20180622151646","is_prod":false,"is_daily":false,"chose_seed":true,"is_ascension_mode":false,"campfire_upgraded":7,"win_rate":0,"timestamp":1529648206,"campfire_choices":[{"data":"Neutralize","floor":8.0,"key":"SMITH"},{"data":"Footwork","floor":15.0,"key":"SMITH"},{"data":"Noxious Fumes","floor":23.0,"key":"SMITH"},{"data":"Prepared","floor":29.0,"key":"SMITH"},{"data":"Burst","floor":32.0,"key":"SMITH"},{"data":"Blur","floor":42.0,"key":"SMITH"},{"data":"Dodge and Roll","floor":49.0,"key":"SMITH"}],"path_taken":["M","$","?","?","?","?","M","R","T","M","?","$","?","M","R","BOSS","M","?","M","M","?","R","M","?","T","M","$","R","?","M","R","BOSS","M","M","?","?","$","?","M","R","T","M","M","M","$","?","R","BOSS"],"build_version":"2018-06-21","seed_source_timestamp":430961562907223,"purchased_purges":4,"circlet_count":0,"victory":false,"master_deck":["Defend_G","Defend_G","Defend_G","Defend_G","Defend_G","Strike_G","Survivor","Footwork+1","Backflip","Noxious Fumes+1","Blur+1","Prepared+1","Tools of the Trade","Underhanded Strike","Dodge and Roll+1","Noxious Fumes+1","PiercingWail+1","Footwork+1","Ghostly","Ghostly","Ghostly","Ghostly","Ghostly","Burst+1","Dodge and Roll+1","Prepared+1","Deadly Poison+1","Madness","Madness"],"max_hp_per_floor":[1,1,6,6,6,6,6,6,6,6,6,6,6,6,6,6,6,6,6,6,6,6,6,6,6,6,6,6,6,3,3,3,3,3,3,3,3,3,3,13,13,13,13,13,13,13,13,13,13,13],"special_seed":118308728274441,"relics":["Ring of the Snake","Turnip","Sozu","Anchor","Black Star","Snake Skull"],"card_choices":[{"not_picked":["Infinite Blades","Acrobatics"],"picked":"Footwork","floor":1.0},{"not_picked":["Concentrate","Deflect"],"picked":"Blur","floor":6.0},{"not_picked":["Dagger Spray","Choke"],"picked":"Prepared","floor":7.0},{"not_picked":["Quick Slash","Slice"],"picked":"Tools of the Trade","floor":10.0},{"not_picked":["Acrobatics","Flechettes"],"picked":"Underhanded Strike","floor":11.0},{"not_picked":["Outmaneuver","Skewer"],"picked":"Dodge and Roll","floor":14.0},{"not_picked":["Calculated Gamble","Masterful Stab"],"picked":"Noxious Fumes","floor":20.0},{"not_picked":["Acrobatics","Outmaneuver"],"picked":"PiercingWail+1","floor":21.0},{"not_picked":["Dagger Spray","Dagger Throw","Prepared"],"picked":"SKIP","floor":24.0},{"not_picked":["Endless Agony","Outmaneuver","Acrobatics"],"picked":"SKIP","floor":25.0},{"not_picked":["Dagger Throw","Outmaneuver","Eviscerate"],"picked":"SKIP","floor":27.0},{"not_picked":["Dagger Throw","Cloak And Dagger"],"picked":"Burst","floor":31.0},{"not_picked":["Grand Finale","Night Terror"],"picked":"Burst","floor":33.0},{"not_picked":["Poisoned Stab","PiercingWail+1","Underhanded Strike"],"picked":"SKIP","floor":35.0},{"not_picked":["Well Laid Plans+1","Bane"],"picked":"Dodge and Roll+1","floor":36.0},{"not_picked":["Dagger Throw","Slice+1"],"picked":"Prepared+1","floor":41.0},{"not_picked":["Caltrops+1","Tools of the Trade"],"picked":"Deadly Poison+1","floor":44.0},{"not_picked":["Flying Knee","Expertise","Dagger Spray"],"picked":"SKIP","floor":45.0},{"not_picked":["Cloak And Dagger","Endless Agony+1","Dagger Throw+1"],"picked":"SKIP","floor":46.0}],"player_experience":525138,"potions_floor_usage":[50],"damage_taken":[{"damage":0.0,"enemies":"2 Louse","floor":1.0,"turns":3.0},{"damage":2.0,"enemies":"Jaw Worm","floor":6.0,"turns":6.0},{"damage":0.0,"enemies":"Cultist","floor":7.0,"turns":6.0},{"damage":0.0,"enemies":"3 Louse","floor":10.0,"turns":4.0},{"damage":0.0,"enemies":"Exordium Wildlife","floor":11.0,"turns":8.0},{"damage":2.0,"enemies":"Red Slaver","floor":14.0,"turns":6.0},{"damage":0.0,"enemies":"The Guardian","floor":16.0,"turns":13.0},{"damage":0.0,"enemies":"2 Thieves","floor":18.0,"turns":1.0},{"damage":0.0,"enemies":"Shell Parasite","floor":20.0,"turns":9.0},{"damage":0.0,"enemies":"Snake Plant","floor":21.0,"turns":6.0},{"damage":4.0,"enemies":"Sentry and Sphere","floor":24.0,"turns":6.0},{"damage":0.0,"enemies":"Snecko","floor":25.0,"turns":8.0},{"damage":0.0,"enemies":"Snake Plant","floor":27.0,"turns":7.0},{"damage":0.0,"enemies":"Slaver and Parasite","floor":31.0,"turns":6.0},{"damage":0.0,"enemies":"Collector","floor":33.0,"turns":15.0},{"damage":0.0,"enemies":"3 Shapes","floor":35.0,"turns":9.0},{"damage":0.0,"enemies":"Orb Walker","floor":36.0,"turns":8.0},{"damage":1.0,"enemies":"4 Shapes","floor":41.0,"turns":8.0},{"damage":0.0,"enemies":"Sphere and 2 Shapes","floor":44.0,"turns":6.0},{"damage":0.0,"enemies":"Maw","floor":45.0,"turns":10.0},{"damage":0.0,"enemies":"4 Shapes","floor":46.0,"turns":8.0},{"damage":16,"enemies":"Time Eater","floor":50,"turns":15}],"relics_obtained":[{"floor":9.0,"key":"Turnip"},{"floor":26.0,"key":"Anchor"},{"floor":43.0,"key":"Snake Skull"}],"event_choices":[{"event_name":"Big Fish","player_choice":"Donut","floor":3.0,"damage_taken":0.0},{"event_name":"The Lab","player_choice":"Got Potions","floor":4.0,"damage_taken":0.0},{"event_name":"Accursed Blacksmith","player_choice":"Forge","floor":13.0,"damage_taken":0.0},{"event_name":"Masked Bandits","player_choice":"Paid Bandits 116 gold","floor":19.0,"damage_taken":0.0},{"event_name":"Duplicator","player_choice":"One dupe","floor":22.0,"damage_taken":0.0},{"event_name":"Ghosts","player_choice":"Became a Ghost","floor":30.0,"damage_taken":0.0},{"event_name":"Falling","player_choice":"Removed Attack","floor":37.0,"damage_taken":0.0},{"event_name":"Golden Shrine","player_choice":"Pray","floor":38.0,"damage_taken":0.0},{"event_name":"Bonfire Elementals","player_choice":"RARE","floor":40.0,"damage_taken":0.0},{"event_name":"Winding Halls","player_choice":"Embrace Madness","floor":48.0,"damage_taken":0.0}],"boss_relics":[{"not_picked":["Philosopher\u0027s Stone","Astrolabe"],"picked":"Sozu"},{"not_picked":["Calling Bell","Velvet Choker"],"picked":"Black Star"}],"items_purged_floors":[],"is_endless":false,"potions_floor_spawned":[1,6,14,20,21,24,25,27,35,41,45],"seed_played":"2484983499354992172","killed_by":"Time Eater","ascension_level":0,"potions_obtained":[{"floor":1.0,"key":"Block Potion"},{"floor":4.0,"key":"SmokeBomb"},{"floor":4.0,"key":"FearPotion"}],"is_trial":true}