{"gold_per_floor":[110,64,139,139,151,151,171,171,171,58,58,70,70,95,95,197,197,210,235,55,55,67,67,96,96,121,152,164,164,184,38,38,38],"floor_reached":33,"playtime":1475,"items_purged":["Strike_R"],"score":309,"play_id":"a4ad26c0-4859-425e-a2cb-ffb2de61afdb","local_time":"20180930012945","is_ascension_mode":true,"campfire_choices":[{"data":"1","floor":6,"key":"LIFT"},{"data":"2","floor":8,"key":"LIFT"},{"data":"3","floor":11,"key":"LIFT"},{"data":"Heavy Blade","floor":13,"key":"SMITH"},{"data":"Double Tap","floor":15,"key":"SMITH"},{"data":"Offering","floor":23,"key":"SMITH"},{"data":"Pummel","floor":25,"key":"SMITH"},{"floor":29,"key":"REST"},{"data":"Demon Form","floor":32,"key":"SMITH"}],"neow_cost":"PERCENT_DAMAGE","seed_source_timestamp":552384068684117,"circlet_count":0,"master_deck":["Strike_R","Strike_R","Strike_R","Strike_R","Defend_R","Defend_R","Defend_R","Defend_R","Bash","Dropkick","Perfected Strike","Heavy Blade+1","Warcry","Spot Weakness","Perfected Strike","Double Tap+1","Offering+1","Dual Wield","Perfected Strike","Mayhem","Rage","Pummel+1","Barricade","Body Slam","Wild Strike","Demon Form+1"],"relics":["Burning Blood","Girya","Mummified Hand","Sundial","Gambling Chip","Runic Cube","Red Mask","Matryoshka","Question Card","Strawberry","Bronze Scales"],"potions_floor_usage":[16,16,24,30,33],"damage_taken":[{"damage":0,"enemies":"Cultist","floor":1,"turns":4},{"damage":7,"enemies":"Jaw Worm","floor":5,"turns":3},{"damage":12,"enemies":"Small Slimes","floor":7,"turns":3},{"damage":9,"enemies":"Red Slaver","floor":12,"turns":2},{"damage":14,"enemies":"Gremlin Nob","floor":14,"turns":3},{"damage":35,"enemies":"Slime Boss","floor":16,"turns":7},{"damage":18,"enemies":"3 Byrds","floor":18,"turns":3},{"damage":16,"enemies":"Masked Bandits","floor":19,"turns":3},{"damage":11,"enemies":"Spheric Guardian","floor":22,"turns":3},{"damage":30,"enemies":"Slavers","floor":24,"turns":3},{"damage":32,"enemies":"Book of Stabbing","floor":27,"turns":3},{"damage":6,"enemies":"Snecko","floor":28,"turns":2},{"damage":15,"enemies":"Snake Plant","floor":30,"turns":3},{"damage":29,"enemies":"Collector","floor":33,"turns":4}],"seed_played":"4526547904841400159","potions_obtained":[{"floor":5,"key":"Strength Potion"},{"floor":14,"key":"Regen Potion"},{"floor":19,"key":"Poison Potion"},{"floor":22,"key":"Swift Potion"},{"floor":28,"key":"PowerPotion"}],"is_trial":false,"path_per_floor":["M","$","?","T","M","R","M","R","T","$","R","M","R","E","R","B",null,"M","?","$","?","M","R","E","R","T","E","M","R","M","$","R"],"character_chosen":"IRONCLAD","items_purchased":["Perfected Strike","Spot Weakness","Mayhem","Demon Form"],"campfire_rested":1,"item_purchase_floors":[2,10,20,31],"current_hp_per_floor":[62,62,51,51,50,50,44,44,44,44,44,41,41,33,33,16,80,68,58,58,58,53,53,29,29,36,10,10,36,27,27,27,0],"gold":38,"neow_bonus":"ONE_RARE_RELIC","is_prod":false,"is_daily":false,"chose_seed":false,"campfire_upgraded":5,"win_rate":0,"timestamp":1538296185,"path_taken":["M","?","?","?","M","R","M","R","T","$","R","M","R","E","R","BOSS","M","?","$","?","?","R","E","R","T","E","M","R","M","$","R","BOSS"],"build_version":"2018-09-27","purchased_purges":1,"victory":false,"max_hp_per_floor":[80,80,80,80,80,80,80,80,80,80,80,80,80,80,80,80,80,80,80,80,80,80,80,80,80,87,87,87,87,87,87,87,87],"card_choices":[{"not_picked":["True Grit","Sword Boomerang"],"picked":"Dropkick","floor":1},{"not_picked":["Cleave","Anger"],"picked":"Heavy Blade","floor":5},{"not_picked":["Twin Strike","Sentinel"],"picked":"Warcry","floor":7},{"not_picked":["Warcry","Headbutt"],"picked":"Perfected Strike","floor":12},{"not_picked":["Rampage","Intimidate"],"picked":"Double Tap","floor":14},{"not_picked":["Double Tap","Juggernaut"],"picked":"Offering","floor":16},{"not_picked":["Armaments","Wild Strike"],"picked":"Dual Wield","floor":18},{"not_picked":["Disarm","Wild Strike"],"picked":"Perfected Strike","floor":19},{"not_picked":["True Grit","Clothesline"],"picked":"Rage","floor":22},{"not_picked":["Armaments","Headbutt+1"],"picked":"Pummel","floor":24},{"not_picked":["Intimidate+1","Cleave","Perfected Strike"],"picked":"Barricade","floor":27},{"not_picked":["Iron Wave","Warcry","Armaments"],"picked":"Body Slam","floor":28},{"not_picked":["Shrug It Off+1","Uppercut","Corruption"],"picked":"Wild Strike","floor":30}],"player_experience":199226,"relics_obtained":[{"floor":4,"key":"Mummified Hand"},{"floor":9,"key":"Sundial"},{"floor":14,"key":"Gambling Chip"},{"floor":19,"key":"Red Mask"},{"floor":24,"key":"Matryoshka"},{"floor":26,"key":"Question Card"},{"floor":26,"key":"Strawberry"},{"floor":27,"key":"Bronze Scales"}],"event_choices":[{"event_name":"World of Goop","player_choice":"Gather Gold","floor":3,"damage_taken":0},{"event_name":"Masked Bandits","player_choice":"Fought Bandits","floor":19,"damage_taken":0},{"event_name":"Ghosts","player_choice":"Ignored","floor":21,"damage_taken":0}],"is_beta":false,"boss_relics":[{"not_picked":["Runic Dome","Fusion Hammer"],"picked":"Runic Cube"}],"items_purged_floors":[10],"is_endless":false,"potions_floor_spawned":[5,14,19,22,28],"killed_by":"Collector","ascension_level":2}