{"gold_per_floor":[113,113,38,38,52,52,87,87,111,286,286,51,126,141,141,245,245,258,270,77,97,367,367,217,217],"floor_reached":25,"playtime":2282,"items_purged":["Strike_R","Doubt","Strike_R","Strike_R"],"score":236,"play_id":"0b37f23c-34cf-403f-9b7e-8fe3d600dc34","local_time":"20181104144429","is_ascension_mode":true,"campfire_choices":[{"data":"True Grit","floor":6.0,"key":"SMITH"},{"floor":8.0,"key":"REST"},{"data":"Bash","floor":11.0,"key":"SMITH"},{"data":"Pommel Strike","floor":15,"key":"SMITH"},{"data":"Armaments","floor":23,"key":"SMITH"}],"neow_cost":"NONE","seed_source_timestamp":2094461245936164,"circlet_count":0,"master_deck":["Strike_R","Defend_R","Defend_R","Defend_R","Defend_R","Bash+1","Cleave","True Grit+1","Clothesline","Flash of Steel","Pommel Strike+1","Shockwave","Feed","Armaments+1","Searing Blow","Rampage","Cleave","Discovery"],"special_seed":0,"relics":["Burning Blood","PreservedInsect","Lantern","Art of War","Anchor","Coffee Dripper"],"potions_floor_usage":[16,25,25],"damage_taken":[{"damage":4.0,"enemies":"Small Slimes","floor":1.0,"turns":5.0},{"damage":7.0,"enemies":"Jaw Worm","floor":5.0,"turns":3.0},{"damage":52.0,"enemies":"Lagavulin","floor":7.0,"turns":9.0},{"damage":0.0,"enemies":"2 Louse","floor":14.0,"turns":3.0},{"damage":43,"enemies":"The Guardian","floor":16,"turns":12},{"damage":15,"enemies":"Spheric Guardian","floor":18,"turns":4},{"damage":13,"enemies":"3 Byrds","floor":19,"turns":6},{"damage":4,"enemies":"Centurion and Healer","floor":21,"turns":4},{"damage":20,"enemies":"Sentry and Sphere","floor":25,"turns":5}],"seed_played":"-5245814606739106504","potions_obtained":[{"floor":7.0,"key":"SpeedPotion"},{"floor":21,"key":"EssenceOfSteel"}],"is_trial":false,"path_per_floor":["M","?","$","?","M","R","E","R","T","?","R","$","?","M","M","R","B",null,"M","M","$","M","?","R","$","M"],"character_chosen":"IRONCLAD","items_purchased":["Flash of Steel","Pommel Strike","Rampage"],"campfire_rested":1,"item_purchase_floors":[12,12,20],"current_hp_per_floor":[80,77,77,77,76,76,30,54,54,54,54,54,43,49,49,12,80,71,67,67,72,16,16,16,0],"gold":217,"neow_bonus":"RANDOM_COMMON_RELIC","is_prod":false,"is_daily":false,"chose_seed":false,"campfire_upgraded":4,"win_rate":0,"timestamp":1541339069,"path_taken":["M","?","$","?","M","R","E","R","T","?","R","$","?","M","R","BOSS","M","M","$","M","?","R","$","M"],"build_version":"2018-11-02","purchased_purges":4,"victory":false,"max_hp_per_floor":[80,80,80,80,80,80,80,80,80,80,80,80,80,80,80,80,80,80,83,83,86,86,86,86,90],"card_choices":[{"not_picked":["Pummel","Bloodletting"],"picked":"Cleave","floor":1.0},{"not_picked":["Reckless Charge","Pommel Strike"],"picked":"True Grit","floor":5.0},{"not_picked":["Cleave","Thunderclap"],"picked":"Clothesline","floor":7.0},{"not_picked":["Perfected Strike","Havoc"],"picked":"Shockwave","floor":14},{"not_picked":["Immolate","Exhume"],"picked":"Feed","floor":16},{"not_picked":["Searing Blow+1","Pommel Strike"],"picked":"Armaments","floor":18},{"not_picked":["Rampage","Armaments"],"picked":"Searing Blow","floor":19},{"not_picked":["Carnage","Anger"],"picked":"Cleave","floor":21}],"player_experience":224874,"relics_obtained":[{"floor":7.0,"key":"Art of War"},{"floor":9.0,"key":"Anchor"}],"event_choices":[{"damage_healed":0.0,"max_hp_gain":0.0,"max_hp_loss":0.0,"gold_gain":0.0,"event_name":"Scrap Ooze","player_choice":"Success","floor":2.0,"gold_loss":0.0,"damage_taken":3.0,"relics_obtained":["Lantern"]},{"cards_removed":["Strike_R"],"damage_healed":0.0,"max_hp_gain":0.0,"max_hp_loss":0.0,"gold_gain":0.0,"event_name":"Living Wall","player_choice":"Forget","floor":4.0,"gold_loss":0.0,"damage_taken":0.0},{"damage_healed":0.0,"max_hp_gain":0.0,"max_hp_loss":0.0,"gold_gain":175.0,"event_name":"Liars Game","player_choice":"AGREE","floor":10.0,"gold_loss":0.0,"damage_taken":0.0,"cards_obtained":["Doubt"]},{"damage_healed":0.0,"max_hp_gain":0.0,"max_hp_loss":0.0,"gold_gain":75.0,"event_name":"World of Goop","player_choice":"Gather Gold","floor":13.0,"gold_loss":0.0,"damage_taken":11.0},{"damage_healed":0,"gold_gain":270,"player_choice":"GOLD GOLD POTION POTION CARD GOLD ","damage_taken":56,"max_hp_gain":0,"max_hp_loss":0,"event_name":"Knowing Skull","floor":22,"potions_obtained":["Strength Potion","EssenceOfSteel"],"gold_loss":0,"cards_obtained":["Discovery"]}],"is_beta":true,"boss_relics":[{"not_picked":["Runic Dome","Sozu"],"picked":"Coffee Dripper"}],"items_purged_floors":[3,12,20,24],"is_endless":false,"potions_floor_spawned":[7,21],"killed_by":"Sentry and Sphere","ascension_level":4}