{"gold_per_floor":[115,115,115,127,147,182,55,55],"floor_reached":8,"playtime":242,"items_purged":[],"score":104,"play_id":"e8d857f5-f7d8-4feb-b471-c51cfd691534","local_time":"20190116121355","is_ascension_mode":true,"campfire_choices":[],"neow_cost":"NONE","seed_source_timestamp":503919870993300,"circlet_count":0,"master_deck":["AscendersBane","Strike_B","Strike_B","Strike_B","Strike_B","Defend_B","Defend_B","Defend_B","Defend_B","Zap","Dualcast","Rip and Tear","Compile Driver","Glacier","Coolheaded","Defragment","Sunder"],"relics":["Cracked Core","NeowsBlessing","Anchor","DataDisk","Gambling Chip"],"potions_floor_usage":[6,6],"damage_taken":[{"damage":0,"enemies":"2 Louse","floor":1,"turns":1},{"damage":0,"enemies":"Jaw Worm","floor":4,"turns":1},{"damage":0,"enemies":"Cultist","floor":5,"turns":1},{"damage":14,"enemies":"Gremlin Nob","floor":6,"turns":4},{"damage":32,"enemies":"The Mushroom Lair","floor":8,"turns":3}],"seed_played":"7372752432767365148","potions_obtained":[{"floor":1,"key":"FearPotion"},{"floor":4,"key":"SteroidPotion"},{"floor":5,"key":"FocusPotion"}],"is_trial":false,"path_per_floor":["M","?","?","M","M","E","$","?"],"character_chosen":"DEFECT","items_purchased":["Defragment","Sunder"],"campfire_rested":0,"item_purchase_floors":[7,7],"current_hp_per_floor":[64,38,38,38,38,24,24,0],"gold":55,"neow_bonus":"THREE_ENEMY_KILL","is_prod":false,"is_daily":false,"chose_seed":false,"campfire_upgraded":0,"win_rate":0,"timestamp":1547669635,"path_taken":["M","?","?","?","M","E","$","?"],"build_version":"2019-01-10","purchased_purges":0,"victory":false,"max_hp_per_floor":[71,71,71,71,71,71,71,71],"card_choices":[{"not_picked":["Undo","Auto Shields"],"picked":"Rip and Tear","floor":1},{"not_picked":["Heatsinks","Leap"],"picked":"Compile Driver","floor":4},{"not_picked":["Go for the Eyes","FTL"],"picked":"Glacier","floor":5},{"not_picked":["Streamline","Meteor Strike"],"picked":"Coolheaded","floor":6}],"player_experience":501100,"relics_obtained":[{"floor":6,"key":"Gambling Chip"}],"event_choices":[{"damage_healed":0,"gold_gain":0,"player_choice":"Success","damage_taken":26,"relics_obtained":["Anchor"],"max_hp_gain":0,"max_hp_loss":0,"event_name":"Scrap Ooze","floor":2,"gold_loss":0},{"damage_healed":0,"gold_gain":0,"player_choice":"Gave Potion","damage_taken":0,"relics_obtained":["DataDisk"],"max_hp_gain":0,"max_hp_loss":0,"event_name":"WeMeetAgain","floor":3,"gold_loss":0},{"damage_healed":0,"gold_gain":0,"player_choice":"Fought Mushrooms","damage_taken":0,"max_hp_gain":0,"max_hp_loss":0,"event_name":"Mushrooms","floor":8,"gold_loss":0}],"is_beta":false,"boss_relics":[],"items_purged_floors":[],"is_endless":false,"potions_floor_spawned":[1,4,5],"killed_by":"The Mushroom Lair","ascension_level":17}