{"path_per_floor":["M","$","M","?","$","R","M","R","T","R","$","M","T","M","R","B",null,"M","$","?","?","$","R","?","M","T","R","M","R","M","?","R"],"character_chosen":"IRONCLAD","items_purchased":["Bandage Up"],"gold_per_floor":[109,34,44,44,44,44,55,55,55,55,55,68,138,151,151,251,251,268,73,73,73,73,73,73,90,140,140,159,159,179,94,94],"floor_reached":33,"campfire_rested":1,"playtime":504,"current_hp_per_floor":[80,80,75,75,75,75,71,71,71,71,71,66,66,62,62,20,80,69,69,69,69,69,69,75,29,29,29,31,31,33,33,58],"items_purged":["Defend_R","Defend_R"],"gold":94,"score":233,"play_id":"22fda23f-38c4-4366-8a66-4e57c3b03251","local_time":"20180303193907","is_prod":false,"is_daily":false,"is_ascension_mode":false,"campfire_upgraded":7,"timestamp":1520073547,"path_taken":["M","?","M","?","$","R","M","R","T","R","?","?","?","M","R","BOSS","M","$","?","?","?","R","?","?","T","R","M","R","M","?","R","BOSS"],"build_version":"2018-03-01-PROD1","purchased_purges":2,"victory":false,"master_deck":["Strike_R","Strike_R","Strike_R","Strike_R","Bash","Clash","Searing Blow+7","Bludgeon","Inflame","Clash","Limit Break","Thunderclap","Bandage Up","Pummel","Writhe","Flex"],"max_hp_per_floor":[80,80,80,80,80,80,80,80,80,80,80,80,80,80,80,80,80,80,80,80,80,80,80,86,86,86,86,86,86,86,86,86],"relics":["Burning Blood","Bronze Scales","Darkstone Periapt","Mark of Pain","Lantern","Prayer Wheel","Gremlin Horn"],"card_choices":[{"not_picked":["Havoc","Rampage"],"picked":"Clash"},{"not_picked":["Dropkick","Seeing Red"],"picked":"Bludgeon"},{"not_picked":["Dual Wield","Hemokinesis"],"picked":"Inflame"},{"not_picked":["Shrug It Off","Rampage"],"picked":"Clash"},{"not_picked":["Exhume","Impervious"],"picked":"Limit Break"},{"not_picked":["Heavy Blade","Shrug It Off"],"picked":"Thunderclap"},{"not_picked":["Sword Boomerang","Entrench"],"picked":"Flex"}],"player_experience":252554,"potions_floor_usage":[33,33],"damage_taken":[{"damage":6,"enemies":"Cultist","floor":1,"turns":3},{"damage":11,"enemies":"Jaw Worm","floor":3,"turns":2},{"damage":10,"enemies":"2 Louse","floor":7,"turns":2},{"damage":11,"enemies":"Exordium Wildlife","floor":12,"turns":2},{"damage":10,"enemies":"Looter","floor":14,"turns":2},{"damage":48,"enemies":"Hexaghost","floor":16,"turns":5},{"damage":17,"enemies":"3 Byrds","floor":18,"turns":4},{"damage":56,"enemies":"2 Thieves","floor":25,"turns":4},{"damage":8,"enemies":"Snecko","floor":28,"turns":3},{"damage":8,"enemies":"Centurion and Healer","floor":30,"turns":3},{"damage":72,"enemies":"Collector","floor":33,"turns":5}],"event_choices":[{"event_name":"Transmorgrifier","player_choice":"Transform","floor":4,"damage_taken":0},{"event_name":"The Library","player_choice":"Read","floor":20,"damage_taken":0},{"event_name":"Purifier","player_choice":"One Purge","floor":21,"damage_taken":0},{"event_name":"The Mausoleum","player_choice":"Yes","floor":24,"damage_taken":0},{"event_name":"Addict","player_choice":"Obtained Relic","floor":31,"damage_taken":0}],"boss_relics":[{"not_picked":["White Beast Statue","Black Star"],"picked":"Mark of Pain"}],"potions_floor_spawned":[1,3,12,14,28,30],"seed_played":"1898115774720329620","killed_by":"Collector","ascension_level":0,"is_trial":false}