{"gold_per_floor":[116,41,41,57,57,57,92,92,115,130,130,30,62,76,76,76],"floor_reached":16,"playtime":510,"items_purged":["Strike_R","Defend_R"],"score":113,"play_id":"897d9533-cf77-4909-9df0-b16061d174c2","local_time":"20190125182834","is_ascension_mode":true,"campfire_choices":[{"data":"Bash","floor":6,"key":"SMITH"},{"floor":8,"key":"REST"},{"data":"Battle Trance","floor":15,"key":"SMITH"}],"neow_cost":"NONE","seed_source_timestamp":1437013199565784,"circlet_count":0,"master_deck":["Strike_R","Strike_R","Strike_R","Defend_R","Defend_R","Defend_R","Bash+1","Battle Trance+1"],"relics":["Burning Blood","Vajra","Blood Vial","Anchor","Art of War","Bag of Preparation"],"potions_floor_usage":[13,16],"damage_taken":[{"damage":2,"enemies":"2 Louse","floor":1,"turns":3},{"damage":6,"enemies":"Cultist","floor":4,"turns":3},{"damage":50,"enemies":"Lagavulin","floor":7,"turns":9},{"damage":0,"enemies":"Small Slimes","floor":10,"turns":3},{"damage":21,"enemies":"3 Sentries","floor":13,"turns":8},{"damage":13,"enemies":"Exordium Thugs","floor":14,"turns":5},{"damage":59,"enemies":"Slime Boss","floor":16,"turns":5}],"seed_played":"-7108117366730280717","potions_obtained":[{"floor":1,"key":"Regen Potion"},{"floor":14,"key":"SkillPotion"}],"is_trial":false,"path_per_floor":["M","$","?","M","?","R","E","R","T","M","?","$","E","M","R","B"],"character_chosen":"IRONCLAD","items_purchased":[],"campfire_rested":1,"item_purchase_floors":[],"current_hp_per_floor":[80,80,80,80,68,68,26,50,50,58,58,58,60,55,55,0],"gold":76,"neow_bonus":"RANDOM_COMMON_RELIC","is_prod":false,"is_daily":false,"chose_seed":false,"campfire_upgraded":2,"win_rate":0,"timestamp":1548458914,"path_taken":["M","$","?","?","?","R","E","R","T","M","?","$","E","M","R","BOSS"],"build_version":"2019-01-23","purchased_purges":2,"victory":false,"max_hp_per_floor":[80,80,80,80,80,80,80,80,80,80,80,80,80,80,80,80],"card_choices":[{"not_picked":["Feel No Pain","Intimidate","Heavy Blade"],"picked":"SKIP","floor":1},{"not_picked":["Anger","Iron Wave","Sever Soul"],"picked":"SKIP","floor":4},{"not_picked":["Iron Wave","Havoc","Demon Form"],"picked":"SKIP","floor":7},{"not_picked":["Heavy Blade","Perfected Strike"],"picked":"Battle Trance","floor":10},{"not_picked":["Heavy Blade","Clothesline","Perfected Strike"],"picked":"SKIP","floor":13},{"not_picked":["Heavy Blade","Ghostly Armor","Flex"],"picked":"SKIP","floor":14}],"player_experience":512294,"relics_obtained":[{"floor":7,"key":"Anchor"},{"floor":9,"key":"Art of War"},{"floor":13,"key":"Bag of Preparation"}],"event_choices":[{"damage_healed":0,"gold_gain":0,"player_choice":"Ignored","damage_taken":0,"max_hp_gain":0,"max_hp_loss":0,"event_name":"NoteForYourself","floor":3,"gold_loss":0},{"damage_healed":0,"gold_gain":0,"player_choice":"Success","damage_taken":12,"relics_obtained":["Blood Vial"],"max_hp_gain":0,"max_hp_loss":0,"event_name":"Scrap Ooze","floor":5,"gold_loss":0},{"cards_removed":["Strike_R"],"damage_healed":0,"gold_gain":0,"player_choice":"Forget","damage_taken":0,"max_hp_gain":0,"max_hp_loss":0,"event_name":"Living Wall","floor":11,"gold_loss":0}],"is_beta":true,"boss_relics":[],"items_purged_floors":[2,12],"is_endless":false,"potions_floor_spawned":[1,14],"killed_by":"Slime Boss","ascension_level":1}