{"path_per_floor":["M","$","?","M","?","E","M","R","T","M","R","E","M","M","R","B",null,"M","M","?","?","M","R","M","R","T","M","?","M","$","M","R","B",null,"M","M","M","?","?","R","M","R","T","E","?","R","?","M","R","B"],"character_chosen":"DEFECT","items_purchased":["Apotheosis","Bottled Lightning","Self Repair"],"gold_per_floor":[212,21,21,34,34,69,80,80,80,94,94,127,143,155,155,253,253,263,283,283,283,297,297,308,308,308,328,328,344,20,30,30,129,129,139,150,169,169,169,169,187,187,187,220,220,220,0,12,12,12],"floor_reached":51,"campfire_rested":4,"playtime":2198,"item_purchase_floors":[2,30,30],"current_hp_per_floor":[66,66,63,56,56,38,38,38,38,31,31,27,24,17,17,11,59,56,46,32,32,22,22,14,38,38,30,30,32,32,47,71,62,76,80,78,65,65,65,80,80,80,80,67,57,80,80,80,80,55],"items_purged":[],"gold":12,"score":979,"play_id":"1c207c3c-dd88-443d-bf3c-c12e97fe7854","local_time":"20180615165441","is_prod":false,"is_daily":false,"chose_seed":false,"is_ascension_mode":true,"campfire_upgraded":6,"win_rate":0,"timestamp":1529049281,"campfire_choices":[{"data":"Apotheosis","floor":8,"key":"SMITH"},{"data":"Defragment","floor":11,"key":"SMITH"},{"data":"Static Discharge","floor":15,"key":"SMITH"},{"data":"Seek","floor":23,"key":"SMITH"},{"floor":25,"key":"REST"},{"floor":32,"key":"REST"},{"floor":40,"key":"REST"},{"data":"Machine Learning","floor":42,"key":"SMITH"},{"floor":46,"key":"REST"},{"data":"Glacier","floor":49,"key":"SMITH"}],"path_taken":["M","$","?","?","?","E","M","R","T","M","R","E","?","M","R","BOSS","M","M","?","?","M","R","M","R","T","M","?","M","?","?","R","BOSS","M","M","M","?","?","R","M","R","T","E","?","R","?","M","R","BOSS"],"build_version":"2018-06-14v2","seed_source_timestamp":128791144309234,"purchased_purges":0,"victory":true,"master_deck":["Strike_B+1","Strike_B+1","Strike_B+1","Strike_B+1","Defend_B+1","Defend_B+1","Defend_B+1","Defend_B+1","Zap","Dualcast","Defragment+1","Apotheosis+1","Ball Lightning","Hologram","Gash","Static Discharge+1","Steam","Conserve Battery","Cold Snap","Seek+1","Glacier+1","Leap","Capacitor","Defragment+1","Hologram+1","Coolheaded+1","Self Repair","Skim+1","Static Discharge","Machine Learning+1","Redo","Madness","Madness","Rebound+1"],"max_hp_per_floor":[75,75,75,75,75,75,75,75,75,75,75,75,75,75,75,75,75,75,75,80,80,80,80,80,80,80,80,80,80,80,80,80,80,80,80,80,80,80,80,80,80,80,80,80,80,80,80,80,80,80],"relics":["Cracked Core","Ginger","Boot","Incense Burner","Dream Catcher","Cursed Key","Molten Egg 2","Meat on the Bone","Bottled Lightning","Busted Crown","Happy Flower","Red Mask"],"card_choices":[{"not_picked":["Stack","Barrage"],"picked":"Defragment","floor":1},{"not_picked":["Hello World","Cold Snap"],"picked":"Ball Lightning","floor":4},{"not_picked":["Skim","Storm"],"picked":"Hologram","floor":6},{"not_picked":["Ball Lightning","BootSequence"],"picked":"Gash","floor":7},{"not_picked":["Leap","Undo"],"picked":"Static Discharge","floor":10},{"not_picked":["Double Energy","Barrage"],"picked":"Steam","floor":12},{"not_picked":["Hologram","Sweeping Beam"],"picked":"Conserve Battery","floor":13},{"not_picked":["Barrage","Streamline"],"picked":"Cold Snap","floor":14},{"not_picked":["Amplify","Biased Cognition"],"picked":"Seek","floor":16},{"not_picked":["Beam Cell","Aggregate","Conserve Battery"],"picked":"SKIP","floor":18},{"not_picked":["Reprogram","Steam"],"picked":"Glacier","floor":19},{"not_picked":["Redo","Conserve Battery"],"picked":"Leap","floor":22},{"not_picked":["Ball Lightning","Tempest+1"],"picked":"Capacitor","floor":24},{"not_picked":["Machine Learning","Sweeping Beam"],"picked":"Defragment+1","floor":25},{"not_picked":["Barrage+1","Steam"],"picked":"Hologram+1","floor":27},{"not_picked":["Compile Driver+1","Steam"],"picked":"Coolheaded+1","floor":29},{"not_picked":["Stack","Redo"],"picked":"Skim+1","floor":31},{"not_picked":["Fusion","Heatsinks"],"picked":"Static Discharge","floor":32},{"not_picked":["Amplify","Seek"],"picked":"Machine Learning","floor":33},{"not_picked":["Redo"],"picked":"SKIP","floor":35},{"not_picked":[],"picked":"Redo","floor":35},{"not_picked":["Redo+1"],"picked":"SKIP","floor":36},{"not_picked":["Heatsinks+1"],"picked":"SKIP","floor":37},{"not_picked":["Conserve Battery+1"],"picked":"SKIP","floor":41},{"not_picked":["Streamline+1"],"picked":"SKIP","floor":44},{"not_picked":[],"picked":"Rebound+1","floor":48}],"player_experience":519333,"potions_floor_usage":[6,12,16,27,33,33,44,44,50,50],"damage_taken":[{"damage":2,"enemies":"2 Louse","floor":1,"turns":2},{"damage":7,"enemies":"Jaw Worm","floor":4,"turns":4},{"damage":18,"enemies":"Gremlin Nob","floor":6,"turns":4},{"damage":0,"enemies":"Cultist","floor":7,"turns":2},{"damage":7,"enemies":"Looter","floor":10,"turns":3},{"damage":4,"enemies":"Lagavulin","floor":12,"turns":6},{"damage":3,"enemies":"3 Louse","floor":13,"turns":2},{"damage":7,"enemies":"Blue Slaver","floor":14,"turns":4},{"damage":6,"enemies":"Hexaghost","floor":16,"turns":8},{"damage":3,"enemies":"Shell Parasite","floor":18,"turns":5},{"damage":10,"enemies":"Spheric Guardian","floor":19,"turns":3},{"damage":10,"enemies":"Snecko","floor":22,"turns":6},{"damage":8,"enemies":"Snake Plant","floor":24,"turns":3},{"damage":8,"enemies":"Cultist and Chosen","floor":27,"turns":7},{"damage":10,"enemies":"Snecko","floor":29,"turns":6},{"damage":7,"enemies":"Centurion and Healer","floor":31,"turns":7},{"damage":31,"enemies":"Automaton","floor":33,"turns":10},{"damage":0,"enemies":"Orb Walker","floor":35,"turns":5},{"damage":12,"enemies":"3 Darklings","floor":36,"turns":5},{"damage":13,"enemies":"Sphere and 2 Shapes","floor":37,"turns":6},{"damage":0,"enemies":"Maw","floor":41,"turns":7},{"damage":23,"enemies":"2 Orb Walkers","floor":44,"turns":6},{"damage":0,"enemies":"3 Darklings","floor":48,"turns":7},{"damage":47,"enemies":"Donu and Deca","floor":50,"turns":10}],"relics_obtained":[{"floor":6,"key":"Boot"},{"floor":9,"key":"Incense Burner"},{"floor":12,"key":"Dream Catcher"},{"floor":26,"key":"Molten Egg 2"},{"floor":44,"key":"Happy Flower"}],"event_choices":[{"event_name":"Scrap Ooze","player_choice":"success","floor":3,"damage_taken":3},{"event_name":"The Cleric","player_choice":"Leave","floor":5,"damage_taken":0},{"event_name":"Forgotten Altar","player_choice":"Shed Blood","floor":20,"damage_taken":0},{"event_name":"Back to Basics","player_choice":"Simplicity","floor":21,"damage_taken":0},{"event_name":"The Mausoleum","player_choice":"Yes","floor":28,"damage_taken":0},{"event_name":"Fountain of Cleansing","player_choice":"Removed Curse","floor":38,"damage_taken":0},{"event_name":"The Lab","player_choice":"Got Potions","floor":39,"damage_taken":0},{"event_name":"Winding Halls","player_choice":"Embrace Madness","floor":45,"damage_taken":0},{"event_name":"Tomb of Lord Red Mask","player_choice":"Paid","floor":47,"damage_taken":0}],"boss_relics":[{"not_picked":["Eternal Feather","Snecko Eye"],"picked":"Cursed Key"},{"not_picked":["Calling Bell","Tiny House"],"picked":"Busted Crown"}],"items_purged_floors":[],"is_endless":false,"potions_floor_spawned":[1,6,7,16,22,24,31,35,41,44],"seed_played":"3643855792344362707","ascension_level":9,"potions_obtained":[{"floor":1,"key":"Block Potion"},{"floor":6,"key":"Block Potion"},{"floor":7,"key":"LiquidBronze"},{"floor":16,"key":"PowerPotion"},{"floor":22,"key":"SkillPotion"},{"floor":24,"key":"GamblersBrew"},{"floor":31,"key":"Explosive Potion"},{"floor":35,"key":"Ancient Potion"},{"floor":39,"key":"FocusPotion"},{"floor":39,"key":"Block Potion"},{"floor":44,"key":"LiquidBronze"}],"is_trial":false}