{"gold_per_floor":[112,126,126,141,66,66,96,96,174,188,198,210,222,232,232,328,328,348,348,623,638,469,469,479,506,506,506,533,543,575,594,594,594],"floor_reached":33,"playtime":4983,"items_purged":["Defend_B","Strike_B"],"score":435,"play_id":"9ce72f8b-6bad-456b-8b73-69f8f07291e7","local_time":"20181118141707","is_ascension_mode":true,"campfire_choices":[{"data":"Zap","floor":6.0,"key":"SMITH"},{"data":"Dualcast","floor":8.0,"key":"SMITH"},{"floor":15.0,"key":"REST"},{"floor":23.0,"key":"REST"},{"floor":27.0,"key":"REST"},{"floor":32,"key":"REST"}],"neow_cost":"NONE","seed_source_timestamp":0,"circlet_count":0,"master_deck":["Strike_B","Strike_B","Defend_B","Defend_B","Defend_B","Zap+1","Dualcast+1","Ball Lightning","Undo","Coolheaded","Sunder","Go for the Eyes","Scrape","BootSequence","Go for the Eyes","Loop+1","Creative AI+1","Auto Shields","Chill","FTL","Conserve Battery","Doom and Gloom","Darkness+1","Sunder+1","Barrage","Cold Snap+1"],"special_seed":0,"relics":["FrozenCore","Pen Nib","Omamori","Frozen Egg 2","Incense Burner","Bronze Scales","Gremlin Horn","StoneCalendar"],"potions_floor_usage":[33,33,33],"damage_taken":[{"damage":0.0,"enemies":"Small Slimes","floor":1.0,"turns":3.0},{"damage":1.0,"enemies":"Cultist","floor":2.0,"turns":3.0},{"damage":2.0,"enemies":"2 Louse","floor":4.0,"turns":3.0},{"damage":20.0,"enemies":"Gremlin Nob","floor":7.0,"turns":3.0},{"damage":18.0,"enemies":"Lots of Slimes","floor":10.0,"turns":3.0},{"damage":1.0,"enemies":"Gremlin Gang","floor":11.0,"turns":4.0},{"damage":0.0,"enemies":"Large Slime","floor":12.0,"turns":1.0},{"damage":0.0,"enemies":"3 Louse","floor":13.0,"turns":2.0},{"damage":8.0,"enemies":"Exordium Thugs","floor":14.0,"turns":3.0},{"damage":10.0,"enemies":"The Guardian","floor":16.0,"turns":9.0},{"damage":3.0,"enemies":"Shell Parasite","floor":18.0,"turns":5.0},{"damage":1.0,"enemies":"Chosen","floor":21.0,"turns":6.0},{"damage":14.0,"enemies":"Sentry and Sphere","floor":24.0,"turns":6.0},{"damage":19.0,"enemies":"Gremlin Leader","floor":25.0,"turns":10.0},{"damage":30.0,"enemies":"Slavers","floor":28.0,"turns":8.0},{"damage":4.0,"enemies":"Snake Plant","floor":29.0,"turns":4.0},{"damage":1.0,"enemies":"Gremlin Leader","floor":30.0,"turns":6.0},{"damage":17.0,"enemies":"3 Cultists","floor":31.0,"turns":5.0},{"damage":46,"enemies":"Automaton","floor":33,"turns":6}],"seed_played":"-6891104774812132037","potions_obtained":[{"floor":4.0,"key":"Strength Potion"},{"floor":13.0,"key":"SkillPotion"},{"floor":14.0,"key":"Poison Potion"},{"floor":24.0,"key":"Ancient Potion"},{"floor":25.0,"key":"EssenceOfSteel"},{"floor":30.0,"key":"FocusPotion"}],"is_trial":false,"path_per_floor":["M","M","?","M","$","R","E","R","T","M","M","M","M","M","R","B",null,"M","?","?","M","$","R","M","E","T","R","E","M","E","M","R","B"],"character_chosen":"DEFECT","items_purchased":["FTL"],"campfire_rested":4,"item_purchase_floors":[22],"current_hp_per_floor":[68,67,67,65,65,65,45,45,45,27,26,26,26,18,40,30,64,61,47,47,46,46,70,56,37,37,61,31,27,26,9,33,0],"gold":594,"neow_bonus":"RANDOM_COMMON_RELIC","is_prod":false,"is_daily":false,"chose_seed":false,"campfire_upgraded":2,"win_rate":0,"timestamp":1542547027,"path_taken":["M","M","?","M","$","R","E","R","T","M","M","M","?","M","R","BOSS","M","?","?","?","$","R","M","E","T","R","E","M","E","?","R","BOSS"],"build_version":"2018-11-15","purchased_purges":2,"victory":false,"max_hp_per_floor":[75,75,75,75,75,75,75,75,75,75,75,75,75,75,75,75,75,75,80,80,80,80,80,80,80,80,80,80,80,80,80,80,80],"card_choices":[{"not_picked":["Stack","Turbo"],"picked":"Ball Lightning","floor":1.0},{"not_picked":["Double Energy","Steam"],"picked":"Undo","floor":2.0},{"not_picked":["Streamline","Reinforced Body"],"picked":"Coolheaded","floor":4.0},{"not_picked":["Melter","Steam"],"picked":"Sunder","floor":7.0},{"not_picked":["Sweeping Beam","Reprogram"],"picked":"Go for the Eyes","floor":10.0},{"not_picked":["Reprogram","Doom and Gloom"],"picked":"Scrape","floor":11.0},{"not_picked":["Auto Shields","Skim"],"picked":"BootSequence","floor":12.0},{"not_picked":["Sweeping Beam","Auto Shields"],"picked":"Go for the Eyes","floor":13.0},{"not_picked":["Steam","Glacier"],"picked":"Loop+1","floor":14.0},{"not_picked":["Meteor Strike","Thunder Strike"],"picked":"Creative AI+1","floor":16.0},{"not_picked":["Go for the Eyes","Turbo"],"picked":"Auto Shields","floor":18.0},{"not_picked":["Conserve Battery","Steam"],"picked":"Chill","floor":21.0},{"not_picked":["Coolheaded","Ball Lightning"],"picked":"Conserve Battery","floor":24.0},{"not_picked":["Leap","Turbo"],"picked":"Doom and Gloom","floor":25.0},{"not_picked":["Fusion","Core Surge"],"picked":"Darkness+1","floor":28.0},{"not_picked":["Loop+1","Compile Driver"],"picked":"Sunder+1","floor":29.0},{"not_picked":["Turbo","Compile Driver"],"picked":"Barrage","floor":30.0},{"not_picked":["Melter+1","Heatsinks+1"],"picked":"Cold Snap+1","floor":31.0}],"player_experience":432216,"relics_obtained":[{"floor":7.0,"key":"Omamori"},{"floor":9.0,"key":"Frozen Egg 2"},{"floor":25.0,"key":"Incense Burner"},{"floor":26.0,"key":"Bronze Scales"},{"floor":28.0,"key":"Gremlin Horn"},{"floor":30.0,"key":"StoneCalendar"}],"event_choices":[{"cards_removed":["Strike_B"],"damage_healed":0.0,"max_hp_gain":0.0,"max_hp_loss":0.0,"gold_gain":0.0,"event_name":"Bonfire Elementals","player_choice":"Offered Basic","floor":3.0,"gold_loss":0.0,"damage_taken":0.0},{"damage_healed":0.0,"max_hp_gain":5.0,"max_hp_loss":0.0,"gold_gain":0.0,"event_name":"Forgotten Altar","player_choice":"Shed Blood","floor":19.0,"gold_loss":0.0,"damage_taken":19.0},{"damage_healed":0.0,"max_hp_gain":0.0,"max_hp_loss":0.0,"gold_gain":275.0,"event_name":"Golden Shrine","player_choice":"Desecrate","floor":20.0,"gold_loss":0.0,"damage_taken":0.0,"cards_obtained":["Regret"]}],"is_beta":true,"boss_relics":[{"not_picked":["Black Star","Philosopher\u0027s Stone"],"picked":"FrozenCore"}],"items_purged_floors":[5,22],"is_endless":false,"potions_floor_spawned":[4,13,14,24,25,30],"killed_by":"Automaton","ascension_level":8}