{"path_per_floor":["M","M","M","?","?","R","?","T","T","M","R","M","R","M","R","B",null,"M","M","?","M","M","E","R","$","T","?","R","M","M","?","R","B",null,"M","M","?","?","?","R","E","R","T","M","T","?","$","M","R","B"],"character_chosen":"THE_SILENT","items_purchased":["Sundial","Swift Potion"],"gold_per_floor":[113,130,147,247,247,247,202,202,227,238,238,255,255,269,269,373,373,386,396,321,340,358,389,389,17,17,17,17,28,46,46,46,149,149,165,184,0,0,0,0,35,35,35,48,48,48,10,25,25,25],"floor_reached":51,"campfire_rested":2,"playtime":4114,"current_hp_per_floor":[68,59,53,53,53,59,59,59,59,59,65,52,58,54,60,44,70,58,58,58,56,46,46,52,52,52,52,58,57,57,57,63,62,70,48,43,43,43,43,51,51,70,70,70,70,70,70,70,70,16],"items_purged":["Malaise"],"gold":25,"play_id":"b11b738a-0a12-4663-925f-07f25c8b4d02","is_prod":false,"is_daily":false,"is_ascension_mode":true,"campfire_upgraded":8,"path_taken":["M","M","M","?","?","R","?","?","T","M","R","M","R","?","R","BOSS","M","M","?","?","?","E","R","$","T","?","R","M","M","?","R","BOSS","M","M","?","?","?","R","E","R","T","?","?","?","?","M","R","BOSS"],"build_version":"2018-02-01-PROD3","purchased_purges":1,"victory":true,"master_deck":["Survivor+1","Neutralize+1","Backflip+1","Infinite Blades+1","Cloak And Dagger+1","Noxious Fumes+1","Terror+1","Blade Dance+1","Adrenaline+1","Deadly Poison+1","Prepared+1","Dodge and Roll+1","Bane+1","Backflip+1","Calculated Gamble+1","Outmaneuver+1","Cloak And Dagger+1","Blur+1","Envenom+1","Adrenaline+1"],"max_hp_per_floor":[70,70,70,70,70,70,70,70,70,70,70,70,70,70,70,70,70,70,70,70,70,70,70,70,70,70,70,70,70,70,70,70,70,70,70,70,70,70,70,70,70,70,70,70,70,70,70,70,70,70],"relics":["Eternal Feather","Toxic Egg 2","Pen Nib","Pandora\u0027s Box","Toolbox","Sundial","Unceasing Top","The Specimen","Red Mask","The Courier","Gambling Chip","Meat on the Bone","Smiling Mask"],"card_choices":[{"not_picked":["Distraction","Dagger Throw"],"picked":"Backflip"},{"not_picked":["Deadly Poison","Dagger Throw"],"picked":"Infinite Blades"},{"not_picked":["Backflip","Leg Sweep"],"picked":"Cloak And Dagger"},{"not_picked":["Dagger Throw","Deflect"],"picked":"Noxious Fumes"},{"not_picked":["Deflect","Backflip"],"picked":"Terror"},{"not_picked":["Bane","Deadly Poison"],"picked":"Blade Dance"},{"not_picked":["Doppelganger","Storm of Steel"],"picked":"Adrenaline"},{"not_picked":["Outmaneuver","Infinite Blades"],"picked":"Cloak And Dagger"},{"not_picked":["Bouncing Flask","Bane"],"picked":"Blur"},{"not_picked":["Wraith Form","Bullet Time"],"picked":"Envenom"}],"player_experience":116012,"potions_floor_usage":[12,23,29,33,41,50,50,50],"damage_taken":[{"damage":2,"enemies":"Small Slimes","floor":1,"turns":4},{"damage":9,"enemies":"Blue Slaver","floor":2,"turns":6},{"damage":6,"enemies":"Jaw Worm","floor":3,"turns":4},{"damage":0,"enemies":"Large Slime","floor":10,"turns":4},{"damage":13,"enemies":"Exordium Thugs","floor":12,"turns":5},{"damage":4,"enemies":"2 Fungi Beasts","floor":14,"turns":4},{"damage":16,"enemies":"Hexaghost","floor":16,"turns":9},{"damage":12,"enemies":"Spheric Guardian","floor":18,"turns":5},{"damage":0,"enemies":"Chosen","floor":19,"turns":4},{"damage":2,"enemies":"3 Cultists","floor":21,"turns":4},{"damage":10,"enemies":"Snake Plant","floor":22,"turns":3},{"damage":0,"enemies":"Gremlin Leader","floor":23,"turns":4},{"damage":1,"enemies":"Slaver and Parasite","floor":29,"turns":4},{"damage":0,"enemies":"Cultist and Chosen","floor":30,"turns":5},{"damage":1,"enemies":"Collector","floor":33,"turns":6},{"damage":22,"enemies":"3 Darklings","floor":35,"turns":4},{"damage":9,"enemies":"3 Shapes","floor":36,"turns":5},{"damage":0,"enemies":"Nemesis","floor":41,"turns":9},{"damage":0,"enemies":"3 Darklings","floor":44,"turns":4},{"damage":0,"enemies":"Maw","floor":48,"turns":5},{"damage":66,"enemies":"Time Eater","floor":50,"turns":11}],"event_choices":[{"event_name":"Golden Shrine","player_choice":"Pray","floor":4,"damage_taken":0},{"event_name":"Living Wall","player_choice":"Grow","floor":5,"damage_taken":0},{"event_name":"World of Goop","player_choice":"Left","floor":7,"damage_taken":0},{"event_name":"Beggar","player_choice":"Gave Gold","floor":20,"damage_taken":0},{"event_name":"Drug Dealer","player_choice":"Ignored","floor":27,"damage_taken":0},{"event_name":"Vampires","player_choice":"Ignored","floor":31,"damage_taken":0},{"event_name":"Tomb of Lord Red Mask","player_choice":"Paid","floor":37,"damage_taken":0},{"event_name":"Duplicator","player_choice":"One dupe","floor":39,"damage_taken":0},{"event_name":"Wheel of Change","player_choice":"Relic","floor":46,"damage_taken":0}],"boss_relics":[{"not_picked":["Calling Bell","Ectoplasm"],"picked":"Pandora\u0027s Box"},{"not_picked":["Velvet Choker","Runic Dome"],"picked":"The Specimen"}],"potions_floor_spawned":[3,16,22,23,33,36,44],"seed_played":"765386899345403344","ascension_level":2,"is_trial":false}