{"gold_per_floor":[110,110,110,35,51,51,51,51,77,91,91,107,140,159,159,233,233,253,78,78,78,94,94,94],"floor_reached":24,"playtime":912,"items_purged":["Strike_R","Normality"],"score":388,"play_id":"f5ba9310-3060-4331-8fb7-e89cf8636a79","local_time":"20181107000646","is_ascension_mode":true,"campfire_choices":[{"data":"Whirlwind","floor":6,"key":"SMITH"},{"data":"Rampage","floor":8,"key":"SMITH"},{"data":"Disarm","floor":15,"key":"SMITH"},{"data":"Flame Barrier","floor":23,"key":"SMITH"}],"neow_cost":"NONE","seed_source_timestamp":448935676502070,"circlet_count":0,"master_deck":["AscendersBane","Strike_R","Strike_R","Defend_R","Defend_R","Defend_R","Defend_R","Bash","Rampage+1","Whirlwind+1","Flame Barrier+1","Offering","Disarm+1","Offering","Writhe","Pain","Shrug It Off","Flame Barrier","Feed","Shame"],"relics":["Burning Blood","Shuriken","PreservedInsect","Centennial Puzzle","Calling Bell","Lantern","Frozen Egg 2","Champion Belt","Kunai"],"potions_floor_usage":[12,16,22,24],"damage_taken":[{"damage":3,"enemies":"2 Louse","floor":1,"turns":3},{"damage":7,"enemies":"Small Slimes","floor":5,"turns":3},{"damage":1,"enemies":"Cultist","floor":10,"turns":3},{"damage":8,"enemies":"Exordium Thugs","floor":12,"turns":3},{"damage":15,"enemies":"Lagavulin","floor":13,"turns":5},{"damage":7,"enemies":"Looter","floor":14,"turns":3},{"damage":14,"enemies":"The Guardian","floor":16,"turns":10},{"damage":7,"enemies":"3 Byrds","floor":18,"turns":3},{"damage":24,"enemies":"Shell Parasite","floor":22,"turns":10},{"damage":55,"enemies":"Centurion and Healer","floor":24,"turns":10}],"seed_played":"-4204725893010464489","potions_obtained":[{"floor":3,"key":"Explosive Potion"},{"floor":3,"key":"GamblersBrew"},{"floor":13,"key":"LiquidBronze"},{"floor":16,"key":"EssenceOfSteel"}],"is_trial":false,"path_per_floor":["M","?","?","$","M","R","T","R","T","M","?","M","E","M","R","B",null,"M","$","?","?","M","R","M"],"character_chosen":"IRONCLAD","items_purchased":["Flame Barrier"],"campfire_rested":0,"item_purchase_floors":[19],"current_hp_per_floor":[71,71,71,71,70,70,70,70,70,75,75,73,64,63,63,55,70,69,69,69,69,51,51,0],"gold":94,"neow_bonus":"TRANSFORM_CARD","is_prod":false,"is_daily":false,"chose_seed":false,"campfire_upgraded":4,"win_rate":0,"timestamp":1541578006,"path_taken":["M","?","?","$","?","R","?","R","T","M","?","M","E","M","R","BOSS","M","$","?","?","M","R","M"],"build_version":"2018-11-01","purchased_purges":2,"victory":false,"max_hp_per_floor":[75,75,75,75,75,75,75,75,75,75,75,75,75,75,75,75,75,75,75,75,75,75,75,75],"card_choices":[{"not_picked":["Anger","Cleave","Wild Strike"],"picked":"SKIP","floor":1},{"not_picked":["True Grit","Entrench"],"picked":"Flame Barrier","floor":5},{"not_picked":["Sword Boomerang","Sentinel"],"picked":"Offering","floor":10},{"not_picked":["Sword Boomerang","Armaments"],"picked":"Disarm","floor":12},{"not_picked":["Hemokinesis","Feel No Pain","Sword Boomerang"],"picked":"SKIP","floor":13},{"not_picked":["Havoc","Armaments","Clothesline"],"picked":"SKIP","floor":14},{"not_picked":["Reaper","Dark Embrace"],"picked":"Offering","floor":16},{"not_picked":["Dual Wield","Armaments"],"picked":"Shrug It Off","floor":18},{"not_picked":["Seeing Red","Pommel Strike","Thunderclap"],"picked":"SKIP","floor":22}],"player_experience":620291,"relics_obtained":[{"floor":7,"key":"Shuriken"},{"floor":9,"key":"PreservedInsect"},{"floor":13,"key":"Centennial Puzzle"},{"floor":17,"key":"Lantern"},{"floor":17,"key":"Frozen Egg 2"},{"floor":17,"key":"Champion Belt"}],"event_choices":[{"damage_healed":0,"gold_gain":0,"cards_transformed":["Strike_R"],"player_choice":"Change","damage_taken":0,"max_hp_gain":0,"max_hp_loss":0,"event_name":"Living Wall","floor":2,"gold_loss":0,"cards_obtained":["Whirlwind"]},{"damage_healed":0,"gold_gain":0,"player_choice":"Got Potions","damage_taken":0,"max_hp_gain":0,"max_hp_loss":0,"event_name":"Lab","floor":3,"gold_loss":0},{"damage_healed":0,"gold_gain":0,"player_choice":"Ignored","damage_taken":0,"max_hp_gain":0,"max_hp_loss":0,"event_name":"Liars Game","floor":11,"gold_loss":0},{"damage_healed":0,"gold_gain":0,"player_choice":"Read","damage_taken":0,"max_hp_gain":0,"max_hp_loss":0,"event_name":"The Library","floor":20,"gold_loss":0,"cards_obtained":["Feed"]},{"damage_healed":0,"gold_gain":0,"player_choice":"Stole Relic","damage_taken":0,"relics_obtained":["Kunai"],"max_hp_gain":0,"max_hp_loss":0,"event_name":"Addict","floor":21,"gold_loss":0,"cards_obtained":["Shame"]}],"is_beta":false,"boss_relics":[{"not_picked":["Velvet Choker","Runic Cube"],"picked":"Calling Bell"}],"items_purged_floors":[4,19],"is_endless":false,"potions_floor_spawned":[10,13,16],"killed_by":"Centurion and Healer","ascension_level":20}