{"gold_per_floor":[20,20,20,20,31,31,58,58,82,125,152,164,176,5,5,110,110,129,145,95,107,127,127,452,452,452,463,463,463,463,478,478,580,580,591,399,399,399,417,417,431,431],"floor_reached":42,"playtime":1810,"items_purged":["Regret","Defend_B"],"score":488,"play_id":"4bc14237-0680-491a-93cb-8f671d7258b2","local_time":"20190210143409","is_ascension_mode":true,"campfire_choices":[{"data":"Zap","floor":6,"key":"SMITH"},{"floor":8,"key":"REST"},{"data":"Electrodynamics","floor":12,"key":"SMITH"},{"data":"Consume","floor":15,"key":"SMITH"},{"floor":23,"key":"REST"},{"floor":25,"key":"REST"},{"floor":28,"key":"REST"},{"floor":32,"key":"REST"},{"data":"Loop","floor":40,"key":"SMITH"}],"neow_cost":"NO_GOLD","seed_source_timestamp":319218529402864,"circlet_count":0,"master_deck":["Strike_B","Strike_B","Strike_B","Defend_B","Defend_B","Zap+1","Dualcast","Electrodynamics+1","Auto Shields","Sunder","Coolheaded","Conserve Battery","Consume+1","Leap","Flash of Steel","Biased Cognition","Conserve Battery","Blizzard","Blizzard+1","Ball Lightning","BootSequence+1","Defragment","Loop+1","Fission","Lockon","Static Discharge","Rainbow","Parasite","Leap+1"],"relics":["FrozenCore","Regal Pillow","MawBank","Strawberry","Old Coin","Kunai","Nloth\u0027s Gift","Cursed Key","Symbiotic Virus"],"potions_floor_usage":[33,33,33,39,42],"damage_taken":[{"damage":1,"enemies":"Cultist","floor":1,"turns":3},{"damage":0,"enemies":"Small Slimes","floor":5,"turns":4},{"damage":24,"enemies":"Lagavulin","floor":7,"turns":5},{"damage":18,"enemies":"Gremlin Nob","floor":10,"turns":3},{"damage":1,"enemies":"Jaw Worm","floor":11,"turns":2},{"damage":49,"enemies":"Hexaghost","floor":16,"turns":12},{"damage":9,"enemies":"3 Byrds","floor":18,"turns":3},{"damage":18,"enemies":"Shell Parasite","floor":19,"turns":6},{"damage":0,"enemies":"Snake Plant","floor":21,"turns":4},{"damage":41,"enemies":"Shelled Parasite and Fungi","floor":22,"turns":7},{"damage":45,"enemies":"Slavers","floor":24,"turns":4},{"damage":4,"enemies":"3 Cultists","floor":27,"turns":3},{"damage":39,"enemies":"Chosen and Byrds","floor":31,"turns":5},{"damage":70,"enemies":"Champ","floor":33,"turns":18},{"damage":30,"enemies":"3 Darklings","floor":35,"turns":5},{"damage":1,"enemies":"Orb Walker","floor":39,"turns":3},{"damage":45,"enemies":"Spire Growth","floor":41,"turns":5},{"damage":29,"enemies":"4 Shapes","floor":42,"turns":3}],"seed_played":"-2382557652878562416","potions_obtained":[{"floor":10,"key":"Dexterity Potion"},{"floor":16,"key":"SteroidPotion"},{"floor":19,"key":"SneckoOil"},{"floor":22,"key":"Weak Potion"},{"floor":27,"key":"SkillPotion"},{"floor":33,"key":"FearPotion"},{"floor":38,"key":"AttackPotion"},{"floor":38,"key":"Dexterity Potion"},{"floor":41,"key":"Ancient Potion"}],"is_trial":false,"path_per_floor":["M","?","?","?","M","R","E","R","T","E","M","R","?","$","R","B",null,"M","M","$","M","M","R","E","R","T","M","R","?","?","M","R","B",null,"M","$","T","?","M","R","M","M"],"character_chosen":"DEFECT","items_purchased":["Leap","Flash of Steel","Static Discharge","Rainbow"],"campfire_rested":5,"item_purchase_floors":[14,14,36,36],"current_hp_per_floor":[74,74,67,67,67,67,43,75,75,64,63,63,63,63,63,14,82,73,55,55,55,14,53,8,47,47,43,82,82,82,43,82,12,82,52,52,52,52,51,51,6,0],"gold":431,"neow_bonus":"THREE_RARE_CARDS","is_prod":false,"is_daily":false,"chose_seed":false,"campfire_upgraded":4,"win_rate":0,"timestamp":1549827249,"path_taken":["M","?","?","?","M","R","E","R","T","E","?","R","?","?","R","BOSS","M","M","$","M","M","R","E","R","T","M","R","?","?","M","R","BOSS","M","?","?","?","M","R","M","M"],"build_version":"2019-01-23","purchased_purges":2,"victory":false,"max_hp_per_floor":[75,75,75,75,75,75,75,75,75,82,82,82,82,82,82,82,82,82,82,82,82,82,82,82,82,82,82,82,82,82,82,82,82,82,82,82,82,82,82,82,82,82],"card_choices":[{"not_picked":["Echo Form","Buffer"],"picked":"Electrodynamics","floor":0},{"not_picked":["Cold Snap","Streamline"],"picked":"Auto Shields","floor":1},{"not_picked":["Beam Cell","Steam"],"picked":"Sunder","floor":5},{"not_picked":["Hologram","Turbo"],"picked":"Coolheaded","floor":7},{"not_picked":["Seek","Sunder"],"picked":"Conserve Battery","floor":10},{"not_picked":["Self Repair","Turbo"],"picked":"Consume","floor":11},{"not_picked":["All For One","Rainbow"],"picked":"Biased Cognition","floor":16},{"not_picked":["Hologram+1","Go for the Eyes+1"],"picked":"Conserve Battery","floor":18},{"not_picked":["Conserve Battery+1","Auto Shields+1"],"picked":"Blizzard","floor":19},{"not_picked":["Stack+1","Barrage"],"picked":"Blizzard+1","floor":21},{"not_picked":["Hologram+1","Blizzard"],"picked":"Ball Lightning","floor":22},{"not_picked":["Sunder","Go for the Eyes","Sweeping Beam"],"picked":"SKIP","floor":24},{"not_picked":["Go for the Eyes","Rebound"],"picked":"BootSequence+1","floor":27},{"not_picked":["Tempest","Hello World"],"picked":"Loop","floor":31},{"not_picked":["Amplify","Seek"],"picked":"Fission","floor":33},{"not_picked":["Compile Driver","Sweeping Beam"],"picked":"Lockon","floor":35},{"not_picked":["White Noise","Streamline","Conserve Battery"],"picked":"SKIP","floor":39},{"not_picked":["Go for the Eyes","Steam Power+1"],"picked":"Leap+1","floor":41}],"player_experience":177905,"relics_obtained":[{"floor":7,"key":"Regal Pillow"},{"floor":9,"key":"MawBank"},{"floor":10,"key":"Strawberry"},{"floor":24,"key":"Old Coin"},{"floor":26,"key":"Kunai"},{"floor":37,"key":"Symbiotic Virus"}],"event_choices":[{"damage_healed":0,"gold_gain":0,"player_choice":"Leave","damage_taken":0,"max_hp_gain":0,"max_hp_loss":0,"event_name":"The Cleric","floor":2,"gold_loss":0},{"cards_removed":["Strike_B"],"damage_healed":0,"gold_gain":0,"player_choice":"Card Removal","damage_taken":7,"max_hp_gain":0,"max_hp_loss":0,"event_name":"Golden Wing","floor":3,"gold_loss":0},{"cards_removed":["Defend_B"],"damage_healed":0,"gold_gain":0,"player_choice":"Purged","damage_taken":0,"max_hp_gain":0,"max_hp_loss":0,"event_name":"Purifier","floor":4,"gold_loss":0},{"damage_healed":0,"gold_gain":0,"player_choice":"Box","damage_taken":0,"relics_obtained":["Smiling Mask"],"max_hp_gain":0,"max_hp_loss":0,"event_name":"Big Fish","floor":13,"gold_loss":0,"cards_obtained":["Regret"]},{"damage_healed":0,"gold_gain":0,"player_choice":"Read","damage_taken":0,"max_hp_gain":0,"max_hp_loss":0,"event_name":"The Library","floor":29,"gold_loss":0,"cards_obtained":["Defragment"]},{"damage_healed":0,"gold_gain":0,"player_choice":"Traded Relic","damage_taken":0,"relics_obtained":["Nloth\u0027s Gift"],"max_hp_gain":0,"max_hp_loss":0,"event_name":"N\u0027loth","floor":30,"relics_lost":["Smiling Mask"],"gold_loss":0},{"damage_healed":0,"gold_gain":0,"player_choice":"Got Potions","damage_taken":0,"max_hp_gain":0,"max_hp_loss":0,"event_name":"Lab","floor":38,"gold_loss":0}],"is_beta":false,"boss_relics":[{"not_picked":["Velvet Choker","Nuclear Battery"],"picked":"FrozenCore"},{"not_picked":["Philosopher\u0027s Stone","Orrery"],"picked":"Cursed Key"}],"items_purged_floors":[14,20],"is_endless":false,"potions_floor_spawned":[10,16,19,22,27,31,33,41],"killed_by":"4 Shapes","ascension_level":3}