{"gold_per_floor":[117,117,128,47,57,91,91,154,178,208,208,237,257,273,273,372,372,390,390,390,404,329,329],"floor_reached":23,"playtime":1394,"items_purged":[],"score":296,"play_id":"831b3c1f-e316-46af-aa44-aa7f746ae763","local_time":"20190131181323","is_ascension_mode":true,"campfire_choices":[{"data":"Footwork","floor":7.0,"key":"SMITH"},{"data":"Venomology","floor":15,"key":"SMITH"}],"neow_cost":"NONE","seed_source_timestamp":654174347986189,"circlet_count":0,"master_deck":["Defend_G","Defend_G","Defend_G","Defend_G","Defend_G","Strike_G","Strike_G","Strike_G","Strike_G","Survivor+1","Neutralize","Deadly Poison+1","Dagger Throw","Footwork+1","Backflip","Noxious Fumes","Escape Plan","Well Laid Plans","Deadly Poison","Footwork","Venomology+1","Burst","Cloak And Dagger","Necronomicurse","Choke"],"special_seed":0,"relics":["Ring of the Snake","Ancient Tea Set","Tiny Chest","Gambling Chip","Bronze Scales","Philosopher\u0027s Stone","Art of War","Necronomicon"],"potions_floor_usage":[13,16,16,18,21,23,23,23],"damage_taken":[{"damage":1.0,"enemies":"Jaw Worm","floor":1.0,"turns":9.0},{"damage":0.0,"enemies":"2 Louse","floor":3.0,"turns":3.0},{"damage":0.0,"enemies":"Small Slimes","floor":5.0,"turns":4.0},{"damage":16.0,"enemies":"Gremlin Nob","floor":6.0,"turns":4.0},{"damage":9.0,"enemies":"3 Sentries","floor":8.0,"turns":9.0},{"damage":41.0,"enemies":"Gremlin Nob","floor":10.0,"turns":5.0},{"damage":8.0,"enemies":"3 Sentries","floor":12.0,"turns":8.0},{"damage":0,"enemies":"2 Fungi Beasts","floor":13,"turns":3},{"damage":1,"enemies":"Blue Slaver","floor":14,"turns":3},{"damage":13,"enemies":"Slime Boss","floor":16,"turns":13},{"damage":0,"enemies":"Chosen","floor":18,"turns":4},{"damage":10,"enemies":"3 Byrds","floor":21,"turns":3},{"damage":42,"enemies":"Slavers","floor":23,"turns":4}],"seed_played":"-6074890185883983993","potions_obtained":[{"floor":3.0,"key":"Regen Potion"},{"floor":8.0,"key":"GhostInAJar"},{"floor":10.0,"key":"Block Potion"},{"floor":12.0,"key":"SpeedPotion"},{"floor":13,"key":"SkillPotion"},{"floor":21,"key":"Poison Potion"}],"is_trial":false,"path_per_floor":["M","?","M","$","M","E","R","E","T","E","?","E","M","M","R","B",null,"M","?","?","M","?","E"],"character_chosen":"THE_SILENT","items_purchased":["Footwork"],"campfire_rested":0,"item_purchase_floors":[4],"current_hp_per_floor":[69,54,54,54,54,38,38,44,44,3,28,20,20,19,19,6,59,59,59,43,33,33,0],"gold":329,"neow_bonus":"TEN_PERCENT_HP_BONUS","is_prod":false,"is_daily":false,"chose_seed":false,"campfire_upgraded":2,"win_rate":0,"timestamp":1548976403,"path_taken":["M","?","M","$","M","E","R","E","T","E","?","E","M","M","R","BOSS","M","?","?","M","?","E"],"build_version":"2019-01-23","purchased_purges":0,"victory":false,"max_hp_per_floor":[77,77,77,77,77,77,77,77,77,77,77,77,77,77,77,77,77,77,77,77,77,77,77],"card_choices":[{"not_picked":["Underhanded Strike","PiercingWail"],"picked":"Deadly Poison","floor":1.0},{"not_picked":["Predator","Setup"],"picked":"Dagger Throw","floor":3.0},{"not_picked":["Deadly Poison","PiercingWail"],"picked":"Backflip","floor":5.0},{"not_picked":["Dagger Spray","Accuracy"],"picked":"Noxious Fumes","floor":6.0},{"not_picked":["Deflect","Predator"],"picked":"Escape Plan","floor":8.0},{"not_picked":["Blade Dance","Poisoned Stab"],"picked":"Well Laid Plans","floor":10.0},{"not_picked":["Outmaneuver","Predator"],"picked":"Deadly Poison","floor":12.0},{"not_picked":["Acrobatics","Slice"],"picked":"Footwork","floor":13},{"not_picked":["Heel Hook","Riddle With Holes"],"picked":"Venomology","floor":14},{"not_picked":["Envenom","Storm of Steel"],"picked":"Burst","floor":16},{"not_picked":["Bane","Slice"],"picked":"Cloak And Dagger","floor":18},{"not_picked":["Poisoned Stab","Infinite Blades"],"picked":"Choke","floor":21}],"player_experience":280078,"relics_obtained":[{"floor":6.0,"key":"Ancient Tea Set"},{"floor":8.0,"key":"Tiny Chest"},{"floor":10.0,"key":"Gambling Chip"},{"floor":12.0,"key":"Bronze Scales"},{"floor":20,"key":"Necronomicon"}],"event_choices":[{"damage_healed":0.0,"max_hp_gain":0.0,"max_hp_loss":0.0,"gold_gain":0.0,"event_name":"Shining Light","player_choice":"Entered Light","floor":2.0,"gold_loss":0.0,"damage_taken":15.0,"cards_upgraded":["Survivor","Deadly Poison"]},{"damage_healed":25.0,"max_hp_gain":0.0,"max_hp_loss":0.0,"gold_gain":0.0,"event_name":"Big Fish","player_choice":"Banana","floor":11.0,"gold_loss":0.0,"damage_taken":0.0},{"damage_healed":0,"gold_gain":0,"player_choice":"Opened","damage_taken":0,"relics_obtained":["Art of War"],"max_hp_gain":0,"max_hp_loss":0,"event_name":"The Mausoleum","floor":19,"gold_loss":0},{"damage_healed":0,"gold_gain":0,"player_choice":"Obtained Book","damage_taken":16,"max_hp_gain":0,"max_hp_loss":0,"event_name":"Cursed Tome","floor":20,"gold_loss":0},{"cards_removed":["Strike_G"],"damage_healed":0,"gold_gain":0,"player_choice":"Gave Gold","damage_taken":0,"max_hp_gain":0,"max_hp_loss":0,"event_name":"Beggar","floor":22,"gold_loss":75}],"is_beta":false,"boss_relics":[{"not_picked":["WristBlade","Pandora\u0027s Box"],"picked":"Philosopher\u0027s Stone"}],"items_purged_floors":[],"is_endless":false,"potions_floor_spawned":[3,8,10,12,13,21],"killed_by":"Slavers","ascension_level":7}