{"gold_per_floor":[111,58,158,171,171,205,217,227,252,31,49,49,110,125,125,201,201,211,136,151,151,171,171,171,171,194,194,194,220,220,231,231,302,302,320,338,438,438,448,448,462,462,488,500,122,141,158,168,168,168],"floor_reached":51,"playtime":2184,"items_purged":["Streamline","Madness"],"score":1165,"play_id":"1de37539-a81a-45c7-be9f-0aa23c233e93","local_time":"20180728031523","is_ascension_mode":true,"campfire_choices":[{"data":"Defragment","floor":12,"key":"SMITH"},{"floor":15,"key":"REST"},{"data":"Redo","floor":23,"key":"SMITH"},{"data":"Force Field","floor":25,"key":"SMITH"},{"data":"Capacitor","floor":27,"key":"SMITH"},{"floor":30,"key":"REST"},{"data":"Go for the Eyes","floor":32,"key":"SMITH"},{"floor":40,"key":"REST"},{"data":"Thunder Strike","floor":42,"key":"SMITH"},{"floor":49,"key":"REST"}],"neow_cost":"NONE","seed_source_timestamp":343923191743156,"circlet_count":0,"master_deck":["Zap","Dualcast","AscendersBane","Ball Lightning","Rip and Tear","Seek","Capacitor+1","Defragment+1","Cold Snap","Steam","Electrodynamics","Self Repair","Redo+1","Cold Snap","Compile Driver","Skim","Turbo","Force Field+1","Chill","Conserve Battery","Go for the Eyes+1","Thunder Strike+1","Madness"],"relics":["Cracked Core","NeowsBlessing","Bag of Preparation","Regal Pillow","DataDisk","Tiny Chest","Pandora\u0027s Box","Strawberry","Dead Branch","Omamori","Busted Crown","Orichalcum","Toy Ornithopter"],"potions_floor_usage":[29,29,33,50,50],"damage_taken":[{"damage":0,"enemies":"Small Slimes","floor":1,"turns":1},{"damage":0,"enemies":"Cultist","floor":4,"turns":1},{"damage":0,"enemies":"Lagavulin","floor":6,"turns":1},{"damage":7,"enemies":"Jaw Worm","floor":7,"turns":3},{"damage":0,"enemies":"Large Slime","floor":8,"turns":4},{"damage":16,"enemies":"3 Louse","floor":11,"turns":2},{"damage":25,"enemies":"Gremlin Nob","floor":13,"turns":4},{"damage":10,"enemies":"Exordium Wildlife","floor":14,"turns":4},{"damage":14,"enemies":"Slime Boss","floor":16,"turns":8},{"damage":5,"enemies":"Spheric Guardian","floor":18,"turns":3},{"damage":23,"enemies":"2 Thieves","floor":20,"turns":4},{"damage":4,"enemies":"Snecko","floor":22,"turns":5},{"damage":43,"enemies":"Slavers","floor":29,"turns":3},{"damage":8,"enemies":"Centurion and Healer","floor":31,"turns":4},{"damage":42,"enemies":"Automaton","floor":33,"turns":8},{"damage":3,"enemies":"3 Shapes","floor":35,"turns":3},{"damage":15,"enemies":"3 Darklings","floor":36,"turns":2},{"damage":28,"enemies":"Spire Growth","floor":39,"turns":4},{"damage":6,"enemies":"Transient","floor":41,"turns":5},{"damage":17,"enemies":"3 Darklings","floor":44,"turns":4},{"damage":40,"enemies":"Spire Growth","floor":46,"turns":5},{"damage":21,"enemies":"Transient","floor":47,"turns":5},{"damage":5,"enemies":"Sphere and 2 Shapes","floor":48,"turns":3},{"damage":38,"enemies":"Awakened One","floor":50,"turns":14}],"seed_played":"-1834039366337021303","potions_obtained":[{"floor":4,"key":"Ancient Potion"},{"floor":7,"key":"Dexterity Potion"},{"floor":24,"key":"EssenceOfSteel"},{"floor":29,"key":"LiquidBronze"},{"floor":35,"key":"FearPotion"},{"floor":41,"key":"FocusPotion"}],"is_trial":false,"path_per_floor":["M","$","?","M","?","E","M","M","T","$","M","R","E","M","R","B",null,"M","$","M","?","M","R","?","R","T","R","T","E","R","M","R","B",null,"M","M","?","?","M","R","M","R","T","M","$","M","M","M","R","B"],"character_chosen":"DEFECT","items_purchased":["Ball Lightning","Defragment","DataDisk","Regen Potion","Toy Ornithopter"],"campfire_rested":4,"item_purchase_floors":[2,10,10,45,45],"current_hp_per_floor":[64,64,64,64,69,69,62,62,62,62,46,46,21,11,48,34,66,68,68,52,52,55,55,55,55,62,62,62,26,65,64,64,29,70,74,59,59,49,28,67,68,68,68,58,58,25,11,13,52,42],"gold":168,"neow_bonus":"THREE_ENEMY_KILL","is_prod":false,"is_daily":false,"chose_seed":false,"campfire_upgraded":6,"win_rate":0,"timestamp":1532715323,"path_taken":["M","$","?","M","?","E","M","?","T","$","M","R","E","M","R","BOSS","M","$","M","?","M","R","?","R","T","R","?","E","R","M","R","BOSS","M","M","?","?","?","R","M","R","T","M","$","M","M","M","R","BOSS"],"build_version":"2018-07-26","purchased_purges":2,"victory":true,"max_hp_per_floor":[71,71,71,71,76,76,76,76,76,76,76,76,76,76,76,76,76,76,76,76,76,76,76,76,76,83,83,83,83,83,83,83,83,83,83,83,83,83,83,83,83,83,83,83,83,83,83,83,83,83],"card_choices":[{"not_picked":["Sweeping Beam","Streamline","Coolheaded"],"picked":"SKIP","floor":1},{"not_picked":["Coolheaded","Rebound"],"picked":"Rip and Tear","floor":4},{"not_picked":["Rebound","Streamline"],"picked":"Seek","floor":6},{"not_picked":["Auto Shields","Hologram"],"picked":"Capacitor","floor":7},{"not_picked":["Blizzard","Tempest","Static Discharge"],"picked":"SKIP","floor":8},{"not_picked":["Reinforced Body","Ball Lightning"],"picked":"Cold Snap","floor":11},{"not_picked":["Genetic Algorithm","BootSequence"],"picked":"Steam","floor":13},{"not_picked":["Sweeping Beam","Stack","Streamline"],"picked":"SKIP","floor":14},{"not_picked":["Machine Learning","Hyperbeam"],"picked":"Electrodynamics","floor":16},{"not_picked":["Redo","Auto Shields"],"picked":"Chill","floor":18},{"not_picked":["Sunder","Steam","Streamline"],"picked":"SKIP","floor":20},{"not_picked":["White Noise","Cold Snap","Rip and Tear+1"],"picked":"SKIP","floor":22},{"not_picked":["Loop","Compile Driver"],"picked":"Go for the Eyes","floor":29},{"not_picked":["Beam Cell","Rebound","Loop"],"picked":"SKIP","floor":31},{"not_picked":["Biased Cognition","All For One"],"picked":"Thunder Strike","floor":33},{"not_picked":["Loop"],"picked":"SKIP","floor":35},{"not_picked":["Rebound"],"picked":"SKIP","floor":36},{"not_picked":["Cold Snap+1"],"picked":"SKIP","floor":39},{"not_picked":["Loop"],"picked":"SKIP","floor":41},{"not_picked":["Capacitor"],"picked":"SKIP","floor":44},{"not_picked":["Redo"],"picked":"SKIP","floor":46},{"not_picked":["Gash"],"picked":"SKIP","floor":47},{"not_picked":["Chill"],"picked":"SKIP","floor":48}],"player_experience":556843,"relics_obtained":[{"floor":6,"key":"Bag of Preparation"},{"floor":9,"key":"Regal Pillow"},{"floor":13,"key":"Tiny Chest"},{"floor":26,"key":"Strawberry"},{"floor":28,"key":"Dead Branch"},{"floor":29,"key":"Omamori"},{"floor":43,"key":"Orichalcum"}],"event_choices":[{"event_name":"Wheel of Change","player_choice":"Gold","floor":3,"damage_taken":0},{"event_name":"Big Fish","player_choice":"Donut","floor":5,"damage_taken":0},{"event_name":"The Library","player_choice":"Read","floor":21,"damage_taken":0},{"event_name":"The Lab","player_choice":"Got Potions","floor":24,"damage_taken":0},{"event_name":"Golden Shrine","player_choice":"Pray","floor":37,"damage_taken":0},{"event_name":"Winding Halls","player_choice":"Embrace Madness","floor":38,"damage_taken":0}],"is_beta":false,"boss_relics":[{"not_picked":["Eternal Feather","Lizard Tail"],"picked":"Pandora\u0027s Box"},{"not_picked":["Philosopher\u0027s Stone","Runic Pyramid"],"picked":"Busted Crown"}],"items_purged_floors":[19,45],"is_endless":false,"potions_floor_spawned":[4,7,11,16,20,29,35,41,48],"ascension_level":14}