{"gold_per_floor":[114,289,304,254,269,269,284,299,379,379,394,280,280,295,295,395,395,410,410,425,500,515,515,530,75,125,125,125,155,170,81,81,181,181,196,221,236,236,114,144,57,87,112,112,112,127,142,11,11,11],"floor_reached":51,"playtime":4551,"items_purged":["Defend_B","Dualcast","Dualcast","Scrape","Redo","Auto Shields"],"score":817,"play_id":"04bc3fc2-905a-4df2-b941-3f31fd031e6a","local_time":"20181101031622","daily_mods":["Insanity","Green Cards","Binary"],"is_ascension_mode":false,"campfire_choices":[{"data":"Machine Learning","floor":6,"key":"SMITH"},{"data":"Storm","floor":10,"key":"SMITH"},{"data":"Hello World","floor":15,"key":"SMITH"},{"floor":23,"key":"REST"},{"floor":32,"key":"REST"},{"floor":44,"key":"REST"},{"floor":49,"key":"REST"}],"neow_cost":"","seed_source_timestamp":0,"circlet_count":0,"master_deck":["Self Repair","Glacier","Creative AI","Storm+1","Doom and Gloom","Steam Power","Leap","Capacitor","Steam Power","Hello World+1","Self Repair","Sweeping Beam","Genetic Algorithm","Conserve Battery","Self Repair","Creative AI","Rebound","Skim","Go for the Eyes","Steam","BootSequence","Meteor Strike","Conserve Battery","Chill","Chaos+1","White Noise","Rip and Tear","Echo Form","Beam Cell+1","Defragment","Sweeping Beam","Hologram","Double Energy","White Noise","Loop","Machine Learning+1","Ball Lightning+1","Compile Driver","Seek","Steam Power","Leg Sweep","Dash","Turbo","Deflect","Loop","Venomology","Machine Learning","FTL","Backflip","Noxious Fumes+1","Dash+1","Ball Lightning+1","Infinite Blades+1","A Thousand Cuts+1","Predator+1","Flying Knee+1","Creative AI+1","Steam Power","Madness","Madness","Caltrops+1","Loop+1","Accuracy+1","Hologram+1","Heatsinks+1","Self Repair+1","Loop+1"],"special_seed":17836,"relics":["Cracked Core","Tiny Chest","Fusion Hammer","Frozen Egg 2","Mummified Hand","Juzu Bracelet","Blue Candle","Smiling Mask","Kunai","Astrolabe","Ancient Tea Set","Question Card","Whetstone","Vajra"],"potions_floor_usage":[22,33,40,50],"damage_taken":[{"damage":0,"enemies":"2 Louse","floor":1,"turns":2},{"damage":0,"enemies":"Jaw Worm","floor":3,"turns":2},{"damage":3,"enemies":"Small Slimes","floor":5,"turns":3},{"damage":7,"enemies":"3 Louse","floor":7,"turns":6},{"damage":9,"enemies":"Exordium Thugs","floor":8,"turns":4},{"damage":0,"enemies":"Blue Slaver","floor":11,"turns":2},{"damage":2,"enemies":"2 Fungi Beasts","floor":14,"turns":3},{"damage":1,"enemies":"Slime Boss","floor":16,"turns":5},{"damage":13,"enemies":"2 Thieves","floor":18,"turns":3},{"damage":3,"enemies":"Shell Parasite","floor":20,"turns":4},{"damage":1,"enemies":"3 Cultists","floor":22,"turns":4},{"damage":16,"enemies":"Centurion and Healer","floor":24,"turns":5},{"damage":14,"enemies":"Book of Stabbing","floor":29,"turns":3},{"damage":13,"enemies":"Shelled Parasite and Fungi","floor":30,"turns":3},{"damage":2,"enemies":"Champ","floor":33,"turns":6},{"damage":0,"enemies":"3 Darklings","floor":35,"turns":4},{"damage":5,"enemies":"Orb Walker","floor":37,"turns":2},{"damage":12,"enemies":"Giant Head","floor":40,"turns":6},{"damage":8,"enemies":"Nemesis","floor":42,"turns":5},{"damage":25,"enemies":"Sphere and 2 Shapes","floor":46,"turns":4},{"damage":0,"enemies":"Maw","floor":47,"turns":4},{"damage":18,"enemies":"Donu and Deca","floor":50,"turns":5}],"seed_played":"-6556574286054618038","potions_obtained":[{"floor":3,"key":"EssenceOfSteel"},{"floor":7,"key":"GamblersBrew"},{"floor":8,"key":"AttackPotion"},{"floor":24,"key":"Poison Potion"},{"floor":29,"key":"SkillPotion"},{"floor":42,"key":"AttackPotion"},{"floor":47,"key":"PowerPotion"}],"is_trial":false,"path_per_floor":["M","?","M","?","M","R","M","M","T","R","M","$","?","M","R","B",null,"M","?","M","T","M","R","M","$","T","T","?","E","M","$","R","B",null,"M","T","M","?","$","E","$","E","T","R","?","M","M","$","R","B"],"character_chosen":"DEFECT","items_purchased":["Loop","Noxious Fumes+1","Dash","Mummified Hand","Infinite Blades+1","Caltrops+1","Accuracy+1","Loop+1"],"campfire_rested":4,"item_purchase_floors":[12,25,25,25,31,39,41,48],"current_hp_per_floor":[75,75,75,75,72,72,75,66,66,66,66,66,51,56,56,55,75,75,75,75,75,75,75,66,66,66,66,66,66,60,60,75,75,75,75,75,70,61,61,70,70,75,75,75,75,64,71,71,75,75],"gold":11,"neow_bonus":"","is_prod":false,"is_daily":true,"chose_seed":false,"campfire_upgraded":3,"win_rate":0,"timestamp":1541038582,"path_taken":["M","?","M","?","M","R","M","M","T","R","M","$","?","M","R","BOSS","M","?","?","?","M","R","M","?","T","?","?","E","M","$","R","BOSS","M","?","M","?","?","E","$","E","T","R","?","M","M","$","R","BOSS"],"build_version":"2018-10-25v2","purchased_purges":6,"victory":true,"max_hp_per_floor":[75,75,75,75,75,75,75,75,75,75,75,75,75,75,75,75,75,75,75,75,75,75,75,75,75,75,75,75,75,75,75,75,75,75,75,75,75,75,75,75,75,75,75,75,75,75,75,75,75,75],"card_choices":[{"not_picked":["Scrape"],"picked":"Steam Power","floor":1},{"not_picked":["Redo"],"picked":"Leg Sweep","floor":3},{"not_picked":["Prepared"],"picked":"Dash","floor":5},{"not_picked":["Cold Snap"],"picked":"Turbo","floor":7},{"not_picked":["Skim"],"picked":"Deflect","floor":8},{"not_picked":["Coolheaded","Sweeping Beam"],"picked":"SKIP","floor":11},{"not_picked":["Outmaneuver"],"picked":"Venomology","floor":14},{"not_picked":["Phantasmal Killer"],"picked":"Machine Learning","floor":16},{"not_picked":["Reprogram"],"picked":"FTL","floor":18},{"not_picked":["Deflect"],"picked":"Backflip","floor":20},{"not_picked":["Sunder","BootSequence"],"picked":"SKIP","floor":22},{"not_picked":["Deadly Poison","Expertise+1"],"picked":"SKIP","floor":24},{"not_picked":["Streamline"],"picked":"Ball Lightning+1","floor":29},{"not_picked":["Deadly Poison+1","Blade Dance"],"picked":"SKIP","floor":30},{"not_picked":["Biased Cognition+1"],"picked":"A Thousand Cuts+1","floor":33},{"not_picked":["Streamline"],"picked":"Steam Power","floor":35},{"not_picked":["Expertise","Poisoned Stab+1"],"picked":"SKIP","floor":37},{"not_picked":["Conserve Battery"],"picked":"Loop+1","floor":40},{"not_picked":["Force Field","Sunder"],"picked":"Hologram+1","floor":42},{"not_picked":["Streamline+1","Ball Lightning+1"],"picked":"Heatsinks+1","floor":46},{"not_picked":["Bouncing Flask","Rip and Tear+1"],"picked":"Self Repair+1","floor":47}],"player_experience":165485,"relics_obtained":[{"floor":9,"key":"Tiny Chest"},{"floor":21,"key":"Frozen Egg 2"},{"floor":26,"key":"Juzu Bracelet"},{"floor":27,"key":"Blue Candle"},{"floor":29,"key":"Kunai"},{"floor":36,"key":"Ancient Tea Set"},{"floor":40,"key":"Question Card"},{"floor":42,"key":"Whetstone"},{"floor":43,"key":"Vajra"}],"event_choices":[{"damage_healed":0,"gold_gain":175,"player_choice":"AGREE","damage_taken":0,"max_hp_gain":0,"max_hp_loss":0,"event_name":"Liars Game","floor":2,"gold_loss":0,"cards_obtained":["Doubt"]},{"cards_removed":["Doubt"],"damage_healed":0,"gold_gain":0,"player_choice":"Card Removal","damage_taken":0,"max_hp_gain":0,"max_hp_loss":0,"event_name":"The Cleric","floor":4,"gold_loss":50},{"damage_healed":0,"gold_gain":0,"player_choice":"Entered Light","damage_taken":15,"max_hp_gain":0,"max_hp_loss":0,"event_name":"Shining Light","floor":13,"gold_loss":0,"cards_upgraded":["Ball Lightning","Chaos"]},{"cards_removed":["Gash"],"damage_healed":0,"gold_gain":0,"player_choice":"Purged","damage_taken":0,"max_hp_gain":0,"max_hp_loss":0,"event_name":"Purifier","floor":19,"gold_loss":0},{"damage_healed":0,"gold_gain":0,"player_choice":"Gave Potion","damage_taken":0,"relics_obtained":["Smiling Mask"],"max_hp_gain":0,"max_hp_loss":0,"event_name":"WeMeetAgain","floor":28,"gold_loss":0},{"damage_healed":0,"gold_gain":0,"player_choice":"Embrace Madness","damage_taken":9,"max_hp_gain":0,"max_hp_loss":0,"event_name":"Winding Halls","floor":38,"gold_loss":0,"cards_obtained":["Madness","Madness"]},{"cards_removed":["Consume"],"damage_healed":0,"gold_gain":0,"player_choice":"Removed Skill","damage_taken":0,"max_hp_gain":0,"max_hp_loss":0,"event_name":"Falling","floor":45,"gold_loss":0}],"is_beta":false,"boss_relics":[{"not_picked":["Lizard Tail","Tiny House"],"picked":"Fusion Hammer"},{"not_picked":["Runic Pyramid","Velvet Choker"],"picked":"Astrolabe"}],"items_purged_floors":[12,25,31,39,41,48],"is_endless":false,"potions_floor_spawned":[3,7,8,11,24,29,30,35,42,46,47],"ascension_level":0}