{"gold_per_floor":[210,15,190,190,200,200,215,229,229,229],"floor_reached":10,"playtime":941,"items_purged":["Strike_G"],"score":67,"play_id":"b508d4f8-a0c3-4ff9-819b-c566de8cd7dd","local_time":"20190306164937","is_ascension_mode":true,"campfire_choices":[{"data":"Neutralize","floor":6,"key":"SMITH"}],"neow_cost":"NONE","seed_source_timestamp":1810588155084340,"circlet_count":0,"master_deck":["Defend_G","Defend_G","Defend_G","Defend_G","Defend_G","Strike_G","Strike_G","Strike_G","Strike_G","Survivor","Neutralize+1","Well Laid Plans","Cloak And Dagger","Doubt","Accuracy","Infinite Blades"],"relics":["Ring of the Snake","Meat on the Bone","Vajra"],"potions_floor_usage":[],"damage_taken":[{"damage":15,"enemies":"Jaw Worm","floor":1,"turns":5},{"damage":1,"enemies":"2 Louse","floor":5,"turns":4},{"damage":6,"enemies":"Small Slimes","floor":7,"turns":6},{"damage":16,"enemies":"Gremlin Gang","floor":8,"turns":9},{"damage":36,"enemies":"3 Sentries","floor":10,"turns":8}],"seed_played":"-6763637258839549073","potions_obtained":[{"floor":1,"key":"Ancient Potion"},{"floor":8,"key":"Energy Potion"}],"is_trial":false,"path_per_floor":["M","$","?","?","M","R","M","M","T","E"],"character_chosen":"THE_SILENT","items_purchased":["Well Laid Plans","Cloak And Dagger"],"campfire_rested":0,"item_purchase_floors":[2,2],"current_hp_per_floor":[55,55,55,43,42,42,36,32,32,0],"gold":229,"neow_bonus":"HUNDRED_GOLD","is_prod":false,"is_daily":false,"chose_seed":false,"campfire_upgraded":1,"win_rate":0,"timestamp":1551919777,"path_taken":["M","$","?","?","M","R","M","M","T","E"],"build_version":"2019-01-23","purchased_purges":1,"victory":false,"max_hp_per_floor":[70,70,70,70,70,70,70,70,70,70],"card_choices":[{"not_picked":["Skewer","Flechettes","Caltrops"],"picked":"SKIP","floor":1},{"not_picked":["Outmaneuver","Bane","Deflect"],"picked":"SKIP","floor":5},{"not_picked":["Slice","Endless Agony"],"picked":"Accuracy","floor":7},{"not_picked":["Flying Knee","Flechettes"],"picked":"Infinite Blades","floor":8}],"player_experience":214230,"relics_obtained":[{"floor":9,"key":"Vajra"}],"event_choices":[{"damage_healed":0,"gold_gain":175,"player_choice":"AGREE","damage_taken":0,"max_hp_gain":0,"max_hp_loss":0,"event_name":"Liars Game","floor":3,"gold_loss":0,"cards_obtained":["Doubt"]},{"damage_healed":0,"gold_gain":0,"player_choice":"Success","damage_taken":12,"relics_obtained":["Meat on the Bone"],"max_hp_gain":0,"max_hp_loss":0,"event_name":"Scrap Ooze","floor":4,"gold_loss":0}],"is_beta":false,"boss_relics":[],"items_purged_floors":[2],"is_endless":false,"potions_floor_spawned":[1,8],"killed_by":"3 Sentries","ascension_level":3}