{"gold_per_floor":[118,118,43,59,76,76,90,90,90,90,90,90,90,131,131,131],"floor_reached":16,"playtime":724,"items_purged":["Strike_G"],"score":98,"play_id":"a208afee-8694-416e-baad-50f6f3532560","local_time":"20190306161337","is_ascension_mode":false,"campfire_choices":[{"data":"Neutralize","floor":6,"key":"SMITH"},{"data":"Dagger Spray","floor":10,"key":"SMITH"},{"data":"Bouncing Flask","floor":12,"key":"SMITH"},{"data":"Crippling Poison","floor":15,"key":"SMITH"}],"neow_cost":"NONE","seed_source_timestamp":18192294653097,"circlet_count":0,"master_deck":["Defend_G","Defend_G","Defend_G","Defend_G","Defend_G","Strike_G","Strike_G","Strike_G","Strike_G","Survivor","Neutralize+1","Backflip","Bouncing Flask+1","Quick Slash","Dagger Spray+1","Crippling Poison+1"],"relics":["Ring of the Snake","Singing Bowl","Gremlin Horn","Golden Idol","Pantograph"],"potions_floor_usage":[14,14,16],"damage_taken":[{"damage":7,"enemies":"2 Louse","floor":1,"turns":3},{"damage":1,"enemies":"Cultist","floor":4,"turns":4},{"damage":2,"enemies":"Small Slimes","floor":5,"turns":4},{"damage":1,"enemies":"3 Louse","floor":7,"turns":4},{"damage":6,"enemies":"3 Sentries","floor":14,"turns":6},{"damage":68,"enemies":"Slime Boss","floor":16,"turns":10}],"seed_played":"3923768676434091947","potions_obtained":[{"floor":1,"key":"GamblersBrew"},{"floor":4,"key":"SkillPotion"},{"floor":7,"key":"Weak Potion"}],"is_trial":false,"path_per_floor":["M","?","$","M","M","R","M","?","T","R","?","R","?","E","R","B"],"character_chosen":"THE_SILENT","items_purchased":[],"campfire_rested":0,"item_purchase_floors":[],"current_hp_per_floor":[63,63,63,62,60,60,59,47,47,47,47,47,65,59,59,0],"gold":131,"neow_bonus":"RANDOM_COLORLESS","is_prod":false,"is_daily":false,"chose_seed":false,"campfire_upgraded":4,"win_rate":0,"timestamp":1551917617,"path_taken":["M","?","$","M","M","R","?","?","T","R","?","R","?","E","R","BOSS"],"build_version":"2019-01-23","purchased_purges":1,"victory":false,"max_hp_per_floor":[70,70,70,70,70,70,70,70,70,70,65,65,65,65,65,65],"card_choices":[{"not_picked":["Cloak And Dagger","All Out Attack"],"picked":"Backflip","floor":1},{"not_picked":["All Out Attack","Calculated Gamble"],"picked":"Bouncing Flask","floor":4},{"not_picked":["Cloak And Dagger","Poisoned Stab"],"picked":"Quick Slash","floor":5},{"not_picked":["Eviscerate","Cloak And Dagger"],"picked":"Dagger Spray","floor":7},{"not_picked":["Night Terror","Dagger Throw"],"picked":"Crippling Poison","floor":14}],"player_experience":308595,"relics_obtained":[{"floor":9,"key":"Gremlin Horn"},{"floor":14,"key":"Pantograph"}],"event_choices":[{"cards_removed":["Strike_B"],"damage_healed":0,"gold_gain":0,"player_choice":"Took Card","damage_taken":0,"max_hp_gain":0,"max_hp_loss":0,"event_name":"NoteForYourself","floor":2,"gold_loss":0,"cards_obtained":["Strike_B"]},{"damage_healed":0,"gold_gain":0,"player_choice":"Success","damage_taken":12,"relics_obtained":["Singing Bowl"],"max_hp_gain":0,"max_hp_loss":0,"event_name":"Scrap Ooze","floor":8,"gold_loss":0},{"damage_healed":0,"gold_gain":0,"player_choice":"Lose Max HP","damage_taken":0,"relics_obtained":["Golden Idol"],"max_hp_gain":0,"max_hp_loss":5,"event_name":"Golden Idol","floor":11,"gold_loss":0},{"cards_removed":["Purity"],"damage_healed":18,"gold_gain":0,"player_choice":"Offered Uncommon","damage_taken":0,"max_hp_gain":0,"max_hp_loss":0,"event_name":"Bonfire Elementals","floor":13,"gold_loss":0}],"is_beta":false,"boss_relics":[],"items_purged_floors":[3],"is_endless":false,"potions_floor_spawned":[1,4,7],"killed_by":"Slime Boss","ascension_level":0}