{"gold_per_floor":[113,125,139,150,150,181,200,200,252,287,287,314,314,328,328,427,427,448,448,482,495,420,420,54,54,54,54,54,54,73,90,90,90],"floor_reached":33,"playtime":1263,"items_purged":["Strike_B","Strike_B"],"score":504,"play_id":"a8a2ce70-749d-46bd-a47f-dd8fa38bf8da","local_time":"20190221124048","is_ascension_mode":true,"campfire_choices":[{"data":"Beam Cell","floor":8,"key":"SMITH"},{"floor":11,"key":"REST"},{"floor":15,"key":"REST"},{"data":"Defragment","floor":23,"key":"SMITH"},{"floor":32,"key":"REST"}],"neow_cost":"NONE","seed_source_timestamp":285879934544015,"circlet_count":0,"master_deck":["AscendersBane","Defend_B","Defend_B","Defend_B","Zap","Dualcast","Hello World","Ball Lightning","Conserve Battery","Conserve Battery","Beam Cell+1","Rebound","Defragment+1","Core Surge","Cold Snap","Coolheaded","Fission","Self Repair","Skim","Rebound+1"],"relics":["Cracked Core","Darkstone Periapt","Omamori","Blue Candle","Anchor","Bloody Idol","Empty Cage","Happy Flower","Red Mask","Bottled Flame"],"potions_floor_usage":[7,10,20,30,33],"damage_taken":[{"damage":2,"enemies":"Cultist","floor":1,"turns":4},{"damage":7,"enemies":"Small Slimes","floor":2,"turns":3},{"damage":2,"enemies":"Jaw Worm","floor":3,"turns":3},{"damage":11,"enemies":"2 Fungi Beasts","floor":4,"turns":3},{"damage":9,"enemies":"Lagavulin","floor":6,"turns":7},{"damage":12,"enemies":"Exordium Wildlife","floor":7,"turns":5},{"damage":15,"enemies":"3 Sentries","floor":10,"turns":7},{"damage":13,"enemies":"Lagavulin","floor":12,"turns":5},{"damage":2,"enemies":"3 Louse","floor":14,"turns":3},{"damage":22,"enemies":"Slime Boss","floor":16,"turns":8},{"damage":13,"enemies":"Spheric Guardian","floor":18,"turns":5},{"damage":32,"enemies":"Masked Bandits","floor":20,"turns":5},{"damage":3,"enemies":"Chosen","floor":21,"turns":4},{"damage":10,"enemies":"Shelled Parasite and Fungi","floor":30,"turns":7},{"damage":10,"enemies":"Snecko","floor":31,"turns":4},{"damage":62,"enemies":"Collector","floor":33,"turns":6}],"seed_played":"2247198944803667830","potions_obtained":[{"floor":1,"key":"Block Potion"},{"floor":2,"key":"PowerPotion"},{"floor":10,"key":"Ancient Potion"},{"floor":18,"key":"Dexterity Potion"},{"floor":31,"key":"Block Potion"}],"is_trial":false,"path_per_floor":["M","M","M","M","?","E","M","R","T","E","R","E","?","M","R","B",null,"M","?","?","M","$","R","$","?","T","?","?","$","M","M","R","B"],"character_chosen":"DEFECT","items_purchased":["Fission","Self Repair"],"campfire_rested":3,"item_purchase_floors":[24,24],"current_hp_per_floor":[69,62,60,49,49,40,28,28,28,13,36,23,23,21,44,22,64,51,51,19,16,16,16,16,16,16,16,16,16,18,20,43,0],"gold":90,"neow_bonus":"TEN_PERCENT_HP_BONUS","is_prod":false,"is_daily":false,"chose_seed":false,"campfire_upgraded":2,"win_rate":0,"timestamp":1550720448,"path_taken":["M","M","M","M","?","E","M","R","T","E","R","E","?","M","R","BOSS","M","?","?","M","$","R","$","?","T","?","?","$","?","M","R","BOSS"],"build_version":"2019-01-23","purchased_purges":2,"victory":false,"max_hp_per_floor":[78,78,78,78,78,78,78,78,78,78,78,78,78,78,78,78,78,78,78,78,78,78,78,78,78,78,78,78,78,78,78,78,78],"card_choices":[{"not_picked":["Turbo","Hologram","Force Field"],"picked":"SKIP","floor":1},{"not_picked":["Conserve Battery","Self Repair"],"picked":"Hello World","floor":2},{"not_picked":["Beam Cell","Streamline"],"picked":"Ball Lightning","floor":3},{"not_picked":["Chaos","Heatsinks"],"picked":"Conserve Battery","floor":4},{"not_picked":["Machine Learning","Coolheaded"],"picked":"Beam Cell","floor":6},{"not_picked":["Reinforced Body","Sweeping Beam"],"picked":"Rebound","floor":7},{"not_picked":["Force Field","Static Discharge","Steam"],"picked":"SKIP","floor":10},{"not_picked":["BootSequence","Barrage","Redo"],"picked":"SKIP","floor":12},{"not_picked":["Stack","Blizzard"],"picked":"Defragment","floor":14},{"not_picked":["Rainbow","Amplify"],"picked":"Core Surge","floor":16},{"not_picked":["Beam Cell","Barrage","Redo"],"picked":"SKIP","floor":18},{"not_picked":["Barrage","Redo+1"],"picked":"Cold Snap","floor":20},{"not_picked":["Stack","Turbo"],"picked":"Coolheaded","floor":21},{"not_picked":["Beam Cell","Gash"],"picked":"Skim","floor":30},{"not_picked":["Recycle","Steam"],"picked":"Rebound+1","floor":31}],"player_experience":805693,"relics_obtained":[{"floor":6,"key":"Darkstone Periapt"},{"floor":9,"key":"Omamori"},{"floor":10,"key":"Blue Candle"},{"floor":12,"key":"Anchor"},{"floor":20,"key":"Red Mask"},{"floor":26,"key":"Bottled Flame"}],"event_choices":[{"damage_healed":0,"gold_gain":0,"cards_transformed":["Strike_B"],"player_choice":"Change","damage_taken":0,"max_hp_gain":0,"max_hp_loss":0,"event_name":"Living Wall","floor":5,"gold_loss":0,"cards_obtained":["Conserve Battery"]},{"damage_healed":0,"gold_gain":0,"player_choice":"Take Wound","damage_taken":0,"relics_obtained":["Golden Idol"],"max_hp_gain":0,"max_hp_loss":0,"event_name":"Golden Idol","floor":13,"gold_loss":0,"cards_obtained":["Injury"]},{"damage_healed":0,"gold_gain":0,"player_choice":"Opened","damage_taken":0,"relics_obtained":["Happy Flower"],"max_hp_gain":0,"max_hp_loss":0,"event_name":"The Mausoleum","floor":19,"gold_loss":0,"cards_obtained":["Writhe"]},{"damage_healed":0,"gold_gain":0,"player_choice":"Fought Bandits","damage_taken":0,"max_hp_gain":0,"max_hp_loss":0,"event_name":"Masked Bandits","floor":20,"gold_loss":0},{"damage_healed":0,"gold_gain":0,"player_choice":"Gave Idol","damage_taken":0,"relics_obtained":["Bloody Idol"],"max_hp_gain":0,"max_hp_loss":0,"event_name":"Forgotten Altar","floor":25,"relics_lost":["Golden Idol"],"gold_loss":0},{"damage_healed":0,"gold_gain":0,"player_choice":"Ignored","damage_taken":0,"max_hp_gain":0,"max_hp_loss":0,"event_name":"Vampires","floor":27,"gold_loss":0},{"damage_healed":0,"gold_gain":0,"player_choice":"Ignored","damage_taken":0,"max_hp_gain":0,"max_hp_loss":0,"event_name":"Cursed Tome","floor":28,"gold_loss":0}],"is_beta":false,"boss_relics":[{"not_picked":["White Beast Statue","Lizard Tail"],"picked":"Empty Cage"}],"items_purged_floors":[22,24],"is_endless":false,"potions_floor_spawned":[1,2,6,10,18,31],"killed_by":"Collector","ascension_level":18}