{"gold_per_floor":[117,392,48,60,10,42,66,80,80,93,111,111,128,142,142,245,245,255,266,266],"floor_reached":20,"playtime":821,"items_purged":["Regret"],"score":305,"play_id":"317c3eda-ecdf-421c-9464-5b630459271d","local_time":"20181029185614","is_ascension_mode":true,"campfire_choices":[{"data":"Hologram","floor":12,"key":"SMITH"},{"floor":15,"key":"REST"}],"neow_cost":"NONE","seed_source_timestamp":9616894452646232,"circlet_count":0,"master_deck":["Strike_B","Strike_B","Strike_B","Defend_B","Defend_B","Defend_B","Defend_B","Zap","Dualcast","AscendersBane","Chaos","Gash","Capacitor","Hologram+1","Creative AI","Beam Cell","Hello World","Conserve Battery","Gash","Sweeping Beam","Gash","Meteor Strike","Conserve Battery","Aggregate+1"],"relics":["Cracked Core","NeowsBlessing","Vajra","Sundial","Odd Mushroom","Bronze Scales","Coffee Dripper"],"potions_floor_usage":[7,11,16,18,18,20,20],"damage_taken":[{"damage":0,"enemies":"Small Slimes","floor":1,"turns":1},{"damage":0,"enemies":"Cultist","floor":4,"turns":1},{"damage":0,"enemies":"3 Sentries","floor":6,"turns":1},{"damage":16,"enemies":"The Mushroom Lair","floor":7,"turns":4},{"damage":2,"enemies":"Jaw Worm","floor":8,"turns":4},{"damage":12,"enemies":"3 Louse","floor":10,"turns":2},{"damage":12,"enemies":"2 Fungi Beasts","floor":11,"turns":3},{"damage":6,"enemies":"Looter","floor":13,"turns":2},{"damage":9,"enemies":"Blue Slaver","floor":14,"turns":3},{"damage":3,"enemies":"The Guardian","floor":16,"turns":10},{"damage":35,"enemies":"2 Thieves","floor":18,"turns":4},{"damage":0,"enemies":"Chosen","floor":19,"turns":6},{"damage":37,"enemies":"Colosseum Slavers","floor":20,"turns":2}],"seed_played":"451585202084133796","potions_obtained":[{"floor":6,"key":"Block Potion"},{"floor":10,"key":"Weak Potion"},{"floor":11,"key":"Weak Potion"},{"floor":13,"key":"GamblersBrew"},{"floor":14,"key":"Block Potion"},{"floor":18,"key":"Fruit Juice"},{"floor":19,"key":"GamblersBrew"}],"is_trial":false,"path_per_floor":["M","?","$","M","?","E","?","M","T","M","M","R","M","M","R","B",null,"M","M"],"character_chosen":"DEFECT","items_purchased":["Gash","Vajra","Capacitor"],"campfire_rested":1,"item_purchase_floors":[3,3,3],"current_hp_per_floor":[68,68,68,68,68,68,52,50,50,38,26,26,20,11,33,30,64,34,34,0],"gold":266,"neow_bonus":"THREE_ENEMY_KILL","is_prod":false,"is_daily":false,"chose_seed":false,"campfire_upgraded":1,"win_rate":0,"timestamp":1540864574,"path_taken":["M","?","$","M","?","E","?","M","T","M","?","R","M","M","R","BOSS","M","M","?"],"build_version":"2018-10-25v2","purchased_purges":1,"victory":false,"max_hp_per_floor":[75,75,75,75,75,75,75,75,75,75,75,75,75,75,75,75,75,80,80,80],"card_choices":[{"not_picked":["Hologram","Go for the Eyes"],"picked":"Chaos","floor":1},{"not_picked":["Stack","Steam"],"picked":"Hologram","floor":4},{"not_picked":["Barrage","Melter"],"picked":"Creative AI","floor":6},{"not_picked":["Sunder","Melter"],"picked":"Beam Cell","floor":7},{"not_picked":["Glacier","Rebound"],"picked":"Hello World","floor":8},{"not_picked":["Undo","Compile Driver"],"picked":"Conserve Battery","floor":10},{"not_picked":["Beam Cell","Barrage"],"picked":"Gash","floor":11},{"not_picked":["Coolheaded","Sunder"],"picked":"Sweeping Beam","floor":13},{"not_picked":["Cold Snap","Sunder"],"picked":"Gash","floor":14},{"not_picked":["Creative AI","Core Surge"],"picked":"Meteor Strike","floor":16},{"not_picked":["Rebound","Beam Cell"],"picked":"Conserve Battery","floor":18},{"not_picked":["Cold Snap","Compile Driver"],"picked":"Aggregate+1","floor":19}],"player_experience":326823,"relics_obtained":[{"floor":6,"key":"Sundial"},{"floor":7,"key":"Odd Mushroom"},{"floor":9,"key":"Bronze Scales"}],"event_choices":[{"damage_healed":0,"gold_gain":275,"player_choice":"Desecrate","damage_taken":0,"max_hp_gain":0,"max_hp_loss":0,"event_name":"Golden Shrine","floor":2,"gold_loss":0,"cards_obtained":["Regret"]},{"cards_removed":["Strike_B"],"damage_healed":0,"gold_gain":0,"player_choice":"Card Removal","damage_taken":0,"max_hp_gain":0,"max_hp_loss":0,"event_name":"The Cleric","floor":5,"gold_loss":50},{"damage_healed":0,"gold_gain":0,"player_choice":"Fought Mushrooms","damage_taken":0,"max_hp_gain":0,"max_hp_loss":0,"event_name":"Mushrooms","floor":7,"gold_loss":0},{"damage_healed":0,"gold_gain":0,"player_choice":"Fight","damage_taken":0,"max_hp_gain":0,"max_hp_loss":0,"event_name":"Colosseum","floor":20,"gold_loss":0}],"is_beta":false,"boss_relics":[{"not_picked":["Snecko Eye","Empty Cage"],"picked":"Coffee Dripper"}],"items_purged_floors":[3],"is_endless":false,"potions_floor_spawned":[6,10,11,13,14,18,19],"killed_by":"Colosseum Slavers","ascension_level":10}