{"gold_per_floor":[110,110,127,142,142,142,153,165,165,181,181,66,76,95,95,196,196,210,229,129,143,242,242,242,258,282,157,7,7],"floor_reached":29,"playtime":1085,"items_purged":["Defend_R","Corruption","Brutality","Corruption"],"score":219,"play_id":"6966acb1-6aff-47b2-b8fb-e47bc20a5a1b","local_time":"20190126214036","is_ascension_mode":false,"campfire_choices":[{"data":"Whirlwind","floor":6,"key":"SMITH"},{"data":"Inflame","floor":11,"key":"SMITH"},{"data":"Anger","floor":15,"key":"SMITH"},{"floor":23,"key":"REST"}],"neow_cost":"NONE","seed_source_timestamp":3571386798426471,"circlet_count":0,"master_deck":["Bash","Whirlwind+1","Shrug It Off","Pommel Strike","Inflame+1","Shrug It Off","Metallicize","Sword Boomerang","Anger+1","Double Tap","Thunderclap","Uppercut","Heavy Blade","Hemokinesis","Rampage","Burning Pact"],"relics":["Runic Pyramid","Bottled Tornado","Pandora\u0027s Box"],"potions_floor_usage":[21,21],"damage_taken":[{"damage":0,"enemies":"2 Louse","floor":1,"turns":4},{"damage":0,"enemies":"Small Slimes","floor":3,"turns":3},{"damage":1,"enemies":"Cultist","floor":4,"turns":4},{"damage":2,"enemies":"Blue Slaver","floor":7,"turns":4},{"damage":0,"enemies":"2 Fungi Beasts","floor":8,"turns":3},{"damage":3,"enemies":"Exordium Wildlife","floor":10,"turns":3},{"damage":8,"enemies":"3 Louse","floor":13,"turns":2},{"damage":0,"enemies":"2 Fungi Beasts","floor":14,"turns":2},{"damage":24,"enemies":"The Guardian","floor":16,"turns":9},{"damage":6,"enemies":"3 Byrds","floor":18,"turns":3},{"damage":7,"enemies":"Chosen","floor":19,"turns":4},{"damage":39,"enemies":"Shelled Parasite and Fungi","floor":21,"turns":3},{"damage":22,"enemies":"Snecko","floor":25,"turns":5},{"damage":18,"enemies":"Snake Plant","floor":29,"turns":4}],"seed_played":"7626203444214542129","potions_obtained":[{"floor":1,"key":"Explosive Potion"},{"floor":8,"key":"SteroidPotion"},{"floor":13,"key":"Poison Potion"},{"floor":19,"key":"PowerPotion"}],"is_trial":false,"path_per_floor":["M","?","M","M","?","R","M","M","T","M","R","$","M","M","R","B",null,"M","M","$","M","?","R","?","M","T","$","$","M"],"character_chosen":"IRONCLAD","items_purchased":["Metallicize"],"campfire_rested":1,"item_purchase_floors":[12],"current_hp_per_floor":[80,80,80,79,80,80,78,78,78,75,75,75,67,67,67,43,80,74,67,67,28,28,52,37,15,15,15,15,0],"gold":7,"neow_bonus":"BOSS_RELIC","is_prod":false,"is_daily":false,"chose_seed":false,"campfire_upgraded":3,"win_rate":0,"timestamp":1548556836,"path_taken":["M","?","M","M","?","R","M","M","T","?","R","$","M","M","R","BOSS","M","M","$","M","?","R","?","M","T","?","$","M"],"build_version":"2019-01-23","purchased_purges":4,"victory":false,"max_hp_per_floor":[80,80,80,80,80,80,80,80,80,80,80,80,80,80,80,80,80,80,80,80,80,80,80,85,85,85,85,85,85],"card_choices":[{"not_picked":["Combust","Power Through"],"picked":"Whirlwind","floor":1},{"not_picked":["Carnage","Body Slam"],"picked":"Shrug It Off","floor":3},{"not_picked":["Shockwave","Clothesline"],"picked":"Pommel Strike","floor":4},{"not_picked":["Second Wind","Corruption","Reckless Charge"],"picked":"SKIP","floor":7},{"not_picked":["Cleave","Thunderclap"],"picked":"Inflame","floor":8},{"not_picked":["Thunderclap","Bludgeon"],"picked":"Shrug It Off","floor":10},{"not_picked":["Body Slam","Pommel Strike"],"picked":"Sword Boomerang","floor":13},{"not_picked":["Disarm","Dual Wield"],"picked":"Anger","floor":14},{"not_picked":["Immolate","Feed"],"picked":"Double Tap","floor":16},{"not_picked":["Perfected Strike","Shockwave","Twin Strike"],"picked":"SKIP","floor":18},{"not_picked":["Whirlwind","Havoc","Pommel Strike"],"picked":"SKIP","floor":19},{"not_picked":["Wild Strike","Warcry"],"picked":"Burning Pact","floor":21},{"not_picked":["Headbutt","Twin Strike+1","Anger+1"],"picked":"SKIP","floor":25}],"player_experience":41679,"relics_obtained":[{"floor":9,"key":"Bottled Tornado"}],"event_choices":[{"damage_healed":0,"gold_gain":0,"player_choice":"Ignored","damage_taken":0,"max_hp_gain":0,"max_hp_loss":0,"event_name":"Golden Idol","floor":2,"gold_loss":0},{"damage_healed":1,"gold_gain":0,"player_choice":"Full Heal","damage_taken":0,"max_hp_gain":0,"max_hp_loss":0,"event_name":"Wheel of Change","floor":5,"gold_loss":0},{"damage_healed":0,"gold_gain":99,"player_choice":"Stole From Cult","damage_taken":0,"max_hp_gain":0,"max_hp_loss":0,"event_name":"Nest","floor":22,"gold_loss":0},{"damage_healed":0,"gold_gain":0,"player_choice":"Shed Blood","damage_taken":20,"max_hp_gain":5,"max_hp_loss":0,"event_name":"Forgotten Altar","floor":24,"gold_loss":0}],"is_beta":false,"boss_relics":[{"not_picked":["Runic Cube","Ectoplasm"],"picked":"Pandora\u0027s Box"}],"items_purged_floors":[12,20,27,28],"is_endless":false,"potions_floor_spawned":[1,8,13,16,18,19],"killed_by":"Snake Plant","ascension_level":0}