{"gold_per_floor":[114,114,114,16,31,61,61,91,116,146,146,146,161,191,191,291,291,306,306,221,56,71,101,101,131,206,6,21,120,134,164,164,276,288,315,342,369,603,630,672,699,741,753,825,837,879,891,933,945,957],"floor_reached":51,"playtime":5749,"items_purged":["Regret"],"score":1152,"play_id":"b8f3e2d4-4b25-4655-9ebb-bdb7d1a5a1c0","local_time":"20181127035712","daily_mods":["Shiny","Diverse","Elite Swarm"],"is_ascension_mode":false,"campfire_choices":[{"data":"1","floor":7,"key":"LIFT"},{"floor":11,"key":"REST"},{"data":"2","floor":15,"key":"LIFT"},{"data":"3","floor":24,"key":"LIFT"},{"floor":32,"key":"DIG"},{"floor":47,"key":"DIG"},{"floor":49,"key":"DIG"}],"neow_cost":"","seed_source_timestamp":44243639087883,"circlet_count":0,"master_deck":["Multi-Cast","Hyperbeam","Thunder Strike","Biased Cognition","Machine Learning","Electrodynamics","Buffer","Rainbow","Seek","Meteor Strike","Echo Form","All For One","Reboot","Amplify","Creative AI","Fission","Core Surge","Venomology","Corpse Explosion","Malaise","Phantasmal Killer","Die Die Die","Adrenaline","Envenom","Doppelganger","Burst","Wraith Form v2","Tools of the Trade","Night Terror","Unload","After Image+1","Bullet Time","Storm of Steel","Glass Knife","A Thousand Cuts","Double Tap","Demon Form","Bludgeon","Feed","Limit Break","Barricade","Fiend Fire","Dark Embrace","Berserk","Impervious","Juggernaut","Brutality","Reaper","Exhume","Offering","Immolate","Seeing Red","Recycle","Acrobatics","Noxious Fumes","Juggernaut","Juggernaut","Bullet Time","Glacier","Malaise","Die Die Die","Capacitor","Metallicize","Backflip","BootSequence","Exhume","Limit Break","Cloak And Dagger","Seek","Burst","Armaments+1","Beam Cell","Wild Strike+1","Seek","Dash+1","Reboot","Amplify","Madness","Madness","Die Die Die"],"special_seed":17862,"relics":["Cracked Core","Girya","Juzu Bracelet","Bronze Scales","Vajra","Torii","Oddly Smooth Stone","Runic Pyramid","Dream Catcher","Bag of Marbles","Shovel","Pocketwatch","Shuriken","Sling","Red Mask","Omamori","MawBank","Fusion Hammer","Anchor","Calipers","Pantograph","Tiny Chest","Incense Burner","Lantern","Centennial Puzzle","Cables"],"potions_floor_usage":[16,25,28,31,39,40,48,50],"damage_taken":[{"damage":11,"enemies":"Jaw Worm","floor":1,"turns":2},{"damage":0,"enemies":"Small Slimes","floor":5,"turns":2},{"damage":12,"enemies":"Gremlin Nob","floor":6,"turns":4},{"damage":6,"enemies":"Lagavulin","floor":8,"turns":3},{"damage":11,"enemies":"Gremlin Nob","floor":10,"turns":3},{"damage":0,"enemies":"Cultist","floor":13,"turns":3},{"damage":7,"enemies":"3 Sentries","floor":14,"turns":3},{"damage":12,"enemies":"Hexaghost","floor":16,"turns":6},{"damage":0,"enemies":"3 Byrds","floor":18,"turns":2},{"damage":2,"enemies":"Chosen","floor":22,"turns":4},{"damage":0,"enemies":"Gremlin Leader","floor":23,"turns":3},{"damage":21,"enemies":"Slavers","floor":25,"turns":3},{"damage":14,"enemies":"Shelled Parasite and Fungi","floor":28,"turns":4},{"damage":0,"enemies":"Masked Bandits","floor":30,"turns":2},{"damage":5,"enemies":"Gremlin Leader","floor":31,"turns":7},{"damage":0,"enemies":"Champ","floor":33,"turns":4},{"damage":10,"enemies":"3 Shapes","floor":35,"turns":4},{"damage":0,"enemies":"Orb Walker","floor":36,"turns":2},{"damage":0,"enemies":"Spire Growth","floor":37,"turns":2},{"damage":11,"enemies":"Sphere and 2 Shapes","floor":39,"turns":5},{"damage":47,"enemies":"Reptomancer","floor":40,"turns":5},{"damage":0,"enemies":"Maw","floor":41,"turns":7},{"damage":6,"enemies":"Giant Head","floor":42,"turns":5},{"damage":0,"enemies":"Reptomancer","floor":44,"turns":4},{"damage":0,"enemies":"Giant Head","floor":46,"turns":4},{"damage":19,"enemies":"Nemesis","floor":48,"turns":7},{"damage":14,"enemies":"Donu and Deca","floor":50,"turns":5}],"seed_played":"1382297416292303872","potions_obtained":[{"floor":1,"key":"Explosive Potion"},{"floor":5,"key":"Weak Potion"},{"floor":10,"key":"Weak Potion"},{"floor":13,"key":"GamblersBrew"},{"floor":16,"key":"FearPotion"},{"floor":22,"key":"EssenceOfSteel"},{"floor":25,"key":"Swift Potion"},{"floor":39,"key":"Fruit Juice"},{"floor":40,"key":"Dexterity Potion"}],"is_trial":false,"path_per_floor":["M","?","?","$","M","E","R","E","T","E","R","?","M","E","R","B",null,"M","?","?","$","M","E","R","E","T","$","M","?","?","E","R","B",null,"M","M","M","?","M","E","M","E","T","E","?","E","R","E","R","B",null],"character_chosen":"DEFECT","items_purchased":["Recycle","Acrobatics","Metallicize","Backflip","Sling"],"campfire_rested":1,"item_purchase_floors":[4,4,21,21,27],"current_hp_per_floor":[64,57,57,57,57,49,49,43,43,32,54,54,60,53,53,41,75,75,75,75,75,75,75,75,66,66,66,52,52,52,50,50,50,78,71,71,71,71,77,50,74,89,89,89,78,78,78,89,89,89],"gold":969,"neow_bonus":"","is_prod":false,"is_daily":true,"chose_seed":false,"campfire_upgraded":0,"win_rate":0,"timestamp":1543287432,"path_taken":["M","?","?","$","M","E","R","E","T","E","R","?","M","E","R","BOSS","M","?","?","$","M","E","R","E","T","$","M","?","?","E","R","BOSS","M","M","M","?","M","E","M","E","T","E","?","E","R","E","R","BOSS"],"build_version":"2018-11-15","purchased_purges":1,"victory":true,"max_hp_per_floor":[75,75,75,75,75,75,75,75,75,75,75,75,75,75,75,75,75,75,75,75,75,75,75,75,75,75,75,75,75,75,78,78,78,78,81,81,81,81,86,86,89,89,89,89,89,89,89,89,89,89],"card_choices":[{"not_picked":["Shrug It Off","Infernal Blade"],"picked":"Seeing Red","floor":1},{"not_picked":["Cold Snap","Scrape"],"picked":"Noxious Fumes","floor":5},{"not_picked":["Creative AI","Tools of the Trade"],"picked":"Juggernaut","floor":6},{"not_picked":["Double Tap","Envenom"],"picked":"Juggernaut","floor":8},{"not_picked":["Thunder Strike","Creative AI"],"picked":"Bullet Time","floor":10},{"not_picked":["Compile Driver","Deadly Poison"],"picked":"Glacier","floor":13},{"not_picked":["Multi-Cast","Bludgeon"],"picked":"Malaise","floor":14},{"not_picked":["Envenom","All For One"],"picked":"Die Die Die","floor":16},{"not_picked":["Slice","Rampage"],"picked":"Capacitor","floor":18},{"not_picked":["Slice","Deadly Poison"],"picked":"BootSequence","floor":22},{"not_picked":["Die Die Die","All For One"],"picked":"Exhume","floor":23},{"not_picked":["Machine Learning","Doppelganger"],"picked":"Limit Break","floor":25},{"not_picked":["Redo","Streamline+1","Flying Knee+1"],"picked":"SKIP","floor":28},{"not_picked":["Capacitor+1","Blizzard"],"picked":"Cloak And Dagger","floor":30},{"not_picked":["Die Die Die","Tools of the Trade"],"picked":"Seek","floor":31},{"not_picked":["Night Terror","Demon Form"],"picked":"Burst","floor":33},{"not_picked":["Leap","Terror"],"picked":"Armaments+1","floor":35},{"not_picked":["Prepared","Gash+1","Rebound"],"picked":"SKIP","floor":36},{"not_picked":["Pommel Strike","Clash"],"picked":"Beam Cell","floor":37},{"not_picked":["Pommel Strike","Compile Driver+1"],"picked":"Wild Strike+1","floor":39},{"not_picked":["Buffer","Biased Cognition"],"picked":"Seek","floor":40},{"not_picked":["Leg Sweep","Rebound+1"],"picked":"Dash+1","floor":41},{"not_picked":["Malaise","Bludgeon"],"picked":"Reboot","floor":42},{"not_picked":["Tools of the Trade","Electrodynamics"],"picked":"Amplify","floor":44},{"not_picked":["Dark Embrace","Machine Learning"],"picked":"Die Die Die","floor":46},{"not_picked":["Night Terror","A Thousand Cuts","Bullet Time"],"picked":"SKIP","floor":48}],"player_experience":557102,"relics_obtained":[{"floor":6,"key":"Girya"},{"floor":8,"key":"Juzu Bracelet"},{"floor":9,"key":"Bronze Scales"},{"floor":10,"key":"Vajra"},{"floor":14,"key":"Oddly Smooth Stone"},{"floor":23,"key":"Shovel"},{"floor":25,"key":"Pocketwatch"},{"floor":26,"key":"Shuriken"},{"floor":30,"key":"Red Mask"},{"floor":31,"key":"Omamori"},{"floor":32,"key":"MawBank"},{"floor":40,"key":"Anchor"},{"floor":42,"key":"Calipers"},{"floor":43,"key":"Pantograph"},{"floor":44,"key":"Tiny Chest"},{"floor":46,"key":"Incense Burner"},{"floor":47,"key":"Lantern"},{"floor":48,"key":"Centennial Puzzle"},{"floor":49,"key":"Cables"}],"event_choices":[{"cards_removed":["Grand Finale"],"damage_healed":0,"gold_gain":0,"player_choice":"Card Removal","damage_taken":7,"max_hp_gain":0,"max_hp_loss":0,"event_name":"Golden Wing","floor":2,"gold_loss":0},{"damage_healed":0,"gold_gain":0,"player_choice":"Upgraded","damage_taken":0,"max_hp_gain":0,"max_hp_loss":0,"event_name":"Upgrade Shrine","floor":3,"gold_loss":0,"cards_upgraded":["After Image"]},{"damage_healed":0,"gold_gain":0,"player_choice":"Box","damage_taken":0,"relics_obtained":["Torii"],"max_hp_gain":0,"max_hp_loss":0,"event_name":"Big Fish","floor":12,"gold_loss":0,"cards_obtained":["Regret"]},{"damage_healed":0,"gold_gain":0,"player_choice":"Opened","damage_taken":0,"relics_obtained":["Dream Catcher"],"max_hp_gain":0,"max_hp_loss":0,"event_name":"The Mausoleum","floor":19,"gold_loss":0},{"damage_healed":0,"gold_gain":0,"player_choice":"Obtained Relic","damage_taken":0,"relics_obtained":["Bag of Marbles"],"max_hp_gain":0,"max_hp_loss":0,"event_name":"Addict","floor":20,"gold_loss":85},{"damage_healed":0,"gold_gain":99,"player_choice":"Stole From Cult","damage_taken":0,"max_hp_gain":0,"max_hp_loss":0,"event_name":"Nest","floor":29,"gold_loss":0},{"damage_healed":0,"gold_gain":0,"player_choice":"Fought Bandits","damage_taken":0,"max_hp_gain":0,"max_hp_loss":0,"event_name":"Masked Bandits","floor":30,"gold_loss":0},{"damage_healed":0,"gold_gain":222,"player_choice":"Wore Mask","damage_taken":0,"max_hp_gain":0,"max_hp_loss":0,"event_name":"Tomb of Lord Red Mask","floor":38,"gold_loss":0},{"damage_healed":0,"gold_gain":0,"player_choice":"Embrace Madness","damage_taken":11,"max_hp_gain":0,"max_hp_loss":0,"event_name":"Winding Halls","floor":45,"gold_loss":0,"cards_obtained":["Madness","Madness"]}],"is_beta":true,"boss_relics":[{"not_picked":["White Beast Statue","Calling Bell"],"picked":"Runic Pyramid"},{"not_picked":["Cursed Key","Velvet Choker"],"picked":"Fusion Hammer"}],"items_purged_floors":[21],"is_endless":false,"potions_floor_spawned":[1,5,10,13,16,22,23,25,36,37,39,40,46],"ascension_level":0}