{"path_per_floor":["M","?","?","$","?","R","M","E","T","R","M","M","E","M","R","B",null,"M","M","?","?","$","R"],"character_chosen":"IRONCLAD","items_purchased":["Pummel","Molten Egg 2"],"gold_per_floor":[118,118,118,45,45,45,56,82,156,156,173,184,209,228,228,330,330,344,361,361,361,27,27],"floor_reached":24,"campfire_rested":0,"playtime":791,"current_hp_per_floor":[78,83,66,66,66,66,72,85,85,85,90,89,68,74,74,74,88,63,47,92,84,84,84],"items_purged":["Defend_R"],"gold":27,"score":321,"play_id":"1438ef12-ac4e-4274-859d-9efff231f080","local_time":"20180306174130","is_prod":false,"is_daily":false,"is_ascension_mode":true,"campfire_upgraded":4,"timestamp":1520325690,"path_taken":["M","?","?","$","?","R","M","E","T","R","M","M","E","M","R","BOSS","M","M","?","?","$","R","E"],"build_version":"2018-03-01-PROD1","purchased_purges":1,"victory":false,"master_deck":["Strike_R","Strike_R","Strike_R","Strike_R","Strike_R","Defend_R","Defend_R+1","Bash+1","Pummel+1","Shrug It Off+1","Whirlwind+1","Demon Form+1","Warcry+1"],"max_hp_per_floor":[80,85,85,85,85,85,85,92,92,92,92,92,92,92,92,92,92,92,92,92,92,92,92],"relics":["Burning Blood","NeowsBlessing","Strawberry","Pantograph","Juzu Bracelet","White Beast Statue","Molten Egg 2"],"card_choices":[{"not_picked":["Rupture","Bludgeon"],"picked":"Shrug It Off"},{"not_picked":["Flex","Anger"],"picked":"Whirlwind"},{"not_picked":["Dual Wield","Havoc"],"picked":"Pummel"},{"not_picked":["Juggernaut","Exhume"],"picked":"Demon Form"},{"not_picked":["Clash","Iron Wave"],"picked":"Warcry"}],"player_experience":270335,"potions_floor_usage":[13,16,16,19,24,24],"damage_taken":[{"damage":0,"enemies":"Jaw Worm","floor":1,"turns":1},{"damage":0,"enemies":"2 Louse","floor":7,"turns":1},{"damage":0,"enemies":"Gremlin Nob","floor":8,"turns":1},{"damage":1,"enemies":"Small Slimes","floor":11,"turns":3},{"damage":7,"enemies":"3 Louse","floor":12,"turns":6},{"damage":27,"enemies":"Lagavulin","floor":13,"turns":6},{"damage":0,"enemies":"Large Slime","floor":14,"turns":4},{"damage":24,"enemies":"Slime Boss","floor":16,"turns":9},{"damage":31,"enemies":"Shell Parasite","floor":18,"turns":10},{"damage":28,"enemies":"Chosen","floor":19,"turns":7},{"damage":85,"enemies":"Slavers","floor":24,"turns":3}],"event_choices":[{"event_name":"Big Fish","player_choice":"Donut","floor":2,"damage_taken":0},{"event_name":"Shining Light","player_choice":"Entered Light","floor":3,"damage_taken":0},{"event_name":"Purifier","player_choice":"One Purge","floor":5,"damage_taken":0},{"event_name":"Bonfire Elementals","player_choice":"UNCOMMON","floor":20,"damage_taken":0},{"event_name":"Knowing Skull","player_choice":"","floor":21,"damage_taken":0}],"boss_relics":[{"not_picked":["Question Card","Runic Dome"],"picked":"White Beast Statue"}],"potions_floor_spawned":[8,11,13,14,18,19],"seed_played":"-5516402167080404933","killed_by":"Slavers","ascension_level":8,"is_trial":false}