{"gold_per_floor":[110,121,135,152,170,197,197,223,248,276,276,287,348,373,373,475,475,490,506,506,516,441,441,475,475,501,517,517,527,627,654,654,759,759,773,8,20,20,36,65,65,77,103,103,120,136,170,42,42,42,42,42,42,68,68],"floor_reached":56,"playtime":4453,"items_purged":[],"score":1906,"play_id":"04f1743e-c574-4cfe-a81d-abd10538ced6","local_time":"20190212044417","is_ascension_mode":true,"campfire_choices":[{"floor":7.0,"key":"REST"},{"floor":11.0,"key":"REST"},{"data":"Tools of the Trade","floor":15.0,"key":"SMITH"},{"floor":23.0,"key":"REST"},{"data":"Tactician","floor":25.0,"key":"SMITH"},{"data":"Glass Knife","floor":28.0,"key":"SMITH"},{"data":"Neutralize","floor":32.0,"key":"SMITH"},{"floor":41.0,"key":"RECALL"},{"floor":44.0,"key":"REST"},{"floor":49.0,"key":"REST"},{"floor":52.0,"key":"REST"}],"neow_cost":"NONE","seed_source_timestamp":451423392103847,"circlet_count":0,"master_deck":["AscendersBane","Survivor","Neutralize+1","All Out Attack","Blur","Grand Finale","Backflip","Concentrate","Doppelganger","Tools of the Trade+1","Predator","Dagger Throw","Quick Slash","PiercingWail","Caltrops","Predator","Cloak And Dagger","Dash","Flying Knee","Burst+1","Tactician+1","Cloak And Dagger+1","Reflex","Doppelganger","Deflect+1","Glass Knife+1","Acrobatics","Catalyst+1","Sucker Punch+1","Glass Knife+1","Corpse Explosion","Backflip","Slice+1","PiercingWail","Caltrops","Chrysalis","Panacea","Catalyst","Concentrate","Deadly Poison+1","Dagger Throw+1","Sucker Punch+1","Poisoned Stab+1","After Image","Footwork","Flash of Steel+1","Acrobatics"],"special_seed":0,"relics":["Pandora\u0027s Box","Tingsha","Pear","Regal Pillow","Boot","Strawberry","Runic Pyramid","War Paint","Juzu Bracelet","Gambling Chip","Ninja Scroll","Molten Egg 2","Fusion Hammer","Bag of Preparation","Vajra","Snake Skull","Blood Vial","Pantograph"],"potions_floor_usage":[55,55],"damage_taken":[{"damage":4.0,"enemies":"Jaw Worm","floor":1.0,"turns":4.0},{"damage":4.0,"enemies":"Small Slimes","floor":2.0,"turns":3.0},{"damage":2.0,"enemies":"2 Louse","floor":3.0,"turns":4.0},{"damage":8.0,"enemies":"Large Slime","floor":4.0,"turns":5.0},{"damage":5.0,"enemies":"Gremlin Gang","floor":5.0,"turns":4.0},{"damage":31.0,"enemies":"Gremlin Nob","floor":6.0,"turns":5.0},{"damage":2.0,"enemies":"Lagavulin","floor":8.0,"turns":6.0},{"damage":22.0,"enemies":"Gremlin Nob","floor":10.0,"turns":4.0},{"damage":0.0,"enemies":"Looter","floor":12.0,"turns":2.0},{"damage":15.0,"enemies":"3 Sentries","floor":14.0,"turns":5.0},{"damage":1.0,"enemies":"Slime Boss","floor":16.0,"turns":9.0},{"damage":22.0,"enemies":"2 Thieves","floor":18.0,"turns":4.0},{"damage":18.0,"enemies":"Spheric Guardian","floor":19.0,"turns":4.0},{"damage":17.0,"enemies":"Cultist and Chosen","floor":21.0,"turns":6.0},{"damage":34.0,"enemies":"Gremlin Leader","floor":24.0,"turns":8.0},{"damage":0.0,"enemies":"Snake Plant","floor":27.0,"turns":4.0},{"damage":0.0,"enemies":"Chosen and Byrds","floor":29.0,"turns":5.0},{"damage":0.0,"enemies":"Colosseum Slavers","floor":30.0,"turns":3.0},{"damage":16.0,"enemies":"Colosseum Nobs","floor":30.0,"turns":5.0},{"damage":9.0,"enemies":"Slavers","floor":31.0,"turns":5.0},{"damage":25.0,"enemies":"Champ","floor":33.0,"turns":9.0},{"damage":0.0,"enemies":"3 Shapes","floor":35.0,"turns":2.0},{"damage":8.0,"enemies":"3 Darklings","floor":37.0,"turns":2.0},{"damage":6.0,"enemies":"Writhing Mass","floor":39.0,"turns":4.0},{"damage":12.0,"enemies":"Giant Head","floor":40.0,"turns":6.0},{"damage":6.0,"enemies":"4 Shapes","floor":42.0,"turns":4.0},{"damage":0.0,"enemies":"3 Darklings","floor":45.0,"turns":1.0},{"damage":0.0,"enemies":"Writhing Mass","floor":46.0,"turns":1.0},{"damage":39.0,"enemies":"Reptomancer","floor":47.0,"turns":5.0},{"damage":66.0,"enemies":"Donu and Deca","floor":50.0,"turns":7.0},{"damage":0,"enemies":"Shield and Spear","floor":54,"turns":2},{"damage":67,"enemies":"The Heart","floor":55,"turns":6}],"seed_played":"551493975509470722","potions_obtained":[{"floor":3.0,"key":"LiquidBronze"},{"floor":4.0,"key":"LiquidBronze"},{"floor":6.0,"key":"Weak Potion"},{"floor":12.0,"key":"Energy Potion"},{"floor":16.0,"key":"Ancient Potion"},{"floor":18.0,"key":"AttackPotion"},{"floor":19.0,"key":"Regen Potion"},{"floor":29.0,"key":"Regen Potion"},{"floor":30.0,"key":"Swift Potion"},{"floor":39.0,"key":"LiquidBronze"},{"floor":40.0,"key":"SpeedPotion"}],"is_trial":false,"path_per_floor":["M","M","M","M","M","E","R","E","T","E","R","M","?","E","R","B",null,"M","M","?","M","?","R","E","R","T","M","R","M","?","E","R","B",null,"M","$","M","?","M","E","R","M","T","R","M","M","E","$","R","B",null,"R","$","E","B",null],"character_chosen":"THE_SILENT","items_purchased":["Backflip","Bag of Preparation","Vajra","Slice+1","PiercingWail","Caltrops","Chrysalis","Panacea","Flash of Steel+1","Acrobatics"],"campfire_rested":6,"item_purchase_floors":[36,36,36,36,36,36,36,36,48,48],"current_hp_per_floor":[59,55,53,45,40,9,30,38,38,16,55,55,55,47,47,46,77,55,37,37,35,35,76,42,42,42,42,42,42,40,31,31,6,67,67,67,59,59,53,41,41,35,35,76,76,76,37,37,78,14,69,87,87,87,20],"gold":68,"neow_bonus":"BOSS_RELIC","is_prod":false,"is_daily":false,"chose_seed":false,"campfire_upgraded":4,"win_rate":0,"timestamp":1549964657,"path_taken":["M","M","M","M","M","E","R","E","T","E","R","M","?","E","R","BOSS","M","M","?","M","?","R","E","R","T","M","R","M","?","E","R","BOSS","M","$","M","?","M","E","R","M","T","R","M","M","E","$","R","BOSS","R","$","E","BOSS"],"build_version":"2019-01-23","purchased_purges":0,"victory":true,"max_hp_per_floor":[70,70,70,70,70,70,70,80,80,80,80,80,80,87,87,87,87,87,87,87,87,87,87,87,87,87,87,87,87,87,87,87,87,87,87,87,87,87,87,87,87,87,87,87,87,87,87,87,87,87,87,87,87,87,87],"card_choices":[{"not_picked":["Blade Dance","Quick Slash"],"picked":"Dagger Throw","floor":1.0},{"not_picked":["Envenom","Underhanded Strike"],"picked":"Quick Slash","floor":2.0},{"not_picked":["Prepared","PiercingWail"],"picked":"Well Laid Plans","floor":3.0},{"not_picked":["Acrobatics","Dagger Throw"],"picked":"PiercingWail","floor":4.0},{"not_picked":["Terror","Concentrate"],"picked":"Caltrops","floor":5.0},{"not_picked":["Underhanded Strike","Outmaneuver"],"picked":"Predator","floor":6.0},{"not_picked":["Wraith Form v2","Concentrate"],"picked":"Cloak And Dagger","floor":8.0},{"not_picked":["Bane","Blade Dance","Prepared"],"picked":"SKIP","floor":10.0},{"not_picked":["Acrobatics","Leg Sweep"],"picked":"Dash","floor":12.0},{"not_picked":["Distraction","PiercingWail"],"picked":"Flying Knee","floor":14.0},{"not_picked":["Night Terror","Grand Finale"],"picked":"Burst","floor":16.0},{"not_picked":["Caltrops","Concentrate"],"picked":"Tactician","floor":18.0},{"not_picked":["Outmaneuver","Dodge and Roll+1"],"picked":"Cloak And Dagger+1","floor":19.0},{"not_picked":["Acrobatics","Underhanded Strike"],"picked":"Deflect","floor":21.0},{"not_picked":["Masterful Stab","Prepared"],"picked":"Glass Knife","floor":24.0},{"not_picked":["Flying Knee","Deflect"],"picked":"Acrobatics","floor":27.0},{"not_picked":["Sucker Punch","Deadly Poison"],"picked":"Catalyst+1","floor":29.0},{"not_picked":["Dodge and Roll","Terror"],"picked":"Sucker Punch+1","floor":30.0},{"not_picked":["Tactician","Deflect"],"picked":"Glass Knife","floor":31.0},{"not_picked":["Phantasmal Killer","A Thousand Cuts"],"picked":"Corpse Explosion","floor":33.0},{"not_picked":["Dagger Spray+1","Terror","Bane+1"],"picked":"SKIP","floor":35.0},{"not_picked":["Blade Dance","Sucker Punch+1"],"picked":"Catalyst","floor":37.0},{"not_picked":["Flying Knee+1","Blade Dance"],"picked":"Deadly Poison+1","floor":39.0},{"not_picked":["Endless Agony+1","Sucker Punch+1"],"picked":"Dagger Throw+1","floor":40.0},{"not_picked":["Endless Agony+1","Flying Knee+1"],"picked":"Sucker Punch+1","floor":42.0},{"not_picked":["Endless Agony+1","Calculated Gamble"],"picked":"Poisoned Stab+1","floor":45.0},{"not_picked":["Underhanded Strike+1","Cloak And Dagger"],"picked":"After Image","floor":46.0},{"not_picked":["Underhanded Strike+1","Flechettes+1"],"picked":"Footwork","floor":47.0},{"not_picked":["Dash+1","Dagger Throw+1","Terror"],"picked":"SKIP","floor":54}],"player_experience":398715,"relics_obtained":[{"floor":6.0,"key":"Tingsha"},{"floor":8.0,"key":"Pear"},{"floor":9.0,"key":"Regal Pillow"},{"floor":10.0,"key":"Boot"},{"floor":14.0,"key":"Strawberry"},{"floor":24.0,"key":"War Paint"},{"floor":26.0,"key":"Juzu Bracelet"},{"floor":30.0,"key":"Gambling Chip"},{"floor":30.0,"key":"Ninja Scroll"},{"floor":31.0,"key":"Molten Egg 2"},{"floor":40.0,"key":"Snake Skull"},{"floor":47.0,"key":"Blood Vial"},{"floor":54,"key":"Pantograph"}],"event_choices":[{"damage_healed":0.0,"max_hp_gain":0.0,"max_hp_loss":0.0,"gold_gain":61.0,"event_name":"Golden Wing","player_choice":"Gained Gold","floor":13.0,"gold_loss":0.0,"damage_taken":0.0},{"damage_healed":0.0,"max_hp_gain":0.0,"max_hp_loss":0.0,"gold_gain":0.0,"cards_transformed":["Envenom","Well Laid Plans"],"event_name":"Drug Dealer","player_choice":"Became Test Subject","floor":20.0,"gold_loss":0.0,"damage_taken":0.0,"cards_obtained":["Reflex","Doppelganger"]},{"cards_removed":["A Thousand Cuts"],"damage_healed":0.0,"max_hp_gain":0.0,"max_hp_loss":0.0,"gold_gain":0.0,"event_name":"Beggar","player_choice":"Gave Gold","floor":22.0,"gold_loss":75.0,"damage_taken":0.0},{"damage_healed":0.0,"max_hp_gain":0.0,"max_hp_loss":0.0,"gold_gain":0.0,"event_name":"Colosseum","player_choice":"Fight","floor":30.0,"gold_loss":0.0,"damage_taken":0.0},{"damage_healed":0.0,"max_hp_gain":0.0,"max_hp_loss":0.0,"gold_gain":0.0,"event_name":"Colosseum","player_choice":"Fought Nobs","floor":30.0,"gold_loss":0.0,"damage_taken":0.0},{"damage_healed":0.0,"max_hp_gain":0.0,"max_hp_loss":0.0,"gold_gain":0.0,"event_name":"Duplicator","player_choice":"Copied","floor":38.0,"gold_loss":0.0,"damage_taken":0.0,"cards_obtained":["Concentrate"]}],"is_beta":false,"boss_relics":[{"not_picked":["Coffee Dripper","White Beast Statue"],"picked":"Runic Pyramid"},{"not_picked":["Velvet Choker","Black Star"],"picked":"Fusion Hammer"}],"items_purged_floors":[],"is_endless":false,"potions_floor_spawned":[3,4,6,12,16,18,19,29,30,30,39,40,46],"ascension_level":12}