{"gold_per_floor":[114,61,136,146,159,159,159,184,258,277,291,318,268,283,283,384,384,402,414,414,513,530,530,455,455,507,539,539,565,96,111,111,208,208,219,64,76,76,94,94,113,113,137,137,137,153,163,174,174,174],"floor_reached":50,"playtime":4059,"items_purged":["Wild Strike"],"score":474,"play_id":"bc86bde1-c270-49f3-8696-63d0cae50d3e","local_time":"20190308014622","is_ascension_mode":false,"campfire_choices":[{"data":"Armaments","floor":6.0,"key":"SMITH"},{"floor":15.0,"key":"REST"},{"floor":23.0,"key":"REST"},{"floor":28.0,"key":"REST"},{"floor":32.0,"key":"REST"},{"floor":40,"key":"RECALL"},{"floor":42,"key":"REST"},{"floor":49,"key":"REST"}],"neow_cost":"NONE","seed_source_timestamp":17228638725627,"circlet_count":0,"master_deck":["Strike_R+1","Strike_R+1","Strike_R+1","Strike_R+1","Defend_R+1","Defend_R+1","Defend_R+1","Armaments+1","Flame Barrier","Shrug It Off","Thunderclap","Shrug It Off","Pommel Strike","Twin Strike","Disarm+1","Flex","Perfected Strike","Perfected Strike","Mayhem","Limit Break","Thunderclap","Twin Strike","Metallicize+1","Seeing Red+1","Ghostly Armor"],"special_seed":0,"relics":["Burning Blood","NeowsBlessing","Oddly Smooth Stone","Ancient Tea Set","Runic Cube","Question Card","Boot","Meat on the Bone","Red Mask","PreservedInsect","Dream Catcher","Bronze Scales"],"potions_floor_usage":[33,33,33,39,41,47,48],"damage_taken":[{"damage":0.0,"enemies":"Cultist","floor":1.0,"turns":1.0},{"damage":0.0,"enemies":"Jaw Worm","floor":4.0,"turns":1.0},{"damage":0.0,"enemies":"Small Slimes","floor":5.0,"turns":1.0},{"damage":29.0,"enemies":"3 Sentries","floor":8.0,"turns":14.0},{"damage":1.0,"enemies":"Red Slaver","floor":10.0,"turns":4.0},{"damage":1.0,"enemies":"Blue Slaver","floor":11.0,"turns":4.0},{"damage":40.0,"enemies":"Lagavulin","floor":12.0,"turns":8.0},{"damage":10.0,"enemies":"Looter","floor":14.0,"turns":2.0},{"damage":15.0,"enemies":"The Guardian","floor":16.0,"turns":16.0},{"damage":11.0,"enemies":"3 Byrds","floor":18.0,"turns":4.0},{"damage":41.0,"enemies":"2 Thieves","floor":19.0,"turns":4.0},{"damage":32.0,"enemies":"Centurion and Healer","floor":22.0,"turns":11.0},{"damage":22.0,"enemies":"Book of Stabbing","floor":27.0,"turns":10.0},{"damage":35.0,"enemies":"Masked Bandits","floor":29.0,"turns":6.0},{"damage":20.0,"enemies":"Shelled Parasite and Fungi","floor":31.0,"turns":6.0},{"damage":48,"enemies":"Automaton","floor":33,"turns":9},{"damage":41,"enemies":"3 Darklings","floor":35,"turns":6},{"damage":15,"enemies":"3 Shapes","floor":37,"turns":3},{"damage":43,"enemies":"Jaw Worm Horde","floor":39,"turns":6},{"damage":16,"enemies":"4 Shapes","floor":41,"turns":7},{"damage":16,"enemies":"Transient","floor":46,"turns":5},{"damage":42,"enemies":"Maw","floor":47,"turns":9},{"damage":23,"enemies":"Jaw Worm Horde","floor":48,"turns":6},{"damage":45,"enemies":"Time Eater","floor":50,"turns":12}],"seed_played":"8075715548191610887","potions_obtained":[{"floor":1.0,"key":"Dexterity Potion"},{"floor":4.0,"key":"SpeedPotion"},{"floor":5.0,"key":"Strength Potion"},{"floor":12.0,"key":"GamblersBrew"},{"floor":16.0,"key":"Weak Potion"},{"floor":19.0,"key":"EssenceOfSteel"},{"floor":27.0,"key":"SneckoOil"},{"floor":31.0,"key":"PowerPotion"},{"floor":33,"key":"Dexterity Potion"},{"floor":35,"key":"FearPotion"},{"floor":37,"key":"GamblersBrew"},{"floor":47,"key":"Explosive Potion"}],"is_trial":false,"path_per_floor":["M","$","?","M","M","R","?","E","T","M","M","E","?","M","R","B",null,"M","M","?","?","M","R","?","?","T","E","R","?","$","M","R","B",null,"M","$","M","?","M","R","M","R","T","?","$","M","M","M","R","B"],"character_chosen":"IRONCLAD","items_purchased":["Armaments","Perfected Strike","PreservedInsect","Mayhem","Dream Catcher"],"campfire_rested":6,"item_purchase_floors":[2,30,30,30,36],"current_hp_per_floor":[80,80,69,75,80,80,80,57,57,62,67,33,33,29,53,44,80,75,40,40,40,14,38,38,38,38,22,46,29,29,27,51,21,80,57,57,48,48,23,23,25,47,47,47,47,49,25,20,42,0],"gold":174,"neow_bonus":"THREE_ENEMY_KILL","is_prod":false,"is_daily":false,"chose_seed":false,"campfire_upgraded":1,"win_rate":0,"timestamp":1551977182,"path_taken":["M","?","?","M","M","R","?","E","T","?","M","E","?","M","R","BOSS","M","M","?","?","M","R","?","?","T","E","R","?","$","?","R","BOSS","M","$","M","?","M","R","M","R","T","?","?","M","M","M","R","BOSS"],"build_version":"2019-01-23","purchased_purges":1,"victory":false,"max_hp_per_floor":[80,80,80,80,80,80,80,80,80,80,80,80,80,80,80,80,80,80,80,80,80,80,80,80,80,80,80,80,80,80,80,80,80,80,80,80,80,76,76,76,76,76,76,76,76,76,76,76,76,76],"card_choices":[{"not_picked":["Intimidate","Anger","Clash"],"picked":"SKIP","floor":1.0},{"not_picked":["Carnage","Intimidate","Rupture"],"picked":"SKIP","floor":4.0},{"not_picked":["Sword Boomerang","Clothesline"],"picked":"Flame Barrier","floor":5.0},{"not_picked":["Limit Break","Cleave"],"picked":"Wild Strike","floor":8.0},{"not_picked":["Warcry","Body Slam"],"picked":"Shrug It Off","floor":10.0},{"not_picked":["Ghostly Armor","Bloodletting"],"picked":"Thunderclap","floor":11.0},{"not_picked":["Whirlwind","Intimidate"],"picked":"Shrug It Off","floor":12.0},{"not_picked":["Dual Wield","Reaper"],"picked":"Pommel Strike","floor":14.0},{"not_picked":["Corruption","Infernal Blade"],"picked":"Twin Strike","floor":18.0},{"not_picked":["Anger","Armaments","Body Slam"],"picked":"SKIP","floor":19.0},{"not_picked":["Iron Wave+1","Corruption","Second Wind"],"picked":"Disarm+1","floor":22.0},{"not_picked":["Metallicize","Clash","Armaments"],"picked":"Flex","floor":27.0},{"not_picked":["Iron Wave","Heavy Blade","Havoc+1"],"picked":"Perfected Strike","floor":29.0},{"not_picked":["True Grit","Second Wind","Corruption","Searing Blow"],"picked":"SKIP","floor":31.0},{"not_picked":["Offering","Fiend Fire","Bludgeon"],"picked":"Limit Break","floor":33},{"not_picked":["Fire Breathing+1","Disarm","Rage+1"],"picked":"Thunderclap","floor":35},{"not_picked":["Clash","Clothesline","Combust+1","Iron Wave"],"picked":"SKIP","floor":37},{"not_picked":["Clash","Thunderclap","Corruption+1"],"picked":"Twin Strike","floor":39},{"not_picked":["Iron Wave+1","Warcry+1","Twin Strike+1"],"picked":"Metallicize+1","floor":41},{"not_picked":["Infernal Blade","Twin Strike+1","Body Slam"],"picked":"Seeing Red+1","floor":42},{"not_picked":["Iron Wave","Body Slam+1","Armaments","Offering"],"picked":"SKIP","floor":46},{"not_picked":["Thunderclap","Armaments","Body Slam","Rupture"],"picked":"SKIP","floor":47},{"not_picked":["Burning Pact","Body Slam+1","Clothesline","Carnage"],"picked":"SKIP","floor":48},{"not_picked":["Heavy Blade+1","Cleave+1","Thunderclap"],"picked":"Ghostly Armor","floor":49}],"player_experience":203217,"relics_obtained":[{"floor":8.0,"key":"Oddly Smooth Stone"},{"floor":12.0,"key":"Ancient Tea Set"},{"floor":26.0,"key":"Boot"},{"floor":27.0,"key":"Meat on the Bone"},{"floor":29.0,"key":"Red Mask"},{"floor":43,"key":"Bronze Scales"}],"event_choices":[{"damage_healed":0.0,"max_hp_gain":0.0,"max_hp_loss":0.0,"gold_gain":75.0,"event_name":"World of Goop","player_choice":"Gather Gold","floor":3.0,"gold_loss":0.0,"damage_taken":11.0},{"cards_removed":["Bash"],"damage_healed":0.0,"max_hp_gain":0.0,"max_hp_loss":0.0,"gold_gain":0.0,"event_name":"Bonfire Elementals","player_choice":"Offered Basic","floor":7.0,"gold_loss":0.0,"damage_taken":0.0},{"cards_removed":["Defend_R"],"damage_healed":0.0,"max_hp_gain":0.0,"max_hp_loss":0.0,"gold_gain":0.0,"event_name":"The Cleric","player_choice":"Card Removal","floor":13.0,"gold_loss":50.0,"damage_taken":0.0},{"damage_healed":0.0,"max_hp_gain":0.0,"max_hp_loss":0.0,"gold_gain":0.0,"event_name":"The Mausoleum","player_choice":"Opened","floor":20.0,"gold_loss":0.0,"damage_taken":0.0,"relics_obtained":["Question Card"],"cards_obtained":["Writhe"]},{"damage_healed":0.0,"max_hp_gain":0.0,"max_hp_loss":0.0,"gold_gain":99.0,"event_name":"Nest","player_choice":"Stole From Cult","floor":21.0,"gold_loss":0.0,"damage_taken":0.0},{"cards_removed":["Writhe"],"damage_healed":0.0,"max_hp_gain":0.0,"max_hp_loss":0.0,"gold_gain":0.0,"event_name":"Beggar","player_choice":"Gave Gold","floor":24.0,"gold_loss":75.0,"damage_taken":0.0},{"damage_healed":0.0,"max_hp_gain":0.0,"max_hp_loss":0.0,"gold_gain":0.0,"event_name":"Back to Basics","player_choice":"Simplicity","floor":25.0,"gold_loss":0.0,"damage_taken":0.0,"cards_upgraded":["Strike_R","Strike_R","Strike_R","Strike_R","Strike_R","Defend_R","Defend_R","Defend_R"]},{"damage_healed":0.0,"max_hp_gain":0.0,"max_hp_loss":0.0,"gold_gain":0.0,"event_name":"Masked Bandits","player_choice":"Fought Bandits","floor":29.0,"gold_loss":0.0,"damage_taken":0.0},{"damage_healed":0,"gold_gain":0,"player_choice":"Max HP","damage_taken":0,"max_hp_gain":0,"max_hp_loss":4,"event_name":"Winding Halls","floor":38,"gold_loss":0},{"cards_removed":["Strike_R"],"damage_healed":0,"gold_gain":0,"player_choice":"Removed Attack","damage_taken":0,"max_hp_gain":0,"max_hp_loss":0,"event_name":"Falling","floor":44,"gold_loss":0}],"is_beta":false,"boss_relics":[{"not_picked":["White Beast Statue","Calling Bell"],"picked":"Runic Cube"},{"not_picked":["Runic Dome","Runic Pyramid","Pandora\u0027s Box"]}],"items_purged_floors":[30],"is_endless":false,"potions_floor_spawned":[1,4,5,12,16,19,27,31,33,35,37,47],"killed_by":"Time Eater","ascension_level":0}