{"gold_per_floor":[219,219,144,191,209,237,59,59,86,102,102,113,32,32,32,108,108,119,19,30,30,30,30,63,63,139,166,184,197,197,197,197,273,273,290,290,310,327,344,344],"floor_reached":40,"playtime":1703,"items_purged":["Strike_B","Defend_B"],"score":924,"play_id":"6682511d-d94d-4b54-8629-d638b249f4a7","local_time":"20190204010503","is_ascension_mode":true,"campfire_choices":[{"data":"Defragment","floor":8,"key":"SMITH"},{"data":"Zap","floor":11,"key":"SMITH"},{"data":"Defragment","floor":15,"key":"SMITH"},{"data":"Defragment","floor":23,"key":"SMITH"},{"data":"Coolheaded","floor":25,"key":"SMITH"},{"data":"Dualcast","floor":30,"key":"SMITH"},{"floor":32,"key":"REST"}],"neow_cost":"NONE","seed_source_timestamp":109464490291500,"circlet_count":0,"master_deck":["AscendersBane","Strike_B+1","Defend_B","Defend_B","Defend_B+1","Zap+1","Dualcast+1","Glacier","Ball Lightning","Chill","Defragment+1","Hologram","Glacier","Defragment+1","Defragment+1","Electrodynamics","Turbo","Consume+1","Coolheaded+1","Glacier","Conserve Battery","Echo Form","Decay","White Noise","Loop"],"relics":["Cracked Core","Dream Catcher","Meat on the Bone","Centennial Puzzle","Inserter","Vajra","Ornamental Fan","Happy Flower","Velvet Choker"],"potions_floor_usage":[24,27,29,39],"damage_taken":[{"damage":7,"enemies":"Jaw Worm","floor":1,"turns":4},{"damage":0,"enemies":"Small Slimes","floor":5,"turns":5},{"damage":26,"enemies":"3 Sentries","floor":6,"turns":9},{"damage":0,"enemies":"Cultist","floor":10,"turns":3},{"damage":1,"enemies":"Exordium Thugs","floor":12,"turns":4},{"damage":19,"enemies":"Slime Boss","floor":16,"turns":12},{"damage":4,"enemies":"Spheric Guardian","floor":18,"turns":5},{"damage":0,"enemies":"Chosen","floor":20,"turns":6},{"damage":7,"enemies":"Book of Stabbing","floor":24,"turns":7},{"damage":10,"enemies":"Gremlin Leader","floor":27,"turns":6},{"damage":0,"enemies":"Snecko","floor":28,"turns":6},{"damage":0,"enemies":"Centurion and Healer","floor":29,"turns":5},{"damage":0,"enemies":"Collector","floor":33,"turns":10},{"damage":5,"enemies":"3 Shapes","floor":35,"turns":3},{"damage":1,"enemies":"Orb Walker","floor":37,"turns":5},{"damage":0,"enemies":"Spire Growth","floor":38,"turns":5},{"damage":0,"enemies":"Transient","floor":39,"turns":6},{"damage":62,"enemies":"Reptomancer","floor":40,"turns":3}],"seed_played":"-4222499548303803285","potions_obtained":[{"floor":1,"key":"SpeedPotion"},{"floor":18,"key":"SpeedPotion"},{"floor":24,"key":"SkillPotion"},{"floor":28,"key":"EssenceOfSteel"},{"floor":33,"key":"Weak Potion"},{"floor":35,"key":"LiquidBronze"}],"is_trial":false,"path_per_floor":["M","?","?","T","M","E","$","R","T","M","R","M","$","?","R","B",null,"M","$","M","?","?","R","E","R","T","E","M","M","R","?","R","B",null,"M","?","M","M","M","E"],"character_chosen":"DEFECT","items_purchased":["Defragment","Hologram","Defragment"],"campfire_rested":1,"item_purchase_floors":[7,7,13],"current_hp_per_floor":[57,36,36,36,36,10,10,10,10,22,22,33,33,26,26,19,58,54,54,54,54,54,54,47,47,47,37,37,37,37,37,58,58,68,63,63,62,62,62,0],"gold":344,"neow_bonus":"HUNDRED_GOLD","is_prod":false,"is_daily":false,"chose_seed":false,"campfire_upgraded":6,"win_rate":0,"timestamp":1549271103,"path_taken":["M","?","?","?","?","E","$","R","T","M","R","M","$","?","R","BOSS","M","$","M","?","?","R","E","R","T","E","M","M","R","?","R","BOSS","M","?","M","?","M","E"],"build_version":"2019-01-23","purchased_purges":2,"victory":false,"max_hp_per_floor":[71,71,71,71,71,71,71,71,71,71,71,71,71,71,71,71,71,71,71,71,71,71,71,71,71,71,71,71,71,71,71,71,71,71,71,71,71,71,71,71],"card_choices":[{"not_picked":["Hello World","Sweeping Beam"],"picked":"Glacier","floor":1},{"not_picked":["Hello World","Chaos"],"picked":"Ball Lightning","floor":5},{"not_picked":["Redo","Reinforced Body"],"picked":"Chill","floor":6},{"not_picked":["Stack","Steam"],"picked":"Glacier","floor":10},{"not_picked":["Recycle","Double Energy"],"picked":"Defragment","floor":12},{"not_picked":["Machine Learning","All For One"],"picked":"Electrodynamics","floor":16},{"not_picked":["Auto Shields","Ball Lightning"],"picked":"Turbo","floor":18},{"not_picked":["Reinforced Body+1","Streamline"],"picked":"Consume+1","floor":20},{"not_picked":["Redo","Heatsinks"],"picked":"Coolheaded","floor":24},{"not_picked":["Consume","Scrape"],"picked":"Glacier","floor":27},{"not_picked":["Ball Lightning+1","Stack","Gash"],"picked":"SKIP","floor":28},{"not_picked":["Go for the Eyes+1","Beam Cell"],"picked":"Conserve Battery","floor":29},{"not_picked":["Buffer","Thunder Strike"],"picked":"Echo Form","floor":33},{"not_picked":["Consume","Sweeping Beam","Ball Lightning+1"],"picked":"SKIP","floor":35},{"not_picked":["Steam","Ball Lightning","Melter+1"],"picked":"SKIP","floor":37},{"not_picked":["Barrage","Stack+1"],"picked":"White Noise","floor":38},{"not_picked":["FTL","Stack"],"picked":"Loop","floor":39}],"player_experience":618970,"relics_obtained":[{"floor":4,"key":"Dream Catcher"},{"floor":6,"key":"Meat on the Bone"},{"floor":9,"key":"Centennial Puzzle"},{"floor":24,"key":"Vajra"},{"floor":26,"key":"Ornamental Fan"},{"floor":27,"key":"Happy Flower"}],"event_choices":[{"damage_healed":0,"gold_gain":0,"player_choice":"Entered Light","damage_taken":21,"max_hp_gain":0,"max_hp_loss":0,"event_name":"Shining Light","floor":2,"gold_loss":0,"cards_upgraded":["Strike_B","Defend_B"]},{"cards_removed":["Strike_B"],"damage_healed":0,"gold_gain":0,"player_choice":"Card Removal","damage_taken":0,"max_hp_gain":0,"max_hp_loss":0,"event_name":"The Cleric","floor":3,"gold_loss":75},{"cards_removed":["Strike_B"],"damage_healed":0,"gold_gain":0,"player_choice":"Card Removal","damage_taken":7,"max_hp_gain":0,"max_hp_loss":0,"event_name":"Golden Wing","floor":14,"gold_loss":0},{"damage_healed":0,"gold_gain":0,"player_choice":"Ignored","damage_taken":0,"max_hp_gain":0,"max_hp_loss":0,"event_name":"Beggar","floor":21,"gold_loss":0},{"damage_healed":0,"gold_gain":0,"player_choice":"Ignored","damage_taken":0,"max_hp_gain":0,"max_hp_loss":0,"event_name":"Vampires","floor":22,"gold_loss":0},{"damage_healed":0,"gold_gain":0,"player_choice":"Ignored","damage_taken":0,"max_hp_gain":0,"max_hp_loss":0,"event_name":"Ghosts","floor":31,"gold_loss":0},{"damage_healed":0,"gold_gain":0,"player_choice":"Cursed","damage_taken":0,"max_hp_gain":0,"max_hp_loss":0,"event_name":"Wheel of Change","floor":36,"gold_loss":0,"cards_obtained":["Decay"]}],"is_beta":false,"boss_relics":[{"not_picked":["Astrolabe","Philosopher\u0027s Stone"],"picked":"Inserter"},{"not_picked":["Fusion Hammer","Orrery"],"picked":"Velvet Choker"}],"items_purged_floors":[7,19],"is_endless":false,"potions_floor_spawned":[1,18,24,28,33,35],"killed_by":"Reptomancer","ascension_level":19}