{"gold_per_floor":[119,130,130,150,150,150,223,223,248,283,314,326,357,388,400,412],"floor_reached":16,"playtime":719,"items_purged":[],"score":109,"play_id":"b777e25b-b137-4ec5-bc0b-0763d6ead500","local_time":"20181021205451","is_ascension_mode":true,"campfire_choices":[{"data":"Poisoned Stab","floor":6,"key":"SMITH"},{"data":"Survivor","floor":8,"key":"SMITH"},{"data":"Poisoned Stab","floor":15,"key":"SMITH"}],"neow_cost":"PERCENT_DAMAGE","seed_source_timestamp":112464754249486,"circlet_count":0,"master_deck":["Defend_G","Defend_G","Defend_G","Defend_G","Defend_G","Strike_G","Strike_G","Strike_G","Strike_G","Strike_G","Survivor+1","Neutralize+1","Expertise","Poisoned Stab+1","Heel Hook","Poisoned Stab+1","Outmaneuver+1","Leg Sweep+1"],"relics":["Ring of the Snake","Golden Idol","Tiny Chest","MawBank","Toxic Egg 2"],"potions_floor_usage":[14,14,16],"damage_taken":[{"damage":0,"enemies":"Cultist","floor":1,"turns":4},{"damage":2,"enemies":"Small Slimes","floor":2,"turns":4},{"damage":0,"enemies":"Jaw Worm","floor":4,"turns":3},{"damage":17,"enemies":"Gremlin Nob","floor":7,"turns":5},{"damage":1,"enemies":"Exordium Wildlife","floor":10,"turns":4},{"damage":1,"enemies":"Large Slime","floor":11,"turns":5},{"damage":0,"enemies":"Blue Slaver","floor":13,"turns":4},{"damage":4,"enemies":"Gremlin Gang","floor":14,"turns":3},{"damage":22,"enemies":"Slime Boss","floor":16,"turns":6}],"seed_played":"-5444951812552635357","potions_obtained":[{"floor":2,"key":"SpeedPotion"},{"floor":4,"key":"Strength Potion"},{"floor":10,"key":"Fire Potion"}],"is_trial":false,"path_per_floor":["M","M","?","M","?","R","E","R","T","M","M","T","M","M","R"],"character_chosen":"THE_SILENT","items_purchased":[],"campfire_rested":0,"item_purchase_floors":[],"current_hp_per_floor":[63,61,61,61,40,40,23,23,23,22,21,21,21,17,17,0],"gold":412,"neow_bonus":"TWENTY_PERCENT_HP_BONUS","is_prod":false,"is_daily":false,"chose_seed":false,"campfire_upgraded":3,"win_rate":0,"timestamp":1540180491,"path_taken":["M","?","?","M","?","R","E","R","T","M","M","?","M","?","R","BOSS"],"build_version":"2018-10-18","purchased_purges":0,"victory":false,"max_hp_per_floor":[84,84,84,84,84,84,84,84,84,84,84,84,84,84,84,84],"card_choices":[{"not_picked":["Prepared","Cloak And Dagger"],"picked":"Expertise","floor":1},{"not_picked":["Masterful Stab","Cloak And Dagger"],"picked":"Poisoned Stab","floor":2},{"not_picked":["Infinite Blades","Accuracy"],"picked":"Heel Hook","floor":4},{"not_picked":["Unload","All Out Attack","Slice"],"picked":"SKIP","floor":7},{"not_picked":["Dash","Acrobatics"],"picked":"Poisoned Stab","floor":10},{"not_picked":["Eviscerate","Tactician","Slice"],"picked":"SKIP","floor":11},{"not_picked":["Finisher","Well Laid Plans"],"picked":"Outmaneuver+1","floor":13},{"not_picked":["Slice","Caltrops"],"picked":"Leg Sweep+1","floor":14}],"player_experience":316309,"relics_obtained":[{"floor":7,"key":"Tiny Chest"},{"floor":9,"key":"MawBank"},{"floor":12,"key":"Toxic Egg 2"}],"event_choices":[{"damage_healed":0,"gold_gain":0,"player_choice":"Grow","damage_taken":0,"max_hp_gain":0,"max_hp_loss":0,"event_name":"Living Wall","floor":3,"gold_loss":0,"cards_upgraded":["Neutralize"]},{"damage_healed":0,"gold_gain":0,"player_choice":"Take Damage","damage_taken":21,"relics_obtained":["Golden Idol"],"max_hp_gain":0,"max_hp_loss":0,"event_name":"Golden Idol","floor":5,"gold_loss":0}],"is_beta":false,"boss_relics":[],"items_purged_floors":[],"is_endless":false,"potions_floor_spawned":[2,4,10],"killed_by":"Slime Boss","ascension_level":1}