{"gold_per_floor":[109,109,126,137,150,182,107,119,198,231,249,269,302,317,317,415,415,430,450,465,179,179,179,205,239,239,314,348,348,365,214,214,316,316,328,344,123,523,570,601,612,643,643,668,682,682,694,371,371,371],"floor_reached":51,"playtime":5134,"items_purged":["Strike_G","Strike_G","Strike_G","Strike_G","Tactician+1"],"score":1094,"play_id":"ac0d9096-7773-4876-be94-d9d1a876ce31","local_time":"20190129015618","is_ascension_mode":false,"campfire_choices":[{"data":"Catalyst","floor":15.0,"key":"SMITH"},{"data":"After Image","floor":23.0,"key":"SMITH"},{"data":"Prepared","floor":29.0,"key":"SMITH"},{"data":"Outmaneuver","floor":32.0,"key":"SMITH"},{"data":"Footwork","floor":46,"key":"SMITH"},{"data":"After Image","floor":49,"key":"SMITH"}],"neow_cost":"TEN_PERCENT_HP_LOSS","seed_source_timestamp":0,"circlet_count":0,"master_deck":["Defend_G","Defend_G","Defend_G","Defend_G","Defend_G","Strike_G","Survivor","Neutralize","Malaise","Bouncing Flask","Poisoned Stab","Poisoned Stab","Catalyst+1","Bane","Adrenaline","Dodge and Roll","Backflip","Escape Plan","After Image+1","Footwork+1","Bane+1","Footwork","Escape Plan","Calculated Gamble","Outmaneuver+1","Prepared+1","Backflip","Deflect","After Image+1","Prepared+1","Footwork","Outmaneuver+1","Outmaneuver+1","Deflect","Prepared+1","Slice","Outmaneuver+1","Prepared+1","Adrenaline+1"],"special_seed":0,"relics":["Ring of the Snake","PreservedInsect","Sundial","WingedGreaves","Bag of Marbles","Sozu","Dodecahedron","Lantern","Mummified Hand","Unceasing Top","Darkstone Periapt","Black Star","Old Coin","StoneCalendar","Centennial Puzzle","Pocketwatch","Boot","Calipers","Toxic Egg 2","Ginger","Bottled Lightning"],"potions_floor_usage":[42],"damage_taken":[{"damage":0.0,"enemies":"2 Louse","floor":1.0,"turns":3.0},{"damage":0.0,"enemies":"Cultist","floor":3.0,"turns":4.0},{"damage":0.0,"enemies":"Small Slimes","floor":4.0,"turns":5.0},{"damage":9.0,"enemies":"3 Louse","floor":5.0,"turns":5.0},{"damage":19.0,"enemies":"Gremlin Nob","floor":6.0,"turns":5.0},{"damage":0.0,"enemies":"Large Slime","floor":8.0,"turns":4.0},{"damage":6.0,"enemies":"3 Sentries","floor":10.0,"turns":6.0},{"damage":0.0,"enemies":"Gremlin Gang","floor":11.0,"turns":5.0},{"damage":0.0,"enemies":"Blue Slaver","floor":12.0,"turns":5.0},{"damage":9.0,"enemies":"Gremlin Nob","floor":13.0,"turns":4.0},{"damage":0.0,"enemies":"Looter","floor":14.0,"turns":3.0},{"damage":7.0,"enemies":"The Guardian","floor":16.0,"turns":10.0},{"damage":7.0,"enemies":"2 Thieves","floor":18.0,"turns":5.0},{"damage":3.0,"enemies":"Spheric Guardian","floor":19.0,"turns":4.0},{"damage":0.0,"enemies":"Snake Plant","floor":20.0,"turns":5.0},{"damage":0.0,"enemies":"Slavers","floor":24.0,"turns":6.0},{"damage":0.0,"enemies":"Book of Stabbing","floor":25.0,"turns":6.0},{"damage":0.0,"enemies":"Gremlin Leader","floor":28.0,"turns":7.0},{"damage":0.0,"enemies":"Centurion and Healer","floor":30.0,"turns":5.0},{"damage":44.0,"enemies":"Collector","floor":33.0,"turns":11.0},{"damage":0.0,"enemies":"Orb Walker","floor":35.0,"turns":3.0},{"damage":0.0,"enemies":"3 Darklings","floor":36.0,"turns":12.0},{"damage":9.0,"enemies":"Mind Bloom Boss Battle","floor":38.0,"turns":7.0},{"damage":0.0,"enemies":"2 Orb Walkers","floor":39.0,"turns":5.0},{"damage":0.0,"enemies":"Giant Head","floor":40.0,"turns":7.0},{"damage":0,"enemies":"Spire Growth","floor":41,"turns":5},{"damage":0,"enemies":"Reptomancer","floor":42,"turns":7},{"damage":0,"enemies":"Giant Head","floor":44,"turns":5},{"damage":0,"enemies":"Transient","floor":45,"turns":5},{"damage":0,"enemies":"Jaw Worm Horde","floor":47,"turns":6},{"damage":0,"enemies":"Awakened One","floor":50,"turns":12}],"seed_played":"-1936740496932979289","potions_obtained":[{"floor":2.0,"key":"GamblersBrew"},{"floor":2.0,"key":"SneckoOil"},{"floor":2.0,"key":"LiquidBronze"},{"floor":3.0,"key":"AttackPotion"},{"floor":4.0,"key":"Swift Potion"},{"floor":11.0,"key":"Energy Potion"},{"floor":12.0,"key":"Regen Potion"},{"floor":13.0,"key":"Fruit Juice"},{"floor":14.0,"key":"SteroidPotion"}],"is_trial":false,"path_per_floor":["M","?","M","M","M","E","$","M","T","E","M","M","E","M","R","B",null,"M","M","M","$","T","R","E","E","T","?","E","R","M","$","R","B",null,"M","M","$","?","?","E","M","E","T","E","M","R","M","$","R","B",null],"character_chosen":"THE_SILENT","items_purchased":["Footwork","Escape Plan","Calculated Gamble","Deflect","Footwork","Adrenaline+1"],"campfire_rested":0,"item_purchase_floors":[21,21,21,31,37,48],"current_hp_per_floor":[63,63,63,63,54,35,35,35,35,29,29,29,25,25,25,18,68,61,58,58,58,58,58,58,58,58,52,52,52,52,52,52,8,68,68,68,68,68,68,68,68,68,68,68,68,68,68,68,68,68],"gold":371,"neow_bonus":"THREE_RARE_CARDS","is_prod":false,"is_daily":false,"chose_seed":false,"campfire_upgraded":6,"win_rate":0,"timestamp":1548716178,"path_taken":["M","?","M","M","M","E","$","M","T","E","M","M","E","M","R","BOSS","M","?","M","$","?","R","E","E","T","?","E","R","?","$","R","BOSS","M","M","$","?","?","E","M","E","T","E","M","R","M","$","R","BOSS"],"build_version":"2019-01-23","purchased_purges":5,"victory":true,"max_hp_per_floor":[63,63,63,63,63,63,63,63,63,63,63,63,68,68,68,68,68,68,68,68,68,68,68,68,68,68,68,68,68,68,68,68,68,68,68,68,68,68,68,68,68,68,68,68,68,68,68,68,68,68],"card_choices":[{"not_picked":["Corpse Explosion","Grand Finale"],"picked":"Malaise","floor":0.0},{"not_picked":["Prepared","PiercingWail"],"picked":"Bouncing Flask","floor":1.0},{"not_picked":["Cloak And Dagger","Dagger Spray","Slice"],"picked":"SKIP","floor":3.0},{"not_picked":["Underhanded Strike","PiercingWail"],"picked":"Poisoned Stab","floor":4.0},{"not_picked":["Dodge and Roll","Dagger Throw"],"picked":"Poisoned Stab","floor":5.0},{"not_picked":["Backflip","Dagger Throw"],"picked":"Catalyst","floor":6.0},{"not_picked":["Flying Knee","Blade Dance"],"picked":"Bane","floor":8.0},{"not_picked":["Prepared","Skewer"],"picked":"Adrenaline","floor":10.0},{"not_picked":["Deflect","Terror"],"picked":"Dodge and Roll","floor":11.0},{"not_picked":["Blade Dance","Deflect"],"picked":"Backflip","floor":12.0},{"not_picked":["Poisoned Stab","Dagger Throw","Blade Dance"],"picked":"SKIP","floor":13.0},{"not_picked":["Finisher","Terror"],"picked":"Escape Plan","floor":14.0},{"not_picked":["Glass Knife","Wraith Form v2"],"picked":"After Image","floor":16.0},{"not_picked":["Caltrops","Flying Knee","Quick Slash"],"picked":"SKIP","floor":18.0},{"not_picked":["Eviscerate+1","Dodge and Roll"],"picked":"Footwork","floor":19.0},{"not_picked":["Flechettes","Quick Slash"],"picked":"Bane+1","floor":20.0},{"not_picked":["Predator","Skewer","Unload"],"picked":"SKIP","floor":24.0},{"not_picked":["Dagger Spray","Deflect"],"picked":"Outmaneuver","floor":25.0},{"not_picked":["Quick Slash+1","Leg Sweep"],"picked":"Prepared","floor":28.0},{"not_picked":["Bane+1","Terror"],"picked":"Backflip","floor":30.0},{"not_picked":["Glass Knife","Venomology"],"picked":"After Image","floor":33.0},{"not_picked":["Poisoned Stab","Outmaneuver"],"picked":"Prepared+1","floor":35.0},{"not_picked":["Eviscerate","Dash+1"],"picked":"Tactician+1","floor":36.0},{"not_picked":["Dagger Spray","Deadly Poison"],"picked":"Outmaneuver+1","floor":38.0},{"not_picked":["PiercingWail","Deadly Poison"],"picked":"Outmaneuver+1","floor":39.0},{"not_picked":["PiercingWail","Leg Sweep"],"picked":"Deflect","floor":40.0},{"not_picked":["Acrobatics+1","All Out Attack+1"],"picked":"Prepared+1","floor":41},{"not_picked":["Corpse Explosion","Catalyst+1"],"picked":"Slice","floor":42},{"not_picked":["Underhanded Strike+1","Infinite Blades","Envenom"],"picked":"SKIP","floor":44},{"not_picked":["Accuracy","Masterful Stab"],"picked":"Outmaneuver+1","floor":45},{"not_picked":["Bouncing Flask+1","Cloak And Dagger+1"],"picked":"Prepared+1","floor":47}],"player_experience":210072,"relics_obtained":[{"floor":6.0,"key":"PreservedInsect"},{"floor":9.0,"key":"Sundial"},{"floor":10.0,"key":"WingedGreaves"},{"floor":13.0,"key":"Bag of Marbles"},{"floor":22.0,"key":"Dodecahedron"},{"floor":24.0,"key":"Lantern"},{"floor":25.0,"key":"Mummified Hand"},{"floor":26.0,"key":"Unceasing Top"},{"floor":28.0,"key":"Darkstone Periapt"},{"floor":38.0,"key":"Old Coin"},{"floor":39.0,"key":"StoneCalendar"},{"floor":40.0,"key":"Centennial Puzzle"},{"floor":40.0,"key":"Pocketwatch"},{"floor":42,"key":"Boot"},{"floor":42,"key":"Calipers"},{"floor":43,"key":"Toxic Egg 2"},{"floor":44,"key":"Ginger"},{"floor":44,"key":"Bottled Lightning"}],"event_choices":[{"damage_healed":0.0,"max_hp_gain":0.0,"max_hp_loss":0.0,"gold_gain":0.0,"event_name":"Lab","player_choice":"Got Potions","floor":2.0,"gold_loss":0.0,"damage_taken":0.0},{"damage_healed":0.0,"max_hp_gain":0.0,"max_hp_loss":0.0,"gold_gain":75.0,"event_name":"FaceTrader","player_choice":"Touch","floor":27.0,"gold_loss":0.0,"damage_taken":6.0},{"damage_healed":0.0,"max_hp_gain":0.0,"max_hp_loss":0.0,"gold_gain":0.0,"event_name":"MindBloom","player_choice":"Fight","floor":38.0,"gold_loss":0.0,"damage_taken":0.0},{"damage_healed":0.0,"max_hp_gain":0.0,"max_hp_loss":0.0,"gold_gain":0.0,"event_name":"Mysterious Sphere","player_choice":"Fight","floor":39.0,"gold_loss":0.0,"damage_taken":0.0}],"is_beta":false,"boss_relics":[{"not_picked":["Empty Cage","Snecko Eye"],"picked":"Sozu"},{"not_picked":["WristBlade","Runic Dome"],"picked":"Black Star"}],"items_purged_floors":[7,21,31,37,48],"is_endless":false,"potions_floor_spawned":[3,4,11,12,13,14,19,20,39,41,42,45],"ascension_level":0}