{"gold_per_floor":[116,116,127,144,161,188,188,217,243,243,259,24,58,78,78,182,182,196,111,34,45,63,63,88,105,105,137,165,206,250,262,274,391,403,426,838,375,390,410,445,461,461,486,514,123,154,169,183,183,183,183,183,55,80,80],"floor_reached":56,"playtime":3781,"items_purged":["Strike_R","Strike_R","Strike_R","Strike_R"],"score":1732,"play_id":"7222d1fe-7e70-44a5-afab-adf087168afd","local_time":"20190208032830","is_ascension_mode":true,"campfire_choices":[{"data":"Feed","floor":7,"key":"SMITH"},{"data":"Inflame","floor":10,"key":"SMITH"},{"data":"Sword Boomerang","floor":15,"key":"SMITH"},{"data":"Uppercut","floor":23,"key":"SMITH"},{"data":"Armaments","floor":32,"key":"SMITH"},{"floor":49,"key":"RECALL"},{"data":"Disarm","floor":52,"key":"SMITH"}],"neow_cost":"NONE","seed_source_timestamp":146260406469200,"circlet_count":0,"master_deck":["Strike_R","Defend_R","Defend_R+1","Defend_R","Defend_R","Bash","Feed+1","Uppercut+1","Flame Barrier","Shockwave","Whirlwind","Rampage","Inflame+1","Second Wind","Inflame","Armaments+1","Evolve","Sword Boomerang+1","Immolate","True Grit+1","Shrug It Off","Flex","Combust+1","Spot Weakness+1","Clash","Inflame","Spot Weakness+1","Pommel Strike+1","Reaper","Headbutt","Inflame","True Grit+1","Flex+1","Sword Boomerang+1","Havoc+1","Disarm+1","Seeing Red","Double Tap"],"relics":["Burning Blood","Ancient Tea Set","Vajra","Oddly Smooth Stone","Pen Nib","Bag of Preparation","Smiling Mask","Snecko Eye","Happy Flower","Gambling Chip","Pocketwatch","MawBank","Red Mask","Centennial Puzzle","Sozu","Old Coin","ClockworkSouvenir","War Paint","PreservedInsect","Dead Branch","Strawberry","Brimstone","Potion Belt","Paper Frog"],"potions_floor_usage":[6,8,13,24,30,33,55,55],"damage_taken":[{"damage":2,"enemies":"2 Louse","floor":1,"turns":4},{"damage":4,"enemies":"Jaw Worm","floor":3,"turns":3},{"damage":1,"enemies":"Cultist","floor":4,"turns":3},{"damage":2,"enemies":"2 Fungi Beasts","floor":5,"turns":4},{"damage":44,"enemies":"Gremlin Nob","floor":6,"turns":6},{"damage":25,"enemies":"Lagavulin","floor":8,"turns":6},{"damage":1,"enemies":"Blue Slaver","floor":11,"turns":6},{"damage":29,"enemies":"3 Sentries","floor":13,"turns":7},{"damage":13,"enemies":"Lots of Slimes","floor":14,"turns":4},{"damage":13,"enemies":"Slime Boss","floor":16,"turns":7},{"damage":23,"enemies":"Shell Parasite","floor":18,"turns":5},{"damage":0,"enemies":"3 Byrds","floor":21,"turns":3},{"damage":20,"enemies":"Snake Plant","floor":22,"turns":4},{"damage":25,"enemies":"Gremlin Leader","floor":24,"turns":5},{"damage":0,"enemies":"3 Cultists","floor":25,"turns":3},{"damage":27,"enemies":"Book of Stabbing","floor":27,"turns":4},{"damage":9,"enemies":"Snecko","floor":28,"turns":6},{"damage":0,"enemies":"Masked Bandits","floor":29,"turns":2},{"damage":16,"enemies":"Slavers","floor":30,"turns":5},{"damage":17,"enemies":"Collector","floor":33,"turns":8},{"damage":0,"enemies":"Orb Walker","floor":35,"turns":1},{"damage":0,"enemies":"Mind Bloom Boss Battle","floor":36,"turns":5},{"damage":0,"enemies":"3 Darklings","floor":38,"turns":6},{"damage":49,"enemies":"Transient","floor":39,"turns":5},{"damage":32,"enemies":"Reptomancer","floor":40,"turns":6},{"damage":14,"enemies":"Jaw Worm Horde","floor":41,"turns":4},{"damage":21,"enemies":"Giant Head","floor":44,"turns":6},{"damage":0,"enemies":"Nemesis","floor":46,"turns":3},{"damage":5,"enemies":"Writhing Mass","floor":47,"turns":3},{"damage":9,"enemies":"4 Shapes","floor":48,"turns":4},{"damage":63,"enemies":"Time Eater","floor":50,"turns":9},{"damage":15,"enemies":"Shield and Spear","floor":54,"turns":2},{"damage":51,"enemies":"The Heart","floor":55,"turns":5}],"seed_played":"7435945939788912301","potions_obtained":[{"floor":1,"key":"SkillPotion"},{"floor":5,"key":"Weak Potion"},{"floor":6,"key":"PowerPotion"},{"floor":16,"key":"LiquidBronze"},{"floor":21,"key":"Poison Potion"},{"floor":22,"key":"Fire Potion"},{"floor":27,"key":"SmokeBomb"},{"floor":28,"key":"Explosive Potion"},{"floor":29,"key":"Dexterity Potion"},{"floor":33,"key":"Weak Potion"}],"is_trial":false,"path_per_floor":["M","?","M","M","M","E","R","E","T","R","M","$","E","M","R","B",null,"M","?","$","M","M","R","E","M","T","E","M","?","E","?","R","B",null,"M","?","$","M","M","E","M","?","T","E","$","E","M","M","R","B",null,"R","$","E","B",null],"character_chosen":"IRONCLAD","items_purchased":["Bag of Preparation","Inflame","Armaments","Shrug It Off","ClockworkSouvenir","War Paint","Inflame","Strawberry","Brimstone","Seeing Red"],"campfire_rested":0,"item_purchase_floors":[12,12,12,20,37,37,37,45,45,53],"current_hp_per_floor":[79,76,81,89,92,57,57,42,42,42,51,51,32,29,29,26,93,80,80,80,90,80,80,61,71,71,54,55,61,55,55,55,48,122,128,138,138,151,133,111,107,107,107,96,103,109,123,156,156,129,157,157,157,152,111],"gold":80,"neow_bonus":"ONE_RANDOM_RARE_CARD","is_prod":false,"is_daily":false,"chose_seed":false,"campfire_upgraded":6,"win_rate":0,"timestamp":1549625310,"path_taken":["M","?","M","M","M","E","R","E","T","R","M","$","E","M","R","BOSS","M","?","$","M","M","R","E","M","T","E","M","?","E","?","R","BOSS","M","?","$","M","M","E","M","?","T","E","$","E","M","M","R","BOSS","R","$","E","BOSS"],"build_version":"2019-01-23","purchased_purges":4,"victory":true,"max_hp_per_floor":[83,83,86,89,92,95,95,99,99,99,103,103,107,111,111,115,115,119,119,119,123,127,127,127,131,131,135,139,139,143,143,143,147,147,147,151,151,151,151,155,159,151,151,155,162,162,162,166,166,166,166,166,166,170,174],"card_choices":[{"not_picked":["Rampage","Clothesline"],"picked":"Uppercut","floor":1},{"not_picked":["Ghostly Armor","Sever Soul"],"picked":"Flame Barrier","floor":3},{"not_picked":["Heavy Blade","True Grit"],"picked":"Shockwave","floor":4},{"not_picked":["Burning Pact","Heavy Blade"],"picked":"Whirlwind","floor":5},{"not_picked":["Berserk","Wild Strike"],"picked":"Rampage","floor":6},{"not_picked":["Pummel","Exhume"],"picked":"Inflame","floor":8},{"not_picked":["Reckless Charge","Heavy Blade"],"picked":"Second Wind","floor":11},{"not_picked":["Searing Blow","Heavy Blade"],"picked":"Evolve","floor":13},{"not_picked":["Flex","Clash"],"picked":"Sword Boomerang","floor":14},{"not_picked":["Bludgeon","Double Tap"],"picked":"Immolate","floor":16},{"not_picked":["Anger+1","Warcry"],"picked":"True Grit+1","floor":18},{"not_picked":["Rampage","Wild Strike"],"picked":"Flex","floor":21},{"not_picked":["Body Slam","Thunderclap"],"picked":"Combust+1","floor":22},{"not_picked":["Dropkick","Shockwave"],"picked":"Spot Weakness","floor":24},{"not_picked":["Body Slam","Dark Embrace"],"picked":"Clash","floor":25},{"not_picked":["Seeing Red","Clothesline"],"picked":"Inflame","floor":27},{"not_picked":["Cleave","Heavy Blade"],"picked":"Spot Weakness+1","floor":28},{"not_picked":["True Grit+1","Berserk"],"picked":"Pommel Strike+1","floor":30},{"not_picked":["Exhume","Impervious"],"picked":"Reaper","floor":33},{"not_picked":["Thunderclap+1","Wild Strike","Clothesline"],"picked":"SKIP","floor":35},{"not_picked":["Twin Strike","Havoc"],"picked":"Headbutt","floor":36},{"not_picked":["Clash+1","Sentinel+1"],"picked":"True Grit+1","floor":38},{"not_picked":["Second Wind+1","Anger","Thunderclap"],"picked":"SKIP","floor":39},{"not_picked":["Berserk","Body Slam+1"],"picked":"Flex+1","floor":40},{"not_picked":["Second Wind","Armaments"],"picked":"Sword Boomerang+1","floor":41},{"not_picked":["Perfected Strike+1","Pommel Strike"],"picked":"Havoc+1","floor":44},{"not_picked":["True Grit","Feed","Anger"],"picked":"SKIP","floor":46},{"not_picked":["Ghostly Armor+1","Second Wind","Cleave"],"picked":"SKIP","floor":47},{"not_picked":["Reckless Charge+1","Twin Strike"],"picked":"Disarm","floor":48},{"not_picked":["Havoc","Blood for Blood"],"picked":"Double Tap","floor":54}],"player_experience":659233,"relics_obtained":[{"floor":6,"key":"Vajra"},{"floor":8,"key":"Oddly Smooth Stone"},{"floor":9,"key":"Pen Nib"},{"floor":13,"key":"Smiling Mask"},{"floor":24,"key":"Gambling Chip"},{"floor":26,"key":"Pocketwatch"},{"floor":27,"key":"MawBank"},{"floor":29,"key":"Red Mask"},{"floor":30,"key":"Centennial Puzzle"},{"floor":36,"key":"Old Coin"},{"floor":40,"key":"PreservedInsect"},{"floor":44,"key":"Dead Branch"},{"floor":46,"key":"Potion Belt"},{"floor":54,"key":"Paper Frog"}],"event_choices":[{"damage_healed":0,"gold_gain":0,"player_choice":"Success","damage_taken":3,"relics_obtained":["Ancient Tea Set"],"max_hp_gain":0,"max_hp_loss":0,"event_name":"Scrap Ooze","floor":2,"gold_loss":0},{"damage_healed":0,"gold_gain":0,"player_choice":"Obtained Relic","damage_taken":0,"relics_obtained":["Happy Flower"],"max_hp_gain":0,"max_hp_loss":0,"event_name":"Addict","floor":19,"gold_loss":85},{"damage_healed":0,"gold_gain":0,"player_choice":"Fought Bandits","damage_taken":0,"max_hp_gain":0,"max_hp_loss":0,"event_name":"Masked Bandits","floor":29,"gold_loss":0},{"damage_healed":0,"gold_gain":0,"player_choice":"Ignored","damage_taken":0,"max_hp_gain":0,"max_hp_loss":0,"event_name":"N\u0027loth","floor":31,"gold_loss":0},{"damage_healed":0,"gold_gain":0,"player_choice":"Fight","damage_taken":0,"max_hp_gain":0,"max_hp_loss":0,"event_name":"MindBloom","floor":36,"gold_loss":0},{"damage_healed":0,"gold_gain":0,"player_choice":"Max HP","damage_taken":0,"max_hp_gain":0,"max_hp_loss":8,"event_name":"Winding Halls","floor":42,"gold_loss":0}],"is_beta":false,"boss_relics":[{"not_picked":["Calling Bell","Black Star"],"picked":"Snecko Eye"},{"not_picked":["Runic Cube","Eternal Feather"],"picked":"Sozu"}],"items_purged_floors":[20,37,45,53],"is_endless":false,"potions_floor_spawned":[1,5,6,16,21,22,27,28,29,33,35,39,41,44,48],"ascension_level":6}