{"path_per_floor":["M","M","M","$","M","R","?","M","T","M","M","R","$","M","R","B",null,"M","M","M","M","M","R","M","R","T"],"character_chosen":"IRONCLAD","items_purchased":["Ginger"],"gold_per_floor":[109,121,139,64,79,79,179,194,271,284,299,299,57,77,77,178,178,194,211,229,246,263,263,281,281,281,281],"floor_reached":27,"campfire_rested":1,"playtime":2227,"current_hp_per_floor":[80,80,69,69,63,63,63,53,53,51,48,48,48,48,48,20,80,64,46,38,12,8,32,31,31,31,0],"items_purged":["Strike_R"],"gold":281,"score":213,"play_id":"fe13f9da-9ad5-433a-b8b8-ab8b014533bf","local_time":"20180408232939","is_prod":false,"is_daily":false,"is_ascension_mode":false,"campfire_upgraded":4,"timestamp":1523222979,"path_taken":["M","M","M","?","M","R","?","M","T","M","M","R","?","M","R","BOSS","M","?","M","M","M","R","M","R","T","E"],"build_version":"2018-04-05v2","purchased_purges":1,"victory":false,"master_deck":["Strike_R","Strike_R","Strike_R","Strike_R","Defend_R","Defend_R","Defend_R","Defend_R","Bash+1","Inflame+1","Pommel Strike","Dropkick","Heavy Blade+1","Warcry","Pummel","Offering","Twin Strike+1","Shrug It Off","Rampage+1","Flame Barrier","Whirlwind","Berserk"],"max_hp_per_floor":[80,80,80,80,80,80,80,80,80,80,80,80,80,80,80,80,80,80,80,80,80,80,80,80,80,80,80],"relics":["Burning Blood","The Courier","Ginger","Black Star","Oddly Smooth Stone"],"card_choices":[{"not_picked":["Warcry","Clash"],"picked":"Inflame","floor":1},{"not_picked":["Wild Strike","Armaments"],"picked":"Pommel Strike","floor":3},{"not_picked":["Rage","Warcry"],"picked":"Dropkick","floor":5},{"not_picked":["Brutality","Armaments"],"picked":"Heavy Blade","floor":10},{"not_picked":["Anger","Battle Trance"],"picked":"Warcry","floor":11},{"not_picked":["Seeing Red","Body Slam"],"picked":"Pummel","floor":14},{"not_picked":["Juggernaut","Double Tap"],"picked":"Offering","floor":16},{"not_picked":["Infernal Blade","Blood for Blood"],"picked":"Twin Strike","floor":18},{"not_picked":["Body Slam","Headbutt"],"picked":"Shrug It Off","floor":19},{"not_picked":["Iron Wave","Anger"],"picked":"Rampage","floor":20},{"not_picked":["Seeing Red","Warcry"],"picked":"Flame Barrier","floor":21},{"not_picked":["Headbutt","Anger"],"picked":"Whirlwind","floor":22},{"not_picked":["Feel No Pain","Thunderclap"],"picked":"Berserk","floor":24}],"player_experience":134495,"potions_floor_usage":[10,16,16,21,22,22,24],"damage_taken":[{"damage":5,"enemies":"Cultist","floor":1,"turns":4},{"damage":0,"enemies":"Small Slimes","floor":2,"turns":3},{"damage":17,"enemies":"Jaw Worm","floor":3,"turns":4},{"damage":12,"enemies":"Exordium Wildlife","floor":5,"turns":7},{"damage":16,"enemies":"Lots of Slimes","floor":8,"turns":6},{"damage":8,"enemies":"Gremlin Gang","floor":10,"turns":5},{"damage":9,"enemies":"2 Fungi Beasts","floor":11,"turns":4},{"damage":6,"enemies":"Exordium Wildlife","floor":14,"turns":4},{"damage":34,"enemies":"Hexaghost","floor":16,"turns":7},{"damage":22,"enemies":"3 Byrds","floor":18,"turns":7},{"damage":24,"enemies":"Spheric Guardian","floor":19,"turns":4},{"damage":14,"enemies":"Snecko","floor":20,"turns":4},{"damage":41,"enemies":"Snake Plant","floor":21,"turns":4},{"damage":10,"enemies":"Chosen and Byrds","floor":22,"turns":4},{"damage":7,"enemies":"Snecko","floor":24,"turns":4},{"damage":34,"enemies":"Gremlin Leader","floor":27,"turns":4}],"event_choices":[{"event_name":"Golden Shrine","player_choice":"Pray","floor":7,"damage_taken":0}],"boss_relics":[{"not_picked":["Orrery","Astrolabe"],"picked":"Black Star"}],"potions_floor_spawned":[2,5,11,14,20,21,22],"seed_played":"-7206474815126360320","killed_by":"Gremlin Leader","ascension_level":0,"is_trial":false}