{"gold_per_floor":[366,377,101,116,66,101,101,166,193,205,227,339,351,379,391,505,517,548,585,366,393,15,15,45,64,64,99,99,124,134,145,145,243,243,255,355,374,196,196,228,240,270,295,326,326,548,574,31,31,31,31,31,13,47,47],"floor_reached":55,"playtime":2649,"items_purged":["Strike_R","Strike_R","Strike_R"],"score":1322,"play_id":"ecef1a9f-1c25-4a7a-aaa7-e295f63652aa","local_time":"20190218100606","is_ascension_mode":true,"campfire_choices":[{"data":"Cleave","floor":7.0,"key":"SMITH"},{"data":"Bash","floor":13.0,"key":"SMITH"},{"data":"Whirlwind","floor":15.0,"key":"SMITH"},{"floor":23.0,"key":"DIG"},{"data":"Heavy Blade","floor":32.0,"key":"SMITH"},{"floor":45.0,"key":"DIG"},{"floor":49.0,"key":"RECALL"},{"floor":52.0,"key":"DIG"}],"neow_cost":"TEN_PERCENT_HP_LOSS","seed_source_timestamp":0,"circlet_count":0,"master_deck":["Defend_R","Defend_R","Defend_R","Defend_R","Bash+1","Twin Strike","Intimidate+1","Shrug It Off","Cleave+1","Dropkick","Whirlwind+1","Impervious","Cleave","Finesse+1","Thunderclap+1","Flash of Steel","Warcry","Warcry","Pummel+1","Disarm+1","Heavy Blade+1","Disarm+1","Thunderclap+1","Pummel+1","Pummel","Madness+1","Madness+1","Sword Boomerang+1","Heavy Blade+1","Cleave+1","Metallicize+1","Clash"],"special_seed":0,"relics":["Burning Blood","Brimstone","Anchor","Tiny Chest","MawBank","Black Star","Oddly Smooth Stone","Red Mask","Shovel","Potion Belt","War Paint","Strawberry","Toxic Egg 2","Calipers","PreservedInsect","Art of War","Happy Flower","Eternal Feather","Champion Belt","Letter Opener","The Courier","Charon\u0027s Ashes","Bottled Flame","Vajra","Bird Faced Urn","Omamori","Red Skull","Peace Pipe","Centennial Puzzle","Pen Nib","Lantern","Paper Frog","Ornamental Fan","Pear","Blue Candle"],"potions_floor_usage":[55,55,55,55],"damage_taken":[{"damage":13.0,"enemies":"Small Slimes","floor":1.0,"turns":6.0},{"damage":10.0,"enemies":"2 Louse","floor":2.0,"turns":4.0},{"damage":0.0,"enemies":"Cultist","floor":4.0,"turns":2.0},{"damage":12.0,"enemies":"Gremlin Nob","floor":6.0,"turns":3.0},{"damage":12.0,"enemies":"3 Sentries","floor":8.0,"turns":6.0},{"damage":0.0,"enemies":"Looter","floor":11.0,"turns":3.0},{"damage":0.0,"enemies":"3 Louse","floor":14.0,"turns":3.0},{"damage":0.0,"enemies":"Slime Boss","floor":16.0,"turns":4.0},{"damage":13.0,"enemies":"2 Thieves","floor":18.0,"turns":4.0},{"damage":20.0,"enemies":"Masked Bandits","floor":21.0,"turns":4.0},{"damage":32.0,"enemies":"Book of Stabbing","floor":24.0,"turns":4.0},{"damage":0.0,"enemies":"3 Byrds","floor":25.0,"turns":3.0},{"damage":8.0,"enemies":"Slavers","floor":27.0,"turns":5.0},{"damage":0.0,"enemies":"Gremlin Leader","floor":29.0,"turns":3.0},{"damage":3.0,"enemies":"Cultist and Chosen","floor":30.0,"turns":4.0},{"damage":2.0,"enemies":"Snake Plant","floor":31.0,"turns":2.0},{"damage":41.0,"enemies":"Champ","floor":33.0,"turns":7.0},{"damage":10.0,"enemies":"3 Shapes","floor":35.0,"turns":4.0},{"damage":2.0,"enemies":"Mind Bloom Boss Battle","floor":36.0,"turns":5.0},{"damage":0.0,"enemies":"Orb Walker","floor":37.0,"turns":3.0},{"damage":4.0,"enemies":"Reptomancer","floor":40.0,"turns":5.0},{"damage":11.0,"enemies":"Jaw Worm Horde","floor":41.0,"turns":4.0},{"damage":32.0,"enemies":"Nemesis","floor":42.0,"turns":5.0},{"damage":0.0,"enemies":"Reptomancer","floor":44.0,"turns":2.0},{"damage":1.0,"enemies":"Giant Head","floor":47.0,"turns":4.0},{"damage":32.0,"enemies":"Donu and Deca","floor":50.0,"turns":4.0},{"damage":0.0,"enemies":"Shield and Spear","floor":54.0,"turns":4.0},{"damage":98,"enemies":"The Heart","floor":55,"turns":6}],"seed_played":"3458340190207528899","potions_obtained":[{"floor":2.0,"key":"Weak Potion"},{"floor":11.0,"key":"Energy Potion"},{"floor":14.0,"key":"Block Potion"},{"floor":16.0,"key":"Dexterity Potion"},{"floor":25.0,"key":"AttackPotion"},{"floor":29.0,"key":"LiquidBronze"},{"floor":30.0,"key":"LiquidBronze"},{"floor":35.0,"key":"Strength Potion"},{"floor":37.0,"key":"Weak Potion"},{"floor":42.0,"key":"EssenceOfSteel"}],"is_trial":false,"path_per_floor":["M","M","$","M","?","E","R","E","T","?","M","?","R","M","R","B",null,"M","T","$","?","$","R","E","M","T","E","?","E","M","M","R","B",null,"M","?","M","$","?","E","M","E","T","E","R","?","E","$","R","B",null,"R","$","E","B"],"character_chosen":"IRONCLAD","items_purchased":["Brimstone","Oddly Smooth Stone","Finesse","Flash of Steel","Shovel","Pummel","Pen Nib","Lantern","Paper Frog","Clash"],"campfire_rested":0,"item_purchase_floors":[3,20,20,22,22,38,48,48,48,53],"current_hp_per_floor":[65,61,61,67,67,61,61,55,55,60,66,66,66,72,72,77,77,70,70,70,56,56,56,37,43,43,41,41,47,50,54,54,19,68,64,68,74,74,63,65,60,34,34,40,58,58,63,63,81,57,77,84,84,94,0],"gold":47,"neow_bonus":"TWO_FIFTY_GOLD","is_prod":false,"is_daily":false,"chose_seed":false,"campfire_upgraded":4,"win_rate":0,"timestamp":1550473566,"path_taken":["M","M","$","M","?","E","R","E","T","?","M","?","R","M","R","BOSS","M","?","$","?","$","R","E","M","T","E","?","E","M","M","R","BOSS","M","?","M","$","?","E","M","E","T","E","R","?","E","?","R","BOSS","R","$","E","BOSS"],"build_version":"2019-01-23","purchased_purges":3,"victory":false,"max_hp_per_floor":[72,72,72,72,72,72,72,72,72,77,77,77,77,77,77,77,77,77,77,77,77,77,77,84,84,84,84,84,84,84,84,84,84,84,84,84,84,84,84,84,84,84,84,84,84,84,84,84,84,84,84,84,84,94,94],"card_choices":[{"not_picked":["Pommel Strike","True Grit"],"picked":"Twin Strike","floor":1.0},{"not_picked":["Sever Soul","Carnage"],"picked":"Intimidate","floor":2.0},{"not_picked":["Disarm","Pommel Strike"],"picked":"Shrug It Off","floor":4.0},{"not_picked":["Carnage","Havoc"],"picked":"Cleave","floor":6.0},{"not_picked":["Armaments","Clothesline","Carnage"],"picked":"SKIP","floor":8.0},{"not_picked":["Pommel Strike","Infernal Blade"],"picked":"Dropkick","floor":11.0},{"not_picked":["Hemokinesis","Bloodletting"],"picked":"Whirlwind","floor":14.0},{"not_picked":["Juggernaut","Demon Form"],"picked":"Impervious","floor":16.0},{"not_picked":["Perfected Strike","Ghostly Armor"],"picked":"Cleave","floor":18.0},{"not_picked":["Anger+1","Rupture"],"picked":"Thunderclap+1","floor":21.0},{"not_picked":["Havoc","Armaments"],"picked":"Warcry","floor":24.0},{"not_picked":["Hemokinesis","Flex"],"picked":"Warcry","floor":25.0},{"not_picked":["Exhume+1","True Grit+1"],"picked":"Pummel+1","floor":27.0},{"not_picked":["Flex+1","Clothesline"],"picked":"Disarm+1","floor":29.0},{"not_picked":["True Grit+1","Power Through+1","Armaments+1"],"picked":"SKIP","floor":30.0},{"not_picked":["Armaments+1","Twin Strike"],"picked":"Heavy Blade","floor":31.0},{"not_picked":["Searing Blow","Feel No Pain+1"],"picked":"Disarm+1","floor":35.0},{"not_picked":["Perfected Strike+1","Hemokinesis"],"picked":"Thunderclap+1","floor":36.0},{"not_picked":["Flex+1","Shockwave+1"],"picked":"Pummel+1","floor":37.0},{"not_picked":["Pommel Strike","Clothesline","Flex+1"],"picked":"SKIP","floor":40.0},{"not_picked":["True Grit+1","Twin Strike"],"picked":"Sword Boomerang+1","floor":41.0},{"not_picked":["Shrug It Off+1","Entrench+1"],"picked":"Heavy Blade+1","floor":42.0},{"not_picked":["Wild Strike+1","Armaments+1"],"picked":"Cleave+1","floor":44.0},{"not_picked":["Berserk","Searing Blow+1"],"picked":"Metallicize+1","floor":47.0},{"not_picked":["Thunderclap","Uppercut","Inflame"],"picked":"SKIP","floor":54.0}],"player_experience":310503,"relics_obtained":[{"floor":6.0,"key":"Anchor"},{"floor":8.0,"key":"Tiny Chest"},{"floor":9.0,"key":"MawBank"},{"floor":21.0,"key":"Red Mask"},{"floor":23.0,"key":"Potion Belt"},{"floor":24.0,"key":"War Paint"},{"floor":24.0,"key":"Strawberry"},{"floor":26.0,"key":"Toxic Egg 2"},{"floor":27.0,"key":"Calipers"},{"floor":27.0,"key":"PreservedInsect"},{"floor":29.0,"key":"Art of War"},{"floor":29.0,"key":"Happy Flower"},{"floor":36.0,"key":"Champion Belt"},{"floor":40.0,"key":"Letter Opener"},{"floor":40.0,"key":"The Courier"},{"floor":42.0,"key":"Charon\u0027s Ashes"},{"floor":42.0,"key":"Bottled Flame"},{"floor":43.0,"key":"Vajra"},{"floor":44.0,"key":"Bird Faced Urn"},{"floor":44.0,"key":"Omamori"},{"floor":45.0,"key":"Red Skull"},{"floor":47.0,"key":"Peace Pipe"},{"floor":47.0,"key":"Centennial Puzzle"},{"floor":52.0,"key":"Ornamental Fan"},{"floor":54.0,"key":"Pear"},{"floor":54.0,"key":"Blue Candle"}],"event_choices":[{"cards_removed":["Strike_R"],"damage_healed":0.0,"max_hp_gain":0.0,"max_hp_loss":0.0,"gold_gain":0.0,"event_name":"The Cleric","player_choice":"Card Removal","floor":5.0,"gold_loss":50.0,"damage_taken":0.0},{"damage_healed":0.0,"max_hp_gain":5.0,"max_hp_loss":0.0,"gold_gain":0.0,"event_name":"Big Fish","player_choice":"Donut","floor":10.0,"gold_loss":0.0,"damage_taken":0.0},{"damage_healed":0.0,"max_hp_gain":0.0,"max_hp_loss":0.0,"gold_gain":100.0,"event_name":"Golden Shrine","player_choice":"Pray","floor":12.0,"gold_loss":0.0,"damage_taken":0.0},{"damage_healed":0.0,"max_hp_gain":0.0,"max_hp_loss":0.0,"gold_gain":0.0,"event_name":"Masked Bandits","player_choice":"Fought Bandits","floor":21.0,"gold_loss":0.0,"damage_taken":0.0},{"cards_removed":["Strike_R"],"damage_healed":0.0,"max_hp_gain":0.0,"max_hp_loss":0.0,"gold_gain":0.0,"event_name":"Back to Basics","player_choice":"Elegance","floor":28.0,"gold_loss":0.0,"damage_taken":0.0},{"damage_healed":0.0,"max_hp_gain":0.0,"max_hp_loss":0.0,"gold_gain":0.0,"event_name":"MindBloom","player_choice":"Fight","floor":36.0,"gold_loss":0.0,"damage_taken":0.0},{"damage_healed":0.0,"max_hp_gain":0.0,"max_hp_loss":0.0,"gold_gain":0.0,"event_name":"Winding Halls","player_choice":"Embrace Madness","floor":39.0,"gold_loss":0.0,"damage_taken":11.0,"cards_obtained":["Madness","Madness"]},{"damage_healed":0.0,"max_hp_gain":0.0,"max_hp_loss":0.0,"gold_gain":222.0,"event_name":"Tomb of Lord Red Mask","player_choice":"Wore Mask","floor":46.0,"gold_loss":0.0,"damage_taken":0.0}],"is_beta":false,"boss_relics":[{"not_picked":["Runic Dome","Tiny House"],"picked":"Black Star"},{"not_picked":["Runic Cube","Runic Pyramid"],"picked":"Eternal Feather"}],"items_purged_floors":[3,38,48],"is_endless":false,"potions_floor_spawned":[2,11,14,16,25,29,30,35,37,42,47],"killed_by":"The Heart","ascension_level":7}