{"gold_per_floor":[113,113,129,129,129,156,169,179,179,179,190,207,207,223,223,324,324,344,363,374,385,385,385,385,395,445,51,51,61,74,88,88,88],"floor_reached":33,"playtime":1775,"items_purged":["Defend_G"],"score":357,"play_id":"faabd8e5-6ee3-4541-996b-a0938dc7268b","local_time":"20181124225624","is_ascension_mode":true,"campfire_choices":[{"data":"Neutralize","floor":10,"key":"SMITH"},{"data":"1","floor":13,"key":"LIFT"},{"data":"Cloak And Dagger","floor":15,"key":"SMITH"},{"data":"Footwork","floor":24,"key":"SMITH"},{"data":"2","floor":28,"key":"LIFT"},{"floor":32,"key":"REST"}],"neow_cost":"NONE","seed_source_timestamp":823691144934213,"circlet_count":0,"master_deck":["Defend_G","Defend_G","Defend_G","Defend_G","Strike_G","Strike_G","Strike_G","Survivor","Neutralize+1","Blur","Accuracy","Leg Sweep","Finisher","All Out Attack","All Out Attack","Cloak And Dagger+1","Glass Knife","Footwork+1","Slice","Riddle With Holes","Flying Knee+1","Ghostly","Ghostly","Ghostly","Ghostly","Ghostly","Bullet Time","Metamorphosis","Endless Agony","Distraction+1","Footwork"],"relics":["Ring of the Snake","Shuriken","Girya","Tough Bandages","Empty Cage","Calipers","Orichalcum","Regal Pillow"],"potions_floor_usage":[6,18,21,33,33,33],"damage_taken":[{"damage":9,"enemies":"Small Slimes","floor":1,"turns":4},{"damage":7,"enemies":"Jaw Worm","floor":3,"turns":9},{"damage":19,"enemies":"Gremlin Nob","floor":6,"turns":6},{"damage":1,"enemies":"2 Louse","floor":7,"turns":3},{"damage":1,"enemies":"Exordium Thugs","floor":8,"turns":5},{"damage":6,"enemies":"Lots of Slimes","floor":11,"turns":3},{"damage":0,"enemies":"Gremlin Gang","floor":12,"turns":2},{"damage":0,"enemies":"Exordium Wildlife","floor":14,"turns":2},{"damage":8,"enemies":"The Guardian","floor":16,"turns":17},{"damage":1,"enemies":"3 Byrds","floor":18,"turns":3},{"damage":8,"enemies":"2 Thieves","floor":19,"turns":4},{"damage":9,"enemies":"3 Cultists","floor":20,"turns":4},{"damage":16,"enemies":"Cultist and Chosen","floor":21,"turns":6},{"damage":7,"enemies":"Centurion and Healer","floor":25,"turns":6},{"damage":0,"enemies":"Chosen and Byrds","floor":29,"turns":4},{"damage":4,"enemies":"Shelled Parasite and Fungi","floor":30,"turns":5},{"damage":0,"enemies":"Snecko","floor":31,"turns":6},{"damage":40,"enemies":"Champ","floor":33,"turns":9}],"seed_played":"-4788566679051013250","potions_obtained":[{"floor":1,"key":"GhostInAJar"},{"floor":11,"key":"SkillPotion"},{"floor":12,"key":"Weak Potion"},{"floor":14,"key":"LiquidBronze"},{"floor":16,"key":"Strength Potion"},{"floor":18,"key":"SteroidPotion"},{"floor":25,"key":"PowerPotion"}],"is_trial":false,"path_per_floor":["M","?","M","?","?","E","M","M","T","R","M","M","R","M","R","B",null,"M","M","M","M","?","T","R","M","T","$","R","M","M","M","R","B"],"character_chosen":"THE_SILENT","items_purchased":["Regal Pillow","Metamorphosis"],"campfire_rested":1,"item_purchase_floors":[27,27],"current_hp_per_floor":[54,54,47,22,45,26,25,24,24,24,18,18,18,18,18,10,55,54,46,37,21,21,21,21,14,14,14,14,14,10,10,35,0],"gold":88,"neow_bonus":"THREE_CARDS","is_prod":false,"is_daily":false,"chose_seed":false,"campfire_upgraded":3,"win_rate":0,"timestamp":1543118184,"path_taken":["M","?","M","?","?","E","M","?","T","R","M","?","R","M","R","BOSS","M","M","?","M","?","?","R","?","T","$","R","M","M","M","R","BOSS"],"build_version":"2018-11-15","purchased_purges":1,"victory":false,"max_hp_per_floor":[70,70,70,70,70,70,70,70,70,70,70,70,70,70,70,70,70,70,70,70,70,35,35,35,35,35,35,35,35,35,35,35,35],"card_choices":[{"not_picked":["Endless Agony","Riddle With Holes"],"picked":"Blur","floor":0},{"not_picked":["Cloak And Dagger","Bane"],"picked":"Accuracy","floor":1},{"not_picked":["Riddle With Holes","Backflip"],"picked":"Leg Sweep","floor":3},{"not_picked":["Phantasmal Killer","Tactician"],"picked":"Finisher","floor":6},{"not_picked":["Sucker Punch","Poisoned Stab","Prepared"],"picked":"SKIP","floor":7},{"not_picked":["Crippling Poison","Poisoned Stab"],"picked":"All Out Attack","floor":8},{"not_picked":["Deadly Poison","Reflex"],"picked":"All Out Attack","floor":11},{"not_picked":["Choke","Calculated Gamble","Backflip"],"picked":"SKIP","floor":12},{"not_picked":["Reflex","Poisoned Stab"],"picked":"Cloak And Dagger","floor":14},{"not_picked":["Envenom","Doppelganger"],"picked":"Glass Knife","floor":16},{"not_picked":["Dagger Spray","Setup"],"picked":"Footwork","floor":18},{"not_picked":["Acrobatics","Accuracy"],"picked":"Slice","floor":19},{"not_picked":["Eviscerate","Predator"],"picked":"Riddle With Holes","floor":20},{"not_picked":["Dagger Throw","Quick Slash"],"picked":"Flying Knee+1","floor":21},{"not_picked":["Expertise","Backflip"],"picked":"Bullet Time","floor":25},{"not_picked":["Outmaneuver","Backflip"],"picked":"Endless Agony","floor":29},{"not_picked":["Acrobatics","Poisoned Stab+1"],"picked":"Distraction+1","floor":30},{"not_picked":["Deadly Poison","Outmaneuver+1"],"picked":"Footwork","floor":31}],"player_experience":416116,"relics_obtained":[{"floor":6,"key":"Girya"},{"floor":9,"key":"Tough Bandages"},{"floor":23,"key":"Calipers"},{"floor":26,"key":"Orichalcum"}],"event_choices":[{"damage_healed":0,"gold_gain":0,"player_choice":"Ignored","damage_taken":0,"max_hp_gain":0,"max_hp_loss":0,"event_name":"Liars Game","floor":2,"gold_loss":0},{"damage_healed":0,"gold_gain":0,"player_choice":"Success","damage_taken":25,"relics_obtained":["Shuriken"],"max_hp_gain":0,"max_hp_loss":0,"event_name":"Scrap Ooze","floor":4,"gold_loss":0},{"damage_healed":23,"gold_gain":0,"player_choice":"Banana","damage_taken":0,"max_hp_gain":0,"max_hp_loss":0,"event_name":"Big Fish","floor":5,"gold_loss":0},{"damage_healed":0,"gold_gain":0,"player_choice":"Became a Ghost","damage_taken":0,"max_hp_gain":0,"max_hp_loss":35,"event_name":"Ghosts","floor":22,"gold_loss":0,"cards_obtained":["Ghostly","Ghostly","Ghostly","Ghostly","Ghostly"]}],"is_beta":true,"boss_relics":[{"not_picked":["White Beast Statue","Velvet Choker"],"picked":"Empty Cage"}],"items_purged_floors":[27],"is_endless":false,"potions_floor_spawned":[1,11,12,14,16,18,25,31],"killed_by":"Champ","ascension_level":6}