{"path_per_floor":["M","M","M","M","$","E","M","R","T","?","?","R","E","?","R","B",null,"M","?","?","?","?","R","M","M","T","?","R","M","R","M","R","B",null,"M","M","$","M","M","E","R","?","T","R","T","E","M","M","R","B"],"character_chosen":"IRONCLAD","items_purchased":["Corruption","Jack Of All Trades","Warcry"],"gold_per_floor":[109,125,138,154,79,114,132,132,132,307,307,307,341,341,341,446,446,463,388,303,303,303,303,321,336,336,336,336,354,354,368,368,463,463,479,490,187,203,220,285,285,285,310,310,610,644,657,677,677,677],"floor_reached":51,"campfire_rested":4,"playtime":4073,"current_hp_per_floor":[72,71,69,67,67,64,64,64,64,64,64,64,45,63,63,16,58,46,46,46,46,46,67,72,49,49,33,33,39,60,62,62,42,67,38,40,40,44,35,53,53,53,53,75,75,60,51,52,74,44],"items_purged":["Defend_R","Doubt"],"gold":677,"score":1028,"play_id":"0d68cf4d-8fd9-462c-915b-10b6de7090f0","local_time":"20180313171907","is_prod":false,"is_daily":false,"is_ascension_mode":true,"campfire_upgraded":6,"timestamp":1520929147,"path_taken":["M","M","M","M","$","E","M","R","T","?","?","R","E","?","R","BOSS","M","?","?","?","?","R","M","?","T","?","R","?","R","M","R","BOSS","M","?","$","M","M","E","R","?","T","R","?","E","?","M","R","BOSS"],"build_version":"2018-03-09","purchased_purges":2,"victory":true,"master_deck":["Bash+1","Cleave+1","Metallicize+1","Clash+1","Iron Wave","Parasite","Clothesline","Clothesline","Pummel","Cleave","Anger","Dropkick","Entrench","Shrug It Off","Decay","Feel No Pain+1","Flame Barrier","Intimidate","Exhume+1","Exhume","Battle Trance","Shrug It Off+1","Corruption+1","Jack Of All Trades","Warcry","Armaments+1","Warcry+1","Body Slam+1"],"max_hp_per_floor":[72,72,72,72,72,72,72,72,72,72,72,72,72,72,72,72,72,72,72,72,72,72,72,72,72,72,72,72,72,72,72,72,75,75,75,75,75,75,75,75,75,75,75,75,75,75,75,75,75,75],"relics":["Burning Blood","Du-Vu Doll","Blood Vial","Unceasing Top","Calipers","Pandora\u0027s Box","Dead Branch","Charon\u0027s Ashes","Nilry\u0027s Codex","Runic Dome","Tiny Chest","Bronze Scales","Old Coin","Shuriken"],"card_choices":[{"not_picked":["Thunderclap","Warcry"],"picked":"Cleave"},{"not_picked":["Corruption","Carnage"],"picked":"Metallicize"},{"not_picked":["Warcry","Reckless Charge"],"picked":"Iron Wave"},{"not_picked":["Power Through","Sword Boomerang"],"picked":"Clash"},{"not_picked":["Immolate","Barricade"],"picked":"Iron Wave"},{"not_picked":["Seeing Red","Cleave"],"picked":"Shrug It Off"},{"not_picked":["Iron Wave","Shrug It Off"],"picked":"Feel No Pain"},{"not_picked":["Entrench","Power Through"],"picked":"Flame Barrier"},{"not_picked":["Cleave","Warcry"],"picked":"Intimidate"},{"not_picked":["Clash","Heavy Blade"],"picked":"Exhume"},{"not_picked":["Barricade","Bludgeon"],"picked":"Exhume"},{"not_picked":["Twin Strike","Hemokinesis"],"picked":"Battle Trance"},{"not_picked":["Anger","Iron Wave"],"picked":"Shrug It Off"},{"not_picked":["Cleave","Burning Pact"],"picked":"Armaments"},{"not_picked":["True Grit","Clothesline"],"picked":"Warcry"},{"not_picked":["Clash","Cleave"],"picked":"Body Slam"}],"player_experience":279171,"potions_floor_usage":[6,6,31,33,36,40,48,50],"damage_taken":[{"damage":0,"enemies":"Small Slimes","floor":1,"turns":3},{"damage":7,"enemies":"Jaw Worm","floor":2,"turns":3},{"damage":8,"enemies":"2 Louse","floor":3,"turns":3},{"damage":8,"enemies":"Gremlin Gang","floor":4,"turns":5},{"damage":24,"enemies":"3 Sentries","floor":6,"turns":7},{"damage":8,"enemies":"Looter","floor":7,"turns":4},{"damage":27,"enemies":"Lagavulin","floor":13,"turns":5},{"damage":55,"enemies":"Slime Boss","floor":16,"turns":11},{"damage":20,"enemies":"2 Thieves","floor":18,"turns":4},{"damage":3,"enemies":"Spheric Guardian","floor":24,"turns":3},{"damage":29,"enemies":"Snake Plant","floor":25,"turns":4},{"damage":2,"enemies":"Cultist and Chosen","floor":29,"turns":5},{"damage":15,"enemies":"3 Cultists","floor":31,"turns":4},{"damage":31,"enemies":"Automaton","floor":33,"turns":10},{"damage":37,"enemies":"3 Darklings","floor":35,"turns":4},{"damage":6,"enemies":"3 Shapes","floor":36,"turns":3},{"damage":4,"enemies":"Maw","floor":38,"turns":4},{"damage":17,"enemies":"3 Darklings","floor":39,"turns":4},{"damage":6,"enemies":"Nemesis","floor":40,"turns":5},{"damage":21,"enemies":"Giant Head","floor":46,"turns":6},{"damage":17,"enemies":"Sphere and 2 Shapes","floor":47,"turns":2},{"damage":13,"enemies":"Maw","floor":48,"turns":5},{"damage":37,"enemies":"Donu and Deca","floor":50,"turns":5}],"event_choices":[{"event_name":"Liars Game","player_choice":"agreed","floor":10,"damage_taken":0},{"event_name":"Upgrade Shrine","player_choice":"Upgraded","floor":11,"damage_taken":0},{"event_name":"Mushrooms","player_choice":"Healed and dodged fight","floor":14,"damage_taken":0},{"event_name":"Beggar","player_choice":"Gave Gold","floor":19,"damage_taken":0},{"event_name":"Addict","player_choice":"Obtained Relic","floor":20,"damage_taken":0},{"event_name":"Forgotten Altar","player_choice":"Smashed Altar","floor":21,"damage_taken":0},{"event_name":"The Lab","player_choice":"Got Potions","floor":22,"damage_taken":0},{"event_name":"Cursed Tome","player_choice":"Obtained Book","floor":27,"damage_taken":0}],"boss_relics":[{"not_picked":["Velvet Choker","Mark of Pain"],"picked":"Pandora\u0027s Box"},{"not_picked":["Tiny House","Snecko Eye"],"picked":"Runic Dome"}],"potions_floor_spawned":[3,4,7,24,29,31,36,39,46,48],"seed_played":"8010745632145799669","ascension_level":9,"is_trial":false}