{"gold_per_floor":[118,43,60,74,54,54,74,21,21,21,21,21,21,40,40,138,138,154,154,3,22,22],"floor_reached":22,"playtime":714,"items_purged":["Sweeping Beam"],"score":287,"play_id":"f43420d0-f619-4161-99b0-0d442fffd1a0","local_time":"20181116203546","is_ascension_mode":true,"campfire_choices":[{"data":"Defragment","floor":6,"key":"SMITH"},{"data":"Zap","floor":12,"key":"SMITH"},{"floor":15,"key":"REST"}],"neow_cost":"CURSE","seed_source_timestamp":23929125052134,"circlet_count":0,"master_deck":["AscendersBane","Zap+1","Dualcast","Ball Lightning","Defragment+1","Gash","Turbo","Hologram","Ball Lightning","Electrodynamics+1","Biased Cognition","Barrage","Rebound","Force Field","FTL","Compile Driver","Ball Lightning","Glacier","Defragment","Lockon"],"relics":["Cracked Core","Turnip","Du-Vu Doll","Golden Idol","Pandora\u0027s Box"],"potions_floor_usage":[16,22],"damage_taken":[{"damage":7,"enemies":"Small Slimes","floor":1,"turns":4},{"damage":1,"enemies":"Cultist","floor":3,"turns":3},{"damage":0,"enemies":"2 Louse","floor":4,"turns":1},{"damage":32,"enemies":"Exordium Thugs","floor":7,"turns":4},{"damage":18,"enemies":"Large Slime","floor":14,"turns":3},{"damage":32,"enemies":"The Guardian","floor":16,"turns":9},{"damage":14,"enemies":"Shell Parasite","floor":18,"turns":2},{"damage":12,"enemies":"Chosen","floor":21,"turns":3},{"damage":28,"enemies":"Snake Plant","floor":22,"turns":2}],"seed_played":"6009532890409309915","potions_obtained":[{"floor":3,"key":"EssenceOfSteel"},{"floor":5,"key":"FairyPotion"},{"floor":7,"key":"PowerPotion"},{"floor":16,"key":"SteroidPotion"},{"floor":18,"key":"PowerPotion"}],"is_trial":false,"path_per_floor":["M","$","M","M","?","R","M","$","T","?","?","R","$","M","R","B",null,"M","?","$","M","M"],"character_chosen":"DEFECT","items_purchased":["Defragment","Ball Lightning","Defragment"],"campfire_rested":1,"item_purchase_floors":[2,8,20],"current_hp_per_floor":[61,61,60,60,60,60,28,28,28,28,28,28,28,10,30,6,53,39,39,39,27,0],"gold":22,"neow_bonus":"ONE_RARE_RELIC","is_prod":false,"is_daily":false,"chose_seed":false,"campfire_upgraded":2,"win_rate":0,"timestamp":1542429346,"path_taken":["M","$","M","M","?","R","M","?","T","?","?","R","$","M","R","BOSS","M","?","$","M","M"],"build_version":"2018-11-15","purchased_purges":1,"victory":false,"max_hp_per_floor":[75,75,75,75,75,75,75,75,75,69,69,69,69,69,69,69,69,69,69,69,69,69],"card_choices":[{"not_picked":["Compile Driver","Darkness"],"picked":"Ball Lightning","floor":1},{"not_picked":["Hologram","Redo"],"picked":"Gash","floor":3},{"not_picked":["Barrage","Stack"],"picked":"Turbo","floor":4},{"not_picked":["Go for the Eyes","Beam Cell"],"picked":"Hologram","floor":7},{"not_picked":["Stack","Fusion"],"picked":"Electrodynamics","floor":14},{"not_picked":["Reboot","Seek"],"picked":"Biased Cognition","floor":16},{"not_picked":["Rebound","Streamline+1","Coolheaded"],"picked":"SKIP","floor":18},{"not_picked":["Go for the Eyes","Turbo"],"picked":"Lockon","floor":21}],"player_experience":415324,"relics_obtained":[{"floor":9,"key":"Du-Vu Doll"}],"event_choices":[{"damage_healed":0,"gold_gain":0,"player_choice":"Bought 1 Potion","damage_taken":0,"max_hp_gain":0,"max_hp_loss":0,"event_name":"The Woman in Blue","floor":5,"gold_loss":0},{"damage_healed":0,"gold_gain":0,"player_choice":"Lose Max HP","damage_taken":0,"relics_obtained":["Golden Idol"],"max_hp_gain":0,"max_hp_loss":6,"event_name":"Golden Idol","floor":10,"gold_loss":0},{"cards_removed":["Decay"],"damage_healed":0,"gold_gain":0,"player_choice":"Forget","damage_taken":0,"max_hp_gain":0,"max_hp_loss":0,"event_name":"Living Wall","floor":11,"gold_loss":0},{"damage_healed":0,"gold_gain":0,"player_choice":"Upgraded","damage_taken":0,"max_hp_gain":0,"max_hp_loss":0,"event_name":"Upgrade Shrine","floor":19,"gold_loss":0,"cards_upgraded":["Electrodynamics"]}],"is_beta":false,"boss_relics":[{"not_picked":["Runic Dome","Tiny House"],"picked":"Pandora\u0027s Box"}],"items_purged_floors":[20],"is_endless":false,"potions_floor_spawned":[3,7,16,18],"killed_by":"Snake Plant","ascension_level":13}