{"gold_per_floor":[415,432,448,58,75,75,105,105,105,105,117,130,130,143,143,248,248,266,266,285,302,15,15,50,62,87,87,105,134,145,145,157,274,286,308,335,365,477,509,521,562,574,586,598,629,654,666,690,702,714],"floor_reached":50,"playtime":4279,"items_purged":["Pain"],"score":622,"play_id":"c8deb9d0-50f8-44c1-ab7c-3f47a84fd336","local_time":"20190123203630","is_ascension_mode":true,"campfire_choices":[{"data":"Mayhem","floor":6,"key":"SMITH"},{"floor":10,"key":"RECALL"},{"floor":15,"key":"REST"},{"data":"Apotheosis","floor":23,"key":"SMITH"},{"floor":27,"key":"REST"},{"floor":32,"key":"REST"},{"floor":40,"key":"REST"},{"floor":47,"key":"REST"},{"floor":49,"key":"REST"}],"neow_cost":"TEN_PERCENT_HP_LOSS","seed_source_timestamp":162318498724708,"circlet_count":0,"master_deck":["Strike_R","Strike_R","Strike_R","Defend_R","Defend_R","Defend_R","Bash","Reckless Charge+1","Clothesline","Pommel Strike+1","Mayhem+1","Battle Trance","Offering+1","Power Through","Rage","Anger","Offering","Impervious","Twin Strike","Armaments","Wild Strike+1","Apotheosis+1","Shrug It Off","Inflame+1","Iron Wave","Combust+1","Dark Embrace","Spot Weakness+1","Writhe","Immolate","Dark Embrace+1","Offering+1","Dual Wield+1","Blood for Blood+1","Perfected Strike+1","Thunderclap+1","Warcry","True Grit+1","Carnage+1","Second Wind","Madness","Madness","Anger","Intimidate","Pommel Strike","Perfected Strike","Impervious","Ghostly Armor"],"relics":["Burning Blood","Old Coin","Blood Vial","Mercury Hourglass","Letter Opener","Runic Cube","WarpedTongs","Bottled Flame","Unceasing Top","MawBank","Astrolabe","Prayer Wheel","Regal Pillow","Ginger"],"potions_floor_usage":[7,12,16,29,33,33,38,50],"damage_taken":[{"damage":12,"enemies":"Cultist","floor":1,"turns":6},{"damage":2,"enemies":"Jaw Worm","floor":2,"turns":5},{"damage":8,"enemies":"2 Louse","floor":3,"turns":3},{"damage":27,"enemies":"Exordium Thugs","floor":5,"turns":5},{"damage":24,"enemies":"Gremlin Nob","floor":7,"turns":4},{"damage":7,"enemies":"2 Fungi Beasts","floor":11,"turns":2},{"damage":16,"enemies":"Lots of Slimes","floor":12,"turns":2},{"damage":6,"enemies":"Exordium Thugs","floor":14,"turns":3},{"damage":20,"enemies":"Hexaghost","floor":16,"turns":8},{"damage":13,"enemies":"2 Thieves","floor":18,"turns":3},{"damage":12,"enemies":"Shell Parasite","floor":20,"turns":4},{"damage":25,"enemies":"Centurion and Healer","floor":21,"turns":5},{"damage":11,"enemies":"Book of Stabbing","floor":24,"turns":5},{"damage":21,"enemies":"Shelled Parasite and Fungi","floor":25,"turns":4},{"damage":8,"enemies":"Snake Plant","floor":28,"turns":4},{"damage":21,"enemies":"Slavers","floor":29,"turns":4},{"damage":12,"enemies":"Centurion and Healer","floor":30,"turns":6},{"damage":44,"enemies":"Collector","floor":33,"turns":8},{"damage":18,"enemies":"3 Darklings","floor":35,"turns":3},{"damage":27,"enemies":"3 Shapes","floor":36,"turns":3},{"damage":12,"enemies":"3 Darklings","floor":37,"turns":3},{"damage":11,"enemies":"Mind Bloom Boss Battle","floor":38,"turns":8},{"damage":12,"enemies":"4 Shapes","floor":39,"turns":3},{"damage":50,"enemies":"Giant Head","floor":41,"turns":8},{"damage":33,"enemies":"Jaw Worm Horde","floor":45,"turns":4},{"damage":22,"enemies":"Spire Growth","floor":46,"turns":4},{"damage":30,"enemies":"Transient","floor":48,"turns":5},{"damage":75,"enemies":"Time Eater","floor":50,"turns":7}],"seed_played":"-3742324963878564504","potions_obtained":[{"floor":2,"key":"Energy Potion"},{"floor":5,"key":"AttackPotion"},{"floor":7,"key":"Weak Potion"},{"floor":21,"key":"Swift Potion"},{"floor":24,"key":"PowerPotion"},{"floor":25,"key":"FearPotion"},{"floor":33,"key":"Poison Potion"},{"floor":38,"key":"LiquidBronze"},{"floor":41,"key":"LiquidBronze"},{"floor":46,"key":"LiquidBronze"}],"is_trial":false,"path_per_floor":["M","M","M","$","M","R","E","?","T","R","M","M","?","M","R","B",null,"M","?","M","M","$","R","E","M","T","R","M","E","M","?","R","B",null,"M","M","M","?","M","R","E","?","T","?","M","M","R","M","R","B"],"character_chosen":"IRONCLAD","items_purchased":["Mayhem","Blood Vial","Battle Trance","Apotheosis","Shrug It Off"],"campfire_rested":6,"item_purchase_floors":[4,4,4,22,22],"current_hp_per_floor":[66,70,68,68,49,49,33,33,33,33,34,26,12,14,35,23,72,65,65,61,44,44,44,41,28,28,49,49,36,32,32,53,17,72,60,41,37,34,30,51,9,63,63,55,30,16,49,27,60,0],"gold":714,"neow_bonus":"ONE_RARE_RELIC","is_prod":false,"is_daily":false,"chose_seed":false,"campfire_upgraded":2,"win_rate":0,"timestamp":1548293790,"path_taken":["M","?","M","$","M","R","E","?","T","R","M","M","?","?","R","BOSS","M","?","M","M","$","R","E","M","T","R","?","E","M","?","R","BOSS","M","M","M","?","M","R","E","?","T","?","?","M","R","M","R","BOSS"],"build_version":"2019-01-23","purchased_purges":1,"victory":false,"max_hp_per_floor":[72,72,72,72,72,72,72,72,72,72,72,72,72,72,72,72,72,72,72,72,72,72,72,72,72,72,72,72,72,72,72,72,72,72,72,72,72,72,72,72,72,63,63,63,63,63,63,63,63,63],"card_choices":[{"not_picked":["Wild Strike","Disarm"],"picked":"Reckless Charge","floor":1},{"not_picked":["Intimidate","Sentinel"],"picked":"Clothesline","floor":2},{"not_picked":["Body Slam","Sword Boomerang"],"picked":"Pommel Strike","floor":3},{"not_picked":["Feel No Pain","Flex"],"picked":"Offering","floor":5},{"not_picked":["Dual Wield","Clothesline"],"picked":"Power Through","floor":7},{"not_picked":["Anger","Iron Wave"],"picked":"Rage","floor":11},{"not_picked":["Armaments","Pommel Strike"],"picked":"Anger","floor":12},{"not_picked":["Clothesline","Blood for Blood"],"picked":"Offering","floor":14},{"not_picked":["Offering","Limit Break"],"picked":"Impervious","floor":16},{"not_picked":["Flex","Clothesline"],"picked":"Twin Strike","floor":18},{"not_picked":["True Grit","Clothesline"],"picked":"Armaments","floor":20},{"not_picked":["Pummel","Spot Weakness"],"picked":"Wild Strike+1","floor":21},{"not_picked":["Searing Blow","Pommel Strike"],"picked":"Inflame+1","floor":24},{"not_picked":["Heavy Blade","Dual Wield"],"picked":"Iron Wave","floor":25},{"not_picked":["Feel No Pain+1","Thunderclap"],"picked":"Combust+1","floor":28},{"not_picked":["Sword Boomerang","Clothesline"],"picked":"Dark Embrace","floor":29},{"not_picked":["Havoc","Body Slam"],"picked":"Spot Weakness+1","floor":30},{"not_picked":["Brutality","Offering"],"picked":"Immolate","floor":33},{"not_picked":["Flame Barrier+1","Clash+1"],"picked":"Blood for Blood+1","floor":35},{"not_picked":["Headbutt+1","Intimidate+1"],"picked":"Perfected Strike+1","floor":36},{"not_picked":["Blood for Blood","Anger"],"picked":"Thunderclap+1","floor":37},{"not_picked":["Searing Blow","Hemokinesis"],"picked":"Warcry","floor":38},{"not_picked":["Warcry+1","Wild Strike"],"picked":"True Grit+1","floor":39},{"not_picked":["Shrug It Off","Rage"],"picked":"Carnage+1","floor":39},{"not_picked":["Combust","Clothesline"],"picked":"Second Wind","floor":41},{"not_picked":["Entrench+1","Twin Strike+1"],"picked":"Anger","floor":45},{"not_picked":["Uppercut","Sever Soul"],"picked":"Intimidate","floor":45},{"not_picked":["Clothesline+1","Dual Wield+1"],"picked":"Pommel Strike","floor":46},{"not_picked":["Havoc+1","Sentinel+1"],"picked":"Perfected Strike","floor":46},{"not_picked":["Rampage","Body Slam"],"picked":"Impervious","floor":48},{"not_picked":["Heavy Blade","Hemokinesis"],"picked":"Ghostly Armor","floor":48}],"player_experience":68440,"relics_obtained":[{"floor":7,"key":"Mercury Hourglass"},{"floor":9,"key":"Letter Opener"},{"floor":24,"key":"Bottled Flame"},{"floor":29,"key":"Unceasing Top"},{"floor":38,"key":"Prayer Wheel"},{"floor":41,"key":"Regal Pillow"},{"floor":43,"key":"Ginger"}],"event_choices":[{"damage_healed":0,"gold_gain":0,"player_choice":"Grow","damage_taken":0,"max_hp_gain":0,"max_hp_loss":0,"event_name":"Living Wall","floor":8,"gold_loss":0,"cards_upgraded":["Pommel Strike"]},{"damage_healed":0,"gold_gain":0,"player_choice":"Entered Light","damage_taken":14,"max_hp_gain":0,"max_hp_loss":0,"event_name":"Shining Light","floor":13,"gold_loss":0,"cards_upgraded":["Offering","Reckless Charge"]},{"damage_healed":0,"gold_gain":0,"player_choice":"Rummage","damage_taken":0,"relics_obtained":["WarpedTongs"],"max_hp_gain":0,"max_hp_loss":0,"event_name":"Accursed Blacksmith","floor":19,"gold_loss":0,"cards_obtained":["Pain"]},{"damage_healed":0,"gold_gain":0,"player_choice":"Opened","damage_taken":0,"relics_obtained":["MawBank"],"max_hp_gain":0,"max_hp_loss":0,"event_name":"The Mausoleum","floor":31,"gold_loss":0,"cards_obtained":["Writhe"]},{"damage_healed":0,"gold_gain":0,"player_choice":"Fight","damage_taken":0,"max_hp_gain":0,"max_hp_loss":0,"event_name":"MindBloom","floor":38,"gold_loss":0},{"damage_healed":63,"gold_gain":0,"player_choice":"Heal","damage_taken":0,"max_hp_gain":0,"max_hp_loss":9,"event_name":"The Moai Head","floor":42,"gold_loss":0},{"damage_healed":0,"gold_gain":0,"player_choice":"Embrace Madness","damage_taken":8,"max_hp_gain":0,"max_hp_loss":0,"event_name":"Winding Halls","floor":44,"gold_loss":0,"cards_obtained":["Madness","Madness"]}],"is_beta":false,"boss_relics":[{"not_picked":["Ectoplasm","Runic Dome"],"picked":"Runic Cube"},{"not_picked":["Velvet Choker","Runic Pyramid"],"picked":"Astrolabe"}],"items_purged_floors":[22],"is_endless":false,"potions_floor_spawned":[2,5,7,21,24,25,33,38,41,46],"killed_by":"Time Eater","ascension_level":2}