{"gold_per_floor":[114,126,51,1,13,13,44,44,115,133,133,146,146,158,158,231,231,231,0,0,0,0,0,0,0,0,0,0,0,0,0,0,0],"floor_reached":33,"playtime":1731,"items_purged":["Shame"],"score":642,"play_id":"cc430fe7-1077-4108-bfef-8e864085b097","local_time":"20190304011253","is_ascension_mode":true,"campfire_choices":[{"data":"Zap","floor":6,"key":"SMITH"},{"floor":8,"key":"REST"},{"data":"Dualcast","floor":11,"key":"SMITH"},{"data":"Ball Lightning","floor":13,"key":"SMITH"},{"data":"White Noise","floor":15,"key":"SMITH"},{"floor":29,"key":"REST"},{"floor":32,"key":"REST"}],"neow_cost":"CURSE","seed_source_timestamp":2213816813220800,"circlet_count":0,"master_deck":["AscendersBane","Strike_B","Strike_B","Strike_B","Strike_B","Defend_B","Defend_B","Defend_B","Defend_B","Zap+1","Dualcast+1","Ball Lightning+1","Glacier","Glacier","Ball Lightning","White Noise+1","Machine Learning+1","Machine Learning","Loop","Loop","Reinforced Body+1"],"relics":["Cracked Core","Nunchaku","Potion Belt","FossilizedHelix","Ectoplasm","OrangePellets","MawBank","Peace Pipe","Pear"],"potions_floor_usage":[16,16,20,20,24,24],"damage_taken":[{"damage":7,"enemies":"Jaw Worm","floor":1,"turns":4},{"damage":1,"enemies":"Cultist","floor":2,"turns":3},{"damage":0,"enemies":"2 Louse","floor":5,"turns":2},{"damage":46,"enemies":"Gremlin Nob","floor":7,"turns":6},{"damage":8,"enemies":"Gremlin Gang","floor":10,"turns":4},{"damage":0,"enemies":"Exordium Wildlife","floor":12,"turns":5},{"damage":0,"enemies":"Large Slime","floor":14,"turns":5},{"damage":0,"enemies":"Slime Boss","floor":16,"turns":6},{"damage":0,"enemies":"Shell Parasite","floor":18,"turns":7},{"damage":6,"enemies":"3 Byrds","floor":20,"turns":3},{"damage":6,"enemies":"Shelled Parasite and Fungi","floor":22,"turns":7},{"damage":27,"enemies":"Gremlin Leader","floor":24,"turns":9},{"damage":13,"enemies":"3 Cultists","floor":25,"turns":5},{"damage":0,"enemies":"Chosen and Byrds","floor":27,"turns":6},{"damage":16,"enemies":"Snake Plant","floor":30,"turns":5},{"damage":20,"enemies":"Shelled Parasite and Fungi","floor":31,"turns":5},{"damage":62,"enemies":"Champ","floor":33,"turns":15}],"seed_played":"-1010615558725349684","potions_obtained":[{"floor":7,"key":"LiquidBronze"},{"floor":12,"key":"Fire Potion"},{"floor":14,"key":"AttackPotion"},{"floor":16,"key":"Weak Potion"},{"floor":18,"key":"AttackPotion"},{"floor":22,"key":"GamblersBrew"},{"floor":30,"key":"SteroidPotion"}],"is_trial":false,"path_per_floor":["M","M","$","?","M","R","E","R","T","M","R","M","R","M","R","B",null,"M","$","M","?","M","?","E","M","T","M","T","R","M","M","R","B"],"character_chosen":"DEFECT","items_purchased":["OrangePellets"],"campfire_rested":3,"item_purchase_floors":[19],"current_hp_per_floor":[57,56,56,56,56,56,10,31,31,23,23,23,23,23,23,23,59,59,59,53,53,47,47,20,7,7,7,17,41,25,5,29,0],"gold":0,"neow_bonus":"ONE_RARE_RELIC","is_prod":false,"is_daily":false,"chose_seed":false,"campfire_upgraded":4,"win_rate":0,"timestamp":1551690773,"path_taken":["M","M","$","?","M","R","E","R","T","M","R","M","R","M","R","BOSS","M","$","M","?","M","?","E","?","T","M","?","R","M","M","R","BOSS"],"build_version":"2019-01-23","purchased_purges":1,"victory":false,"max_hp_per_floor":[71,71,71,71,71,71,71,71,71,71,71,71,71,71,71,71,71,71,71,71,71,71,71,71,71,71,71,81,81,81,81,81,81],"card_choices":[{"not_picked":["Compile Driver","Force Field"],"picked":"Ball Lightning","floor":1},{"not_picked":["Leap","Barrage"],"picked":"Glacier","floor":2},{"not_picked":["Stack","Streamline","Chill"],"picked":"SKIP","floor":5},{"not_picked":["Cold Snap","Stack"],"picked":"Glacier","floor":7},{"not_picked":["Streamline","Coolheaded","Tempest"],"picked":"SKIP","floor":10},{"not_picked":["Stack","Chaos"],"picked":"Ball Lightning","floor":12},{"not_picked":["Stack","Barrage"],"picked":"White Noise","floor":14},{"not_picked":["Hyperbeam","Creative AI"],"picked":"Machine Learning","floor":16},{"not_picked":["Streamline","Gash","Stack"],"picked":"SKIP","floor":18},{"not_picked":["Leap","Streamline+1","Hologram"],"picked":"SKIP","floor":20},{"not_picked":["Barrage","Reboot","Gash"],"picked":"SKIP","floor":22},{"not_picked":["Steam","Leap"],"picked":"Machine Learning","floor":24},{"not_picked":["Melter","Sweeping Beam"],"picked":"Loop","floor":25},{"not_picked":["Turbo","Conserve Battery"],"picked":"Loop","floor":27},{"not_picked":["Beam Cell","Auto Shields","Hyperbeam"],"picked":"SKIP","floor":30},{"not_picked":["Double Energy","Gash"],"picked":"Reinforced Body+1","floor":31}],"player_experience":778177,"relics_obtained":[{"floor":7,"key":"FossilizedHelix"},{"floor":24,"key":"MawBank"},{"floor":26,"key":"Peace Pipe"},{"floor":28,"key":"Pear"}],"event_choices":[{"damage_healed":0,"gold_gain":0,"player_choice":"Paid Gold","damage_taken":0,"relics_obtained":["Potion Belt"],"max_hp_gain":0,"max_hp_loss":0,"event_name":"WeMeetAgain","floor":4,"gold_loss":50},{"damage_healed":0,"gold_gain":0,"player_choice":"Ignored","damage_taken":0,"max_hp_gain":0,"max_hp_loss":0,"event_name":"Vampires","floor":21,"gold_loss":0},{"damage_healed":0,"gold_gain":0,"player_choice":"Upgraded","damage_taken":0,"max_hp_gain":0,"max_hp_loss":0,"event_name":"Upgrade Shrine","floor":23,"gold_loss":0,"cards_upgraded":["Machine Learning"]}],"is_beta":false,"boss_relics":[{"not_picked":["Eternal Feather","Tiny House"],"picked":"Ectoplasm"}],"items_purged_floors":[3],"is_endless":false,"potions_floor_spawned":[7,12,14,16,18,22,30],"killed_by":"Champ","ascension_level":20}