{"gold_per_floor":[20,31,31,48,62,62,93,146,217,227,253,203,203,23,23,121,121,137,154,174,190,289,316,328,356,356,356,390,390,419,419,419,523,523,537,548,548,648,19,19,19,54,130,130,163,163,189,207,207,207,207,207,89,118,118],"floor_reached":56,"playtime":3726,"items_purged":["Strike_R+1"],"score":2001,"play_id":"90d6c043-7792-41ea-a031-e8b68eae3667","local_time":"20190217184558","is_ascension_mode":true,"campfire_choices":[{"data":"Metallicize","floor":6,"key":"SMITH"},{"data":"Barricade","floor":13,"key":"SMITH"},{"data":"Entrench","floor":15,"key":"SMITH"},{"floor":27,"key":"REST"},{"data":"Armaments","floor":29,"key":"SMITH"},{"data":"Demon Form","floor":32,"key":"SMITH"},{"data":"Rupture","floor":40,"key":"SMITH"},{"floor":49,"key":"RECALL"},{"data":"Offering","floor":52,"key":"SMITH"}],"neow_cost":"NO_GOLD","seed_source_timestamp":978985769397900,"circlet_count":0,"master_deck":["Strike_R+1","Strike_R+1","Strike_R+1","Defend_R+1","Defend_R+1","Defend_R+1","Defend_R+1","Bash","Clothesline","Metallicize+1","Cleave","Iron Wave","Barricade+1","Corruption","Entrench+1","Demon Form+1","Shrug It Off","Armaments+1","Offering+1","Iron Wave+1","Evolve+1","Spot Weakness+1","True Grit","Impervious","Sentinel","Body Slam","Brutality","Infernal Blade","Metallicize+1","Shockwave+1","Shrug It Off","Rupture+1","Headbutt","Flame Barrier+1","Offering","Disarm","Burning Pact+1","Feel No Pain","Body Slam+1"],"relics":["Burning Blood","Pocketwatch","Gremlin Horn","Red Skull","Bag of Preparation","Shuriken","Dream Catcher","Anchor","Mark of Pain","Prayer Wheel","Bag of Marbles","Pantograph","Ancient Tea Set","Omamori","Runic Dome","Magic Flower","Bottled Lightning","Mango","The Courier","Potion Belt","Du-Vu Doll","Art of War"],"potions_floor_usage":[23,23,23,25,25,25,46,46,47,55],"damage_taken":[{"damage":7,"enemies":"2 Louse","floor":1,"turns":4},{"damage":3,"enemies":"Jaw Worm","floor":2,"turns":6},{"damage":1,"enemies":"Cultist","floor":4,"turns":3},{"damage":6,"enemies":"Looter","floor":5,"turns":4},{"damage":9,"enemies":"3 Sentries","floor":7,"turns":9},{"damage":3,"enemies":"Blue Slaver","floor":10,"turns":5},{"damage":0,"enemies":"Lagavulin","floor":11,"turns":9},{"damage":0,"enemies":"The Guardian","floor":16,"turns":20},{"damage":3,"enemies":"Shell Parasite","floor":18,"turns":7},{"damage":0,"enemies":"Chosen","floor":19,"turns":8},{"damage":35,"enemies":"3 Cultists","floor":20,"turns":6},{"damage":6,"enemies":"Chosen and Byrds","floor":21,"turns":6},{"damage":43,"enemies":"Slavers","floor":23,"turns":5},{"damage":0,"enemies":"Snecko","floor":24,"turns":6},{"damage":6,"enemies":"Gremlin Leader","floor":25,"turns":6},{"damage":10,"enemies":"Book of Stabbing","floor":28,"turns":6},{"damage":17,"enemies":"Slavers","floor":30,"turns":6},{"damage":25,"enemies":"Champ","floor":33,"turns":9},{"damage":28,"enemies":"3 Darklings","floor":35,"turns":4},{"damage":11,"enemies":"Orb Walker","floor":36,"turns":4},{"damage":6,"enemies":"Mind Bloom Boss Battle","floor":38,"turns":3},{"damage":27,"enemies":"Reptomancer","floor":42,"turns":5},{"damage":47,"enemies":"Giant Head","floor":45,"turns":9},{"damage":33,"enemies":"Transient","floor":46,"turns":5},{"damage":13,"enemies":"Nemesis","floor":47,"turns":9},{"damage":6,"enemies":"3 Darklings","floor":48,"turns":3},{"damage":31,"enemies":"Time Eater","floor":50,"turns":10},{"damage":17,"enemies":"Shield and Spear","floor":54,"turns":9},{"damage":75,"enemies":"The Heart","floor":55,"turns":9}],"seed_played":"5010663770836443681","potions_obtained":[{"floor":4,"key":"EssenceOfSteel"},{"floor":5,"key":"Weak Potion"},{"floor":10,"key":"EntropicBrew"},{"floor":16,"key":"LiquidBronze"},{"floor":25,"key":"SmokeBomb"},{"floor":35,"key":"PowerPotion"},{"floor":38,"key":"Regen Potion"},{"floor":48,"key":"AttackPotion"}],"is_trial":false,"path_per_floor":["M","M","?","M","M","R","E","T","T","M","E","?","R","$","R","B",null,"M","M","M","M","?","E","M","E","T","R","E","R","E","?","R","B",null,"M","M","?","?","$","R","$","E","T","?","E","M","E","M","R","B",null,"R","$","E","B",null],"character_chosen":"IRONCLAD","items_purchased":["Anchor","Entrench","Rupture","Bottled Lightning","Mango","Headbutt","Feel No Pain"],"campfire_rested":1,"item_purchase_floors":[14,14,39,39,39,39,53],"current_hp_per_floor":[71,74,62,67,67,67,64,64,64,67,73,73,73,73,73,79,80,80,80,51,51,51,14,20,20,20,44,40,40,29,29,29,35,69,47,42,42,67,81,81,81,63,63,87,49,25,45,48,48,64,87,87,87,79,28],"gold":118,"neow_bonus":"ONE_RARE_RELIC","is_prod":false,"is_daily":false,"chose_seed":false,"campfire_upgraded":7,"win_rate":0,"timestamp":1550457958,"path_taken":["M","M","?","M","M","R","E","?","T","?","E","?","R","$","R","BOSS","M","M","M","M","?","E","M","E","T","R","E","R","E","?","R","BOSS","M","M","?","?","$","R","$","E","T","?","E","M","E","M","R","BOSS","R","$","E","BOSS"],"build_version":"2019-01-23","purchased_purges":1,"victory":true,"max_hp_per_floor":[80,80,80,80,80,80,80,80,80,80,80,80,80,80,80,80,80,80,80,80,80,80,80,80,80,80,80,80,80,80,80,80,80,80,80,80,80,80,94,94,94,94,94,94,94,94,94,94,94,94,94,94,94,94,94],"card_choices":[{"not_picked":["Intimidate","Cleave"],"picked":"Clothesline","floor":1},{"not_picked":["Disarm","Entrench"],"picked":"Metallicize","floor":2},{"not_picked":["Rupture","Sword Boomerang"],"picked":"Cleave","floor":4},{"not_picked":["Body Slam","Heavy Blade"],"picked":"Iron Wave","floor":5},{"not_picked":["Carnage","Rage"],"picked":"Barricade","floor":7},{"not_picked":["Hemokinesis","Combust"],"picked":"Corruption","floor":10},{"not_picked":["Carnage","Wild Strike","Havoc"],"picked":"SKIP","floor":11},{"not_picked":["Offering","Dark Embrace"],"picked":"Demon Form","floor":16},{"not_picked":["Twin Strike","Pommel Strike+1"],"picked":"Shrug It Off","floor":18},{"not_picked":["Battle Trance+1","Twin Strike+1"],"picked":"Armaments","floor":19},{"not_picked":["Perfected Strike+1","Havoc"],"picked":"Offering","floor":20},{"not_picked":["Armaments","Cleave"],"picked":"Iron Wave+1","floor":21},{"not_picked":["Hemokinesis+1","Pommel Strike"],"picked":"Evolve+1","floor":23},{"not_picked":["Rage+1","Intimidate"],"picked":"Spot Weakness+1","floor":24},{"not_picked":["Hemokinesis","Flex"],"picked":"True Grit","floor":24},{"not_picked":["Rampage","Flame Barrier"],"picked":"Impervious","floor":25},{"not_picked":["Thunderclap","Intimidate"],"picked":"Sentinel","floor":28},{"not_picked":["Flex","Reckless Charge"],"picked":"Body Slam","floor":30},{"not_picked":["Feed","Bludgeon"],"picked":"Brutality","floor":33},{"not_picked":["Sword Boomerang","Clash"],"picked":"Infernal Blade","floor":35},{"not_picked":["Pommel Strike","Wild Strike+1"],"picked":"Metallicize+1","floor":35},{"not_picked":["Havoc","Perfected Strike+1"],"picked":"Shockwave+1","floor":36},{"not_picked":["Hemokinesis","Thunderclap+1","Warcry+1"],"picked":"SKIP","floor":36},{"not_picked":["Twin Strike","Thunderclap+1"],"picked":"Shrug It Off","floor":38},{"not_picked":["Dual Wield","Bloodletting+1","Thunderclap+1"],"picked":"SKIP","floor":42},{"not_picked":["Warcry","Armaments"],"picked":"Flame Barrier+1","floor":45},{"not_picked":["Havoc+1","Wild Strike"],"picked":"Offering","floor":47},{"not_picked":["Headbutt","Thunderclap"],"picked":"Disarm","floor":48},{"not_picked":["Thunderclap+1","Warcry+1"],"picked":"Burning Pact+1","floor":48},{"not_picked":["Armaments","Double Tap"],"picked":"Body Slam+1","floor":54}],"player_experience":720240,"relics_obtained":[{"floor":7,"key":"Red Skull"},{"floor":8,"key":"Bag of Preparation"},{"floor":9,"key":"Shuriken"},{"floor":11,"key":"Dream Catcher"},{"floor":23,"key":"Prayer Wheel"},{"floor":25,"key":"Bag of Marbles"},{"floor":26,"key":"Pantograph"},{"floor":28,"key":"Ancient Tea Set"},{"floor":30,"key":"Omamori"},{"floor":38,"key":"Magic Flower"},{"floor":42,"key":"The Courier"},{"floor":45,"key":"Potion Belt"},{"floor":47,"key":"Du-Vu Doll"},{"floor":54,"key":"Art of War"}],"event_choices":[{"damage_healed":0,"gold_gain":0,"player_choice":"Success","damage_taken":12,"relics_obtained":["Gremlin Horn"],"max_hp_gain":0,"max_hp_loss":0,"event_name":"Scrap Ooze","floor":3,"gold_loss":0},{"cards_removed":["Strike_R"],"damage_healed":0,"gold_gain":0,"player_choice":"Card Removal","damage_taken":0,"max_hp_gain":0,"max_hp_loss":0,"event_name":"The Cleric","floor":12,"gold_loss":50},{"damage_healed":0,"gold_gain":99,"player_choice":"Stole From Cult","damage_taken":0,"max_hp_gain":0,"max_hp_loss":0,"event_name":"Nest","floor":22,"gold_loss":0},{"damage_healed":0,"gold_gain":0,"player_choice":"Simplicity","damage_taken":0,"max_hp_gain":0,"max_hp_loss":0,"event_name":"Back to Basics","floor":31,"gold_loss":0,"cards_upgraded":["Strike_R","Strike_R","Strike_R","Strike_R","Defend_R","Defend_R","Defend_R","Defend_R"]},{"damage_healed":0,"gold_gain":0,"player_choice":"Ignored","damage_taken":0,"max_hp_gain":0,"max_hp_loss":0,"event_name":"Tomb of Lord Red Mask","floor":37,"gold_loss":0},{"damage_healed":0,"gold_gain":0,"player_choice":"Fight","damage_taken":0,"max_hp_gain":0,"max_hp_loss":0,"event_name":"MindBloom","floor":38,"gold_loss":0},{"damage_healed":24,"gold_gain":0,"player_choice":"Writhe","damage_taken":0,"max_hp_gain":0,"max_hp_loss":0,"event_name":"Winding Halls","floor":44,"gold_loss":0,"cards_obtained":["Writhe"]}],"is_beta":false,"boss_relics":[{"not_picked":["Ectoplasm","Busted Crown"],"picked":"Mark of Pain"},{"not_picked":["Velvet Choker","Eternal Feather"],"picked":"Runic Dome"}],"items_purged_floors":[53],"is_endless":false,"potions_floor_spawned":[4,5,10,16,20,21,25,35,38,46,48],"ascension_level":9}