{"gold_per_floor":[16,35,50,50,26,56,56,56,56,71,98,112,128,69,69,142,142,162,174,174,174],"floor_reached":21,"playtime":727,"items_purged":[],"score":458,"play_id":"3448c948-2886-4651-a473-1cc3df1c8cc8","local_time":"20190121012646","is_ascension_mode":true,"campfire_choices":[{"data":"Zap","floor":7,"key":"SMITH"},{"data":"Creative AI","floor":15,"key":"SMITH"}],"neow_cost":"NO_GOLD","seed_source_timestamp":896605149060000,"circlet_count":0,"master_deck":["AscendersBane","Strike_B","Strike_B","Defend_B","Defend_B","Defend_B","Defend_B","Zap+1","Dualcast","Chaos+1","Steam","Conserve Battery","Cold Snap","Compile Driver","Rip and Tear","Creative AI+1","Leap","Coolheaded","Electrodynamics","Cold Snap"],"relics":["Cracked Core","Peace Pipe","GremlinMask","Mercury Hourglass","FossilizedHelix","Philosopher\u0027s Stone"],"potions_floor_usage":[6,11,21],"damage_taken":[{"damage":0,"enemies":"Cultist","floor":1,"turns":3},{"damage":2,"enemies":"Jaw Worm","floor":2,"turns":6},{"damage":12,"enemies":"2 Louse","floor":3,"turns":3},{"damage":19,"enemies":"Lagavulin","floor":6,"turns":7},{"damage":1,"enemies":"Lots of Slimes","floor":10,"turns":3},{"damage":10,"enemies":"3 Sentries","floor":11,"turns":8},{"damage":0,"enemies":"Looter","floor":12,"turns":3},{"damage":0,"enemies":"2 Fungi Beasts","floor":13,"turns":3},{"damage":0,"enemies":"Slime Boss","floor":16,"turns":5},{"damage":7,"enemies":"Spheric Guardian","floor":18,"turns":4},{"damage":41,"enemies":"3 Byrds","floor":19,"turns":3},{"damage":10,"enemies":"Centurion and Healer","floor":21,"turns":1}],"seed_played":"-1899413496434835492","potions_obtained":[{"floor":2,"key":"Dexterity Potion"},{"floor":3,"key":"Ancient Potion"},{"floor":10,"key":"Swift Potion"},{"floor":19,"key":"Energy Potion"}],"is_trial":false,"path_per_floor":["M","M","M","?","$","E","R","?","T","M","E","M","M","$","R","B",null,"M","M","?","M"],"character_chosen":"DEFECT","items_purchased":["Cold Snap","Coolheaded"],"campfire_rested":0,"item_purchase_floors":[5,14],"current_hp_per_floor":[64,62,50,50,50,31,31,31,31,30,20,20,20,20,20,20,58,51,10,10,0],"gold":174,"neow_bonus":"REMOVE_TWO","is_prod":false,"is_daily":false,"chose_seed":false,"campfire_upgraded":2,"win_rate":0,"timestamp":1548062806,"path_taken":["M","?","M","?","$","E","R","?","T","M","E","?","M","$","R","BOSS","M","?","?","?"],"build_version":"2019-01-17v2","purchased_purges":0,"victory":false,"max_hp_per_floor":[71,71,71,71,71,71,71,71,71,71,71,71,71,71,71,71,71,71,71,71,71],"card_choices":[{"not_picked":["Barrage","Stack"],"picked":"Chaos","floor":1},{"not_picked":["Stack","Cold Snap"],"picked":"Steam","floor":2},{"not_picked":["Stack","Double Energy"],"picked":"Conserve Battery","floor":3},{"not_picked":["Blizzard","Force Field"],"picked":"Compile Driver","floor":6},{"not_picked":["Leap","Undo"],"picked":"Rip and Tear","floor":10},{"not_picked":["Redo","Melter"],"picked":"Creative AI","floor":11},{"not_picked":["Turbo","Beam Cell"],"picked":"Leap","floor":12},{"not_picked":["Steam Power","Stack","Steam"],"picked":"SKIP","floor":13},{"not_picked":["Buffer","Fission"],"picked":"Electrodynamics","floor":16},{"not_picked":["Streamline","Barrage"],"picked":"Cold Snap","floor":18},{"not_picked":["Rebound","Melter","Stack"],"picked":"SKIP","floor":19}],"player_experience":573839,"relics_obtained":[{"floor":6,"key":"Peace Pipe"},{"floor":9,"key":"Mercury Hourglass"},{"floor":11,"key":"FossilizedHelix"}],"event_choices":[{"damage_healed":0,"gold_gain":0,"player_choice":"Grow","damage_taken":0,"max_hp_gain":0,"max_hp_loss":0,"event_name":"Living Wall","floor":4,"gold_loss":0,"cards_upgraded":["Chaos"]},{"damage_healed":0,"gold_gain":0,"player_choice":"Trade","damage_taken":0,"relics_obtained":["GremlinMask"],"max_hp_gain":0,"max_hp_loss":0,"event_name":"FaceTrader","floor":8,"gold_loss":0},{"damage_healed":0,"gold_gain":0,"player_choice":"Got Potions","damage_taken":0,"max_hp_gain":0,"max_hp_loss":0,"event_name":"Lab","floor":20,"gold_loss":0}],"is_beta":false,"boss_relics":[{"not_picked":["Runic Pyramid","Lizard Tail"],"picked":"Philosopher\u0027s Stone"}],"items_purged_floors":[],"is_endless":false,"potions_floor_spawned":[2,3,10,19],"killed_by":"Centurion and Healer","ascension_level":18}