{"gold_per_floor":[115,115,132,146,162,162,190,190,490,503,503,519,529,36,36,111,111,122,29,0,0,20,20,20],"floor_reached":24,"playtime":941,"items_purged":["Strike_B","Strike_B"],"score":396,"play_id":"74062a57-cfe0-4845-87cd-41c6026617da","local_time":"20181107215421","is_ascension_mode":true,"campfire_choices":[{"data":"Zap","floor":6.0,"key":"SMITH"},{"data":"Go for the Eyes","floor":8.0,"key":"SMITH"},{"floor":11.0,"key":"REST"},{"data":"Rainbow","floor":15.0,"key":"SMITH"},{"data":"Creative AI","floor":23.0,"key":"SMITH"}],"neow_cost":"NONE","seed_source_timestamp":527213017927792,"circlet_count":0,"master_deck":["AscendersBane","Strike_B","Strike_B","Defend_B","Defend_B","Defend_B","Defend_B","Zap+1","Dualcast","Conserve Battery","Conserve Battery","FTL","Go for the Eyes+1","Rainbow+1","Self Repair","Creative AI+1","Glacier","Shame"],"special_seed":0,"relics":["Cracked Core","NeowsBlessing","Symbiotic Virus","Unceasing Top","Old Coin","Membership Card","Blue Candle","Pen Nib","Velvet Choker","Vajra"],"potions_floor_usage":[],"damage_taken":[{"damage":0.0,"enemies":"Small Slimes","floor":1.0,"turns":1.0},{"damage":0.0,"enemies":"Cultist","floor":3.0,"turns":1.0},{"damage":0.0,"enemies":"2 Louse","floor":4.0,"turns":1.0},{"damage":10.0,"enemies":"Lots of Slimes","floor":5.0,"turns":4.0},{"damage":3.0,"enemies":"Lagavulin","floor":7.0,"turns":5.0},{"damage":3.0,"enemies":"Looter","floor":10.0,"turns":3.0},{"damage":5.0,"enemies":"3 Louse","floor":12.0,"turns":3.0},{"damage":11.0,"enemies":"Gremlin Gang","floor":13.0,"turns":4.0},{"damage":1.0,"enemies":"The Guardian","floor":16.0,"turns":10.0},{"damage":13.0,"enemies":"3 Byrds","floor":18.0,"turns":5.0},{"damage":7.0,"enemies":"2 Thieves","floor":20.0,"turns":4.0},{"damage":5.0,"enemies":"Snake Plant","floor":22.0,"turns":5.0},{"damage":80,"enemies":"Gremlin Leader","floor":24,"turns":5}],"seed_played":"-5627948093049189221","potions_obtained":[{"floor":1.0,"key":"FocusPotion"},{"floor":3.0,"key":"FairyPotion"}],"is_trial":false,"path_per_floor":["M","?","M","M","M","R","E","R","T","M","R","M","M","$","R","B",null,"M","$","M","?","M","R","E"],"character_chosen":"DEFECT","items_purchased":["Membership Card","Blue Candle","Self Repair","Pen Nib","Glacier"],"campfire_rested":1,"item_purchase_floors":[14,14,14,14,19],"current_hp_per_floor":[64,64,64,64,54,54,51,51,51,48,69,64,53,53,53,59,68,62,62,62,62,64,64,0],"gold":20,"neow_bonus":"THREE_ENEMY_KILL","is_prod":false,"is_daily":false,"chose_seed":false,"campfire_upgraded":4,"win_rate":0,"timestamp":1541656461,"path_taken":["M","?","?","M","?","R","E","R","T","M","R","M","M","$","R","BOSS","M","$","M","?","M","R","E"],"build_version":"2018-11-01","purchased_purges":2,"victory":false,"max_hp_per_floor":[71,71,71,71,71,71,71,71,71,71,71,71,71,71,71,71,71,71,71,71,71,71,71,71],"card_choices":[{"not_picked":["Leap","Beam Cell"],"picked":"Ball Lightning","floor":1.0},{"not_picked":["Barrage","Hologram"],"picked":"Conserve Battery","floor":3.0},{"not_picked":["Stack","Streamline"],"picked":"Conserve Battery","floor":4.0},{"not_picked":["Sweeping Beam","Beam Cell"],"picked":"FTL","floor":5.0},{"not_picked":["Streamline","Fusion"],"picked":"Go for the Eyes","floor":7.0},{"not_picked":["Stack","Steam Power","Gash"],"picked":"SKIP","floor":10.0},{"not_picked":["Streamline","Leap"],"picked":"Rainbow","floor":12.0},{"not_picked":["Ball Lightning","Barrage","Redo"],"picked":"SKIP","floor":13.0},{"not_picked":["Fission","Amplify"],"picked":"Creative AI","floor":16.0},{"not_picked":["Turbo","Steam","Genetic Algorithm"],"picked":"SKIP","floor":18.0},{"not_picked":["Coolheaded","Streamline","Gash"],"picked":"SKIP","floor":20.0},{"not_picked":["Lockon","Melter","Turbo"],"picked":"SKIP","floor":22.0}],"player_experience":624656,"relics_obtained":[{"floor":7.0,"key":"Unceasing Top"},{"floor":9.0,"key":"Old Coin"}],"event_choices":[{"cards_removed":["Ball Lightning"],"damage_healed":0.0,"max_hp_gain":0.0,"max_hp_loss":0.0,"gold_gain":0.0,"event_name":"WeMeetAgain","player_choice":"Gave Card","floor":2.0,"gold_loss":0.0,"damage_taken":0.0,"relics_obtained":["Symbiotic Virus"]},{"damage_healed":0.0,"max_hp_gain":0.0,"max_hp_loss":0.0,"gold_gain":0.0,"event_name":"Addict","player_choice":"Stole Relic","floor":21.0,"gold_loss":0.0,"damage_taken":0.0,"relics_obtained":["Vajra"],"cards_obtained":["Shame"]}],"is_beta":false,"boss_relics":[{"not_picked":["Black Star","FrozenCore"],"picked":"Velvet Choker"}],"items_purged_floors":[14,19],"is_endless":false,"potions_floor_spawned":[1,3,5],"killed_by":"Gremlin Leader","ascension_level":20}