{"gold_per_floor":[111,128,138,149,159,190,190,215,266,266,266,19,29,46,46,120,120,132,132,143,159,178,178,207,224,250,250,261,261],"floor_reached":29,"playtime":1876,"items_purged":[],"score":591,"play_id":"9d21e6ab-58ed-402d-a2ee-37ca64d2be80","local_time":"20190128222612","is_ascension_mode":true,"campfire_choices":[{"data":"Buffer","floor":7,"key":"SMITH"},{"floor":10,"key":"REST"},{"data":"Defragment","floor":15,"key":"SMITH"},{"data":"Coolheaded","floor":23,"key":"SMITH"},{"floor":27,"key":"REST"}],"neow_cost":"NONE","seed_source_timestamp":1575819765589800,"circlet_count":0,"master_deck":["AscendersBane","Strike_B+1","Strike_B","Strike_B","Strike_B","Defend_B","Defend_B","Defend_B","Defend_B","Zap+1","Dualcast","Gash+1","Coolheaded+1","Glacier","Beam Cell","Buffer+1","Defragment+1","Reinforced Body","Fission+1","Gash+1","Hologram+1","Ball Lightning","Hologram"],"relics":["Cracked Core","Unceasing Top","Boot","Bag of Marbles","Whetstone","Sozu","Ornamental Fan","Ancient Tea Set"],"potions_floor_usage":[6,8,16,24],"damage_taken":[{"damage":1,"enemies":"Cultist","floor":1,"turns":3},{"damage":6,"enemies":"Small Slimes","floor":2,"turns":3},{"damage":6,"enemies":"2 Louse","floor":3,"turns":3},{"damage":27,"enemies":"Gremlin Gang","floor":4,"turns":6},{"damage":0,"enemies":"Looter","floor":5,"turns":4},{"damage":6,"enemies":"3 Sentries","floor":6,"turns":10},{"damage":6,"enemies":"Lagavulin","floor":8,"turns":9},{"damage":6,"enemies":"Exordium Wildlife","floor":13,"turns":4},{"damage":13,"enemies":"Blue Slaver","floor":14,"turns":2},{"damage":0,"enemies":"The Guardian","floor":16,"turns":13},{"damage":13,"enemies":"Spheric Guardian","floor":18,"turns":8},{"damage":0,"enemies":"Shell Parasite","floor":20,"turns":6},{"damage":2,"enemies":"Centurion and Healer","floor":21,"turns":11},{"damage":0,"enemies":"Sentry and Sphere","floor":22,"turns":7},{"damage":32,"enemies":"Gremlin Leader","floor":24,"turns":9},{"damage":0,"enemies":"Snake Plant","floor":25,"turns":4},{"damage":0,"enemies":"Centurion and Healer","floor":28,"turns":7},{"damage":32,"enemies":"Book of Stabbing","floor":29,"turns":6}],"seed_played":"7595834358580360103","potions_obtained":[{"floor":1,"key":"Energy Potion"},{"floor":2,"key":"Strength Potion"},{"floor":13,"key":"Swift Potion"},{"floor":16,"key":"FocusPotion"}],"is_trial":false,"path_per_floor":["M","M","M","M","M","E","R","E","T","R","?","$","M","M","R","B",null,"M","?","M","M","M","R","E","M","T","R","M","E"],"character_chosen":"DEFECT","items_purchased":["Defragment","Whetstone"],"campfire_rested":2,"item_purchase_floors":[12,12],"current_hp_per_floor":[63,57,51,24,24,18,18,12,12,33,33,33,27,14,14,14,57,44,44,44,42,42,42,10,10,10,31,31,0],"gold":261,"neow_bonus":"UPGRADE_CARD","is_prod":false,"is_daily":false,"chose_seed":false,"campfire_upgraded":3,"win_rate":0,"timestamp":1548743172,"path_taken":["M","M","M","M","?","E","R","E","T","R","?","$","M","M","R","BOSS","M","?","M","M","M","R","E","?","T","R","M","E"],"build_version":"2019-01-23","purchased_purges":0,"victory":false,"max_hp_per_floor":[71,71,71,71,71,71,71,71,71,71,71,71,71,71,71,71,71,71,71,71,71,71,71,71,71,71,71,71,71],"card_choices":[{"not_picked":["Aggregate","Double Energy"],"picked":"Gash","floor":1},{"not_picked":["Beam Cell","Static Discharge"],"picked":"Coolheaded","floor":2},{"not_picked":["BootSequence","Barrage"],"picked":"Glacier","floor":3},{"not_picked":["Compile Driver","Undo","Streamline"],"picked":"SKIP","floor":4},{"not_picked":["Go for the Eyes","Turbo"],"picked":"Beam Cell","floor":5},{"not_picked":["Capacitor","Rebound"],"picked":"Buffer","floor":6},{"not_picked":["Beam Cell","Melter","Hello World"],"picked":"SKIP","floor":8},{"not_picked":["Hello World","Barrage"],"picked":"Reinforced Body","floor":13},{"not_picked":["Doom and Gloom","Hello World","Redo"],"picked":"SKIP","floor":14},{"not_picked":["All For One","Rainbow"],"picked":"Fission","floor":16},{"not_picked":["Compile Driver","Barrage"],"picked":"Gash+1","floor":18},{"not_picked":["Gash","Beam Cell"],"picked":"Hologram+1","floor":20},{"not_picked":["Streamline","Stack"],"picked":"Ball Lightning","floor":21},{"not_picked":["Turbo","Stack","Melter+1"],"picked":"SKIP","floor":22},{"not_picked":["Rainbow","Compile Driver","Reinforced Body"],"picked":"SKIP","floor":24},{"not_picked":["Barrage","Steam","Redo+1"],"picked":"SKIP","floor":25},{"not_picked":["Static Discharge","Stack"],"picked":"Hologram","floor":28}],"player_experience":604408,"relics_obtained":[{"floor":6,"key":"Unceasing Top"},{"floor":8,"key":"Boot"},{"floor":9,"key":"Bag of Marbles"},{"floor":24,"key":"Ornamental Fan"},{"floor":26,"key":"Ancient Tea Set"}],"event_choices":[{"damage_healed":0,"gold_gain":0,"player_choice":"Leave","damage_taken":0,"max_hp_gain":0,"max_hp_loss":0,"event_name":"The Cleric","floor":11,"gold_loss":0},{"damage_healed":0,"gold_gain":0,"player_choice":"Forge","damage_taken":0,"max_hp_gain":0,"max_hp_loss":0,"event_name":"Accursed Blacksmith","floor":19,"gold_loss":0,"cards_upgraded":["Fission"]}],"is_beta":false,"boss_relics":[{"not_picked":["Runic Dome","Busted Crown"],"picked":"Sozu"}],"items_purged_floors":[],"is_endless":false,"potions_floor_spawned":[1,2,3,13,16,20,22,24,28],"killed_by":"Book of Stabbing","ascension_level":18}