{"gold_per_floor":[218,236,249,269,287,287,321,321,368,392,392,392,407,451,451,575,575,598,311,311,332,332,373,373,396,396,409,409,338,338,361,361,490,490,504,524,524,548,153,192,192,232,232,86,86,86,86],"floor_reached":47,"playtime":2096,"items_purged":["Strike_R"],"score":819,"play_id":"85675f18-af0d-4393-97e3-ef598c25e287","local_time":"20190301163929","is_ascension_mode":true,"campfire_choices":[{"data":"Body Slam","floor":6,"key":"SMITH"},{"floor":12,"key":"REST"},{"data":"Body Slam","floor":15,"key":"SMITH"},{"data":"Barricade","floor":24,"key":"SMITH"},{"floor":28,"key":"REST"},{"floor":32,"key":"REST"},{"floor":41,"key":"REST"}],"neow_cost":"NONE","seed_source_timestamp":53488685093530,"circlet_count":0,"master_deck":["Strike_R","Strike_R","Strike_R","Defend_R","Defend_R","Defend_R","Defend_R","Bash","Shrug It Off","Body Slam+1","Shrug It Off","Cleave","Immolate","Body Slam+1","Iron Wave","Clothesline","Entrench+1","Barricade+1","Battle Trance","Double Tap","Iron Wave+1","Body Slam+1","Metallicize","Juggernaut","Finesse","Impervious+1"],"relics":["Burning Blood","Question Card","Golden Idol","Omamori","Gremlin Horn","Mark of Pain","FossilizedHelix","Anchor","Mummified Hand","Black Star","Paper Frog","Strawberry","Torii","Shuriken","Pear","Toxic Egg 2","Molten Egg 2"],"potions_floor_usage":[14,16,23,33,33,40,42,47],"damage_taken":[{"damage":6,"enemies":"Jaw Worm","floor":1,"turns":5},{"damage":3,"enemies":"Cultist","floor":2,"turns":4},{"damage":3,"enemies":"Small Slimes","floor":3,"turns":4},{"damage":7,"enemies":"Looter","floor":4,"turns":4},{"damage":10,"enemies":"Lots of Slimes","floor":5,"turns":3},{"damage":33,"enemies":"Gremlin Nob","floor":7,"turns":5},{"damage":14,"enemies":"Exordium Wildlife","floor":10,"turns":4},{"damage":0,"enemies":"Exordium Thugs","floor":13,"turns":3},{"damage":5,"enemies":"3 Sentries","floor":14,"turns":3},{"damage":56,"enemies":"The Guardian","floor":16,"turns":14},{"damage":31,"enemies":"Spheric Guardian","floor":18,"turns":7},{"damage":15,"enemies":"2 Thieves","floor":21,"turns":3},{"damage":8,"enemies":"Colosseum Slavers","floor":22,"turns":3},{"damage":22,"enemies":"Gremlin Leader","floor":23,"turns":7},{"damage":7,"enemies":"Centurion and Healer","floor":25,"turns":7},{"damage":0,"enemies":"Shelled Parasite and Fungi","floor":27,"turns":5},{"damage":16,"enemies":"Snake Plant","floor":31,"turns":5},{"damage":0,"enemies":"Champ","floor":33,"turns":9},{"damage":0,"enemies":"3 Shapes","floor":35,"turns":3},{"damage":0,"enemies":"3 Darklings","floor":36,"turns":4},{"damage":0,"enemies":"Jaw Worm Horde","floor":38,"turns":5},{"damage":37,"enemies":"Nemesis","floor":40,"turns":9},{"damage":59,"enemies":"Reptomancer","floor":42,"turns":8},{"damage":41,"enemies":"Transient","floor":47,"turns":5}],"seed_played":"5191691024680577161","potions_obtained":[{"floor":1,"key":"Block Potion"},{"floor":7,"key":"PowerPotion"},{"floor":10,"key":"Strength Potion"},{"floor":14,"key":"Regen Potion"},{"floor":18,"key":"SpeedPotion"},{"floor":23,"key":"Block Potion"},{"floor":35,"key":"Ancient Potion"},{"floor":40,"key":"GamblersBrew"},{"floor":42,"key":"BloodPotion"}],"is_trial":false,"path_per_floor":["M","M","M","M","M","R","E","?","T","M","?","R","M","E","R","B",null,"M","$","?","M","?","E","R","M","T","M","R","$","?","M","R","B",null,"M","M","?","M","$","E","R","E","T","$","T","?","M"],"character_chosen":"IRONCLAD","items_purchased":["FossilizedHelix","Metallicize","Finesse","Paper Frog","Impervious+1"],"campfire_rested":4,"item_purchase_floors":[19,29,39,39,44],"current_hp_per_floor":[72,75,78,77,73,73,46,46,46,38,38,60,66,67,67,17,60,35,35,35,26,24,23,23,22,22,28,50,50,43,33,55,61,71,74,74,74,74,74,50,74,31,31,31,31,31,0],"gold":86,"neow_bonus":"HUNDRED_GOLD","is_prod":false,"is_daily":false,"chose_seed":false,"campfire_upgraded":3,"win_rate":0,"timestamp":1551476369,"path_taken":["M","M","M","M","M","R","E","?","T","M","?","R","M","E","R","BOSS","M","?","?","M","?","E","R","M","T","M","R","$","?","M","R","BOSS","M","?","?","M","$","E","R","E","T","$","?","?","?"],"build_version":"2019-01-23","purchased_purges":1,"victory":false,"max_hp_per_floor":[80,80,80,80,80,80,80,74,74,74,74,74,74,74,74,74,74,74,74,74,74,74,74,74,74,74,74,74,74,74,74,74,74,74,74,74,74,74,74,81,81,91,91,91,91,91,91],"card_choices":[{"not_picked":["Second Wind","Sentinel"],"picked":"Shrug It Off","floor":1},{"not_picked":["Clothesline","Fire Breathing"],"picked":"Body Slam","floor":2},{"not_picked":["Havoc","Wild Strike"],"picked":"Shrug It Off","floor":3},{"not_picked":["Headbutt","Heavy Blade"],"picked":"Cleave","floor":4},{"not_picked":["Headbutt","Wild Strike"],"picked":"Immolate","floor":5},{"not_picked":["Wild Strike","Pommel Strike"],"picked":"Body Slam","floor":7},{"not_picked":["Anger","Blood for Blood","Wild Strike"],"picked":"Iron Wave","floor":10},{"not_picked":["Body Slam","Flex","Clash"],"picked":"Clothesline","floor":13},{"not_picked":["Infernal Blade","Pommel Strike","Offering"],"picked":"Entrench","floor":14},{"not_picked":["Juggernaut","Bludgeon","Immolate"],"picked":"Barricade","floor":16},{"not_picked":["Flex+1","Sever Soul","Whirlwind"],"picked":"Battle Trance","floor":18},{"not_picked":["Thunderclap+1","Twin Strike","Clash+1","Havoc"],"picked":"SKIP","floor":21},{"not_picked":["Sword Boomerang","Wild Strike+1","Havoc"],"picked":"Double Tap","floor":23},{"not_picked":["Dropkick+1","Seeing Red+1","Pommel Strike+1"],"picked":"Iron Wave+1","floor":25},{"not_picked":["Perfected Strike","Blood for Blood","Cleave+1"],"picked":"Body Slam+1","floor":27},{"not_picked":["Perfected Strike","Combust","Cleave","Spot Weakness"],"picked":"SKIP","floor":31},{"not_picked":["Exhume","Feed","Reaper"],"picked":"Juggernaut","floor":33},{"not_picked":["Wild Strike+1","Clash+1","Headbutt+1","Cleave"],"picked":"SKIP","floor":35},{"not_picked":["Warcry","Flex+1","Cleave","Clash"],"picked":"SKIP","floor":36},{"not_picked":["Iron Wave+1","Burning Pact+1","Headbutt","Havoc"],"picked":"SKIP","floor":38},{"not_picked":["Battle Trance","Flex+1","Twin Strike","Spot Weakness+1"],"picked":"SKIP","floor":40},{"not_picked":["Exhume","Spot Weakness+1","Brutality","Fire Breathing+1"],"picked":"SKIP","floor":42}],"player_experience":247320,"relics_obtained":[{"floor":7,"key":"Question Card"},{"floor":9,"key":"Omamori"},{"floor":14,"key":"Gremlin Horn"},{"floor":23,"key":"Anchor"},{"floor":26,"key":"Mummified Hand"},{"floor":40,"key":"Strawberry"},{"floor":40,"key":"Torii"},{"floor":42,"key":"Shuriken"},{"floor":42,"key":"Pear"},{"floor":43,"key":"Toxic Egg 2"},{"floor":45,"key":"Molten Egg 2"}],"event_choices":[{"damage_healed":0,"gold_gain":0,"player_choice":"Lose Max HP","damage_taken":0,"relics_obtained":["Golden Idol"],"max_hp_gain":0,"max_hp_loss":6,"event_name":"Golden Idol","floor":8,"gold_loss":0},{"cards_removed":["Strike_R"],"damage_healed":0,"gold_gain":0,"player_choice":"Purged","damage_taken":0,"max_hp_gain":0,"max_hp_loss":0,"event_name":"Purifier","floor":11,"gold_loss":0},{"damage_healed":0,"gold_gain":0,"player_choice":"Ignored","damage_taken":0,"max_hp_gain":0,"max_hp_loss":0,"event_name":"Ghosts","floor":20,"gold_loss":0},{"damage_healed":0,"gold_gain":0,"player_choice":"Fight","damage_taken":0,"max_hp_gain":0,"max_hp_loss":0,"event_name":"Colosseum","floor":22,"gold_loss":0},{"damage_healed":0,"gold_gain":0,"player_choice":"Fled From Nobs","damage_taken":0,"max_hp_gain":0,"max_hp_loss":0,"event_name":"Colosseum","floor":22,"gold_loss":0},{"damage_healed":0,"gold_gain":0,"player_choice":"","damage_taken":7,"max_hp_gain":0,"max_hp_loss":0,"event_name":"Knowing Skull","floor":30,"potions_obtained":[],"gold_loss":0,"cards_obtained":[]},{"damage_healed":0,"gold_gain":0,"player_choice":"Ignored","damage_taken":0,"max_hp_gain":0,"max_hp_loss":0,"event_name":"SecretPortal","floor":37,"gold_loss":0},{"damage_healed":0,"gold_gain":0,"player_choice":"Forge","damage_taken":0,"max_hp_gain":0,"max_hp_loss":0,"event_name":"Accursed Blacksmith","floor":46,"gold_loss":0,"cards_upgraded":["Entrench"]}],"is_beta":false,"boss_relics":[{"not_picked":["Runic Pyramid","Coffee Dripper"],"picked":"Mark of Pain"},{"not_picked":["Busted Crown","Eternal Feather"],"picked":"Black Star"}],"items_purged_floors":[39],"is_endless":false,"potions_floor_spawned":[1,7,10,14,18,23,35,40,42],"killed_by":"Transient","ascension_level":9}