{"gold_per_floor":[114,114,289,51,51,81,81,111,111,141,16,46,46,76,76,176,176,191,206,221,236,251,251,251,281,306,336,336,366,366,142,142,242,242,257,298,298,160,435,465,480,510,560,560,575,124,154,169,169,169],"floor_reached":51,"playtime":5245,"items_purged":["Doubt","Strike_G","Regret"],"score":1000,"play_id":"faf0817a-abc3-4cbc-bd02-0256b76f1235","local_time":"20190306234443","daily_mods":["Heirloom","ControlledChaos","Elite Swarm"],"is_ascension_mode":false,"campfire_choices":[{"data":"Well Laid Plans","floor":7.0,"key":"SMITH"},{"floor":13.0,"key":"REST"},{"data":"After Image","floor":15.0,"key":"SMITH"},{"data":"Blade Dance","floor":23.0,"key":"SMITH"},{"data":"Wraith Form v2","floor":30,"key":"SMITH"},{"data":"Burst","floor":32,"key":"SMITH"},{"data":"Envenom","floor":44,"key":"SMITH"},{"data":"Accuracy","floor":49,"key":"SMITH"}],"neow_cost":"","seed_source_timestamp":0,"circlet_count":0,"master_deck":["Defend_G","Defend_G","Defend_G+1","Strike_G","Strike_G","Survivor","Neutralize+1","Well Laid Plans+1","Concentrate","Burst+1","After Image+1","Venomology","Adrenaline","Tools of the Trade","Tools of the Trade","Dodge and Roll+1","Deadly Poison+1","Blade Dance+1","Wraith Form v2+1","Glass Knife+1","Poisoned Stab+1","Phantasmal Killer","After Image","Infinite Blades","PiercingWail","Doppelganger","Cloak And Dagger","Prepared","Dark Shackles","Adrenaline","Reflex+1","Envenom+1","Accuracy+1","Panache","Terror","Unload+1"],"special_seed":17961,"relics":["Ring of the Snake","Frozen Eye","Tingsha","OrangePellets","War Paint","Letter Opener","Kunai","Question Card","Centennial Puzzle","Blood Vial","Runic Dome","Anchor","Pen Nib","Molten Egg 2","Tough Bandages","Philosopher\u0027s Stone","Ginger","Orichalcum","Happy Flower","PreservedInsect","Juzu Bracelet"],"potions_floor_usage":[27,33,35,50,50,50,50],"damage_taken":[{"damage":0.0,"enemies":"2 Louse","floor":1.0,"turns":2.0},{"damage":9.0,"enemies":"3 Sentries","floor":6.0,"turns":7.0},{"damage":31.0,"enemies":"Gremlin Nob","floor":8.0,"turns":5.0},{"damage":14.0,"enemies":"Lagavulin","floor":10.0,"turns":7.0},{"damage":7.0,"enemies":"Gremlin Nob","floor":12.0,"turns":3.0},{"damage":0.0,"enemies":"Lagavulin","floor":14.0,"turns":7.0},{"damage":0.0,"enemies":"Hexaghost","floor":16.0,"turns":7.0},{"damage":5.0,"enemies":"2 Thieves","floor":18.0,"turns":4.0},{"damage":0.0,"enemies":"3 Byrds","floor":19.0,"turns":4.0},{"damage":2.0,"enemies":"Shelled Parasite and Fungi","floor":20.0,"turns":5.0},{"damage":1.0,"enemies":"Centurion and Healer","floor":21.0,"turns":5.0},{"damage":12.0,"enemies":"Cultist and Chosen","floor":22.0,"turns":5.0},{"damage":8.0,"enemies":"Book of Stabbing","floor":25.0,"turns":5.0},{"damage":1,"enemies":"Slavers","floor":27,"turns":6},{"damage":5,"enemies":"Gremlin Leader","floor":29,"turns":4},{"damage":0,"enemies":"Champ","floor":33,"turns":11},{"damage":7,"enemies":"3 Darklings","floor":35,"turns":5},{"damage":0,"enemies":"2 Orb Walkers","floor":36,"turns":5},{"damage":0,"enemies":"Reptomancer","floor":40,"turns":4},{"damage":0,"enemies":"Orb Walker","floor":41,"turns":4},{"damage":0,"enemies":"Giant Head","floor":42,"turns":7},{"damage":1,"enemies":"3 Darklings","floor":45,"turns":5},{"damage":7,"enemies":"Reptomancer","floor":47,"turns":4},{"damage":4,"enemies":"Writhing Mass","floor":48,"turns":4},{"damage":14,"enemies":"Time Eater","floor":50,"turns":9}],"seed_played":"-6581969108065281065","potions_obtained":[{"floor":1.0,"key":"Regen Potion"},{"floor":8.0,"key":"Dexterity Potion"},{"floor":18.0,"key":"Fruit Juice"},{"floor":19.0,"key":"Regen Potion"}],"is_trial":false,"path_per_floor":["M","?","?","$","?","E","R","E","T","E","$","E","R","E","R","B",null,"M","M","M","M","M","R","?","E","T","E","?","E","R","$","R","B",null,"M","?","?","$","?","E","M","E","T","R","M","$","E","M","R","B",null],"character_chosen":"THE_SILENT","items_purchased":["OrangePellets","Concentrate","SteroidPotion","Infinite Blades","PiercingWail","SteroidPotion","Dark Shackles","Accuracy","Panache","Terror"],"campfire_rested":1,"item_purchase_floors":[4,4,11,31,31,38,38,46,46,46],"current_hp_per_floor":[70,63,63,63,63,54,54,38,38,24,24,17,38,38,38,40,70,70,72,72,73,63,63,49,57,57,72,72,69,69,69,69,71,80,73,75,75,75,75,77,79,80,80,80,79,79,73,71,71,59],"gold":169,"neow_bonus":"","is_prod":false,"is_daily":true,"chose_seed":false,"campfire_upgraded":7,"win_rate":0,"timestamp":1551905083,"path_taken":["M","?","?","$","?","E","R","E","T","E","$","E","R","E","R","BOSS","M","?","M","?","M","R","?","E","T","E","?","E","R","$","R","BOSS","M","?","?","$","?","E","M","E","T","R","?","$","E","M","R","BOSS"],"build_version":"2019-01-23","purchased_purges":3,"victory":true,"max_hp_per_floor":[70,70,70,70,70,70,70,70,70,70,70,70,70,70,70,70,70,75,75,75,75,75,75,80,80,80,80,80,80,80,80,80,80,80,80,80,80,80,80,80,80,80,80,80,80,80,80,80,80,80],"card_choices":[{"not_picked":["Expertise","Acrobatics"],"picked":"Well Laid Plans","floor":1.0},{"not_picked":["Night Terror","Doppelganger"],"picked":"Burst","floor":6.0},{"not_picked":["Doppelganger","Unload"],"picked":"After Image","floor":8.0},{"not_picked":["Burst","Unload"],"picked":"Venomology","floor":10.0},{"not_picked":["Corpse Explosion","Grand Finale","Die Die Die"],"picked":"Adrenaline","floor":12.0},{"not_picked":["Venomology","Wraith Form v2","Doppelganger"],"picked":"Tools of the Trade","floor":14.0},{"not_picked":["A Thousand Cuts","Adrenaline","Malaise"],"picked":"Tools of the Trade","floor":16.0},{"not_picked":["All Out Attack+1","Underhanded Strike","Quick Slash"],"picked":"Dodge and Roll+1","floor":18.0},{"not_picked":["Deflect","Sucker Punch+1","Concentrate"],"picked":"Deadly Poison+1","floor":19.0},{"not_picked":["Underhanded Strike","Poisoned Stab+1","Prepared"],"picked":"Blade Dance","floor":20.0},{"not_picked":["Masterful Stab","Flying Knee+1","Acrobatics","Distraction"],"picked":"SKIP","floor":21.0},{"not_picked":["Wraith Form v2","Acrobatics","Poisoned Stab","PiercingWail"],"picked":"SKIP","floor":22.0},{"not_picked":["A Thousand Cuts","Tools of the Trade","After Image"],"picked":"Wraith Form v2","floor":25.0},{"not_picked":["Phantasmal Killer","Unload","Malaise"],"picked":"Glass Knife","floor":27},{"not_picked":["Grand Finale+1","A Thousand Cuts","Envenom"],"picked":"After Image","floor":29},{"not_picked":["Burst","Storm of Steel","Bullet Time"],"picked":"Doppelganger","floor":33},{"not_picked":["Slice+1","Blade Dance","Outmaneuver"],"picked":"Cloak And Dagger","floor":35},{"not_picked":["Quick Slash+1","Flying Knee+1","Dagger Spray+1"],"picked":"Prepared","floor":36},{"not_picked":["Die Die Die+1","Corpse Explosion","Phantasmal Killer"],"picked":"Adrenaline","floor":40},{"not_picked":["Deflect+1","Underhanded Strike+1","Infinite Blades+1"],"picked":"Reflex+1","floor":41},{"not_picked":["Bullet Time","Doppelganger","Phantasmal Killer"],"picked":"Envenom","floor":42},{"not_picked":["Dagger Throw+1","Quick Slash+1","Dagger Spray+1","Bane+1"],"picked":"SKIP","floor":45},{"not_picked":["Envenom","Doppelganger","Die Die Die+1"],"picked":"Unload+1","floor":47},{"not_picked":["Quick Slash+1","Bane+1","Masterful Stab+1","Flying Knee+1"],"picked":"SKIP","floor":48}],"player_experience":631684,"relics_obtained":[{"floor":6.0,"key":"War Paint"},{"floor":8.0,"key":"Letter Opener"},{"floor":9.0,"key":"Kunai"},{"floor":10.0,"key":"Question Card"},{"floor":12.0,"key":"Centennial Puzzle"},{"floor":14.0,"key":"Blood Vial"},{"floor":25.0,"key":"Anchor"},{"floor":26.0,"key":"Pen Nib"},{"floor":27,"key":"Molten Egg 2"},{"floor":29,"key":"Tough Bandages"},{"floor":36,"key":"Ginger"},{"floor":40,"key":"Orichalcum"},{"floor":42,"key":"Happy Flower"},{"floor":43,"key":"PreservedInsect"},{"floor":47,"key":"Juzu Bracelet"}],"event_choices":[{"cards_removed":["Strike_G"],"damage_healed":0.0,"max_hp_gain":0.0,"max_hp_loss":0.0,"gold_gain":0.0,"event_name":"Golden Wing","player_choice":"Card Removal","floor":2.0,"gold_loss":0.0,"damage_taken":7.0},{"damage_healed":0.0,"max_hp_gain":0.0,"max_hp_loss":0.0,"gold_gain":175.0,"event_name":"Liars Game","player_choice":"AGREE","floor":3.0,"gold_loss":0.0,"damage_taken":0.0,"cards_obtained":["Doubt"]},{"damage_healed":0.0,"max_hp_gain":0.0,"max_hp_loss":0.0,"gold_gain":0.0,"event_name":"Upgrade Shrine","player_choice":"Upgraded","floor":5.0,"gold_loss":0.0,"damage_taken":0.0,"cards_upgraded":["Neutralize"]},{"damage_healed":0.0,"max_hp_gain":5.0,"max_hp_loss":0.0,"gold_gain":0.0,"event_name":"Forgotten Altar","player_choice":"Shed Blood","floor":24.0,"gold_loss":0.0,"damage_taken":19.0},{"damage_healed":0,"gold_gain":0,"cards_transformed":["Strike_G","Defend_G"],"player_choice":"Became Test Subject","damage_taken":0,"max_hp_gain":0,"max_hp_loss":0,"event_name":"Drug Dealer","floor":28,"gold_loss":0,"cards_obtained":["Poisoned Stab","Phantasmal Killer"]},{"damage_healed":0,"gold_gain":0,"player_choice":"Fight","damage_taken":0,"max_hp_gain":0,"max_hp_loss":0,"event_name":"Mysterious Sphere","floor":36,"gold_loss":0},{"cards_removed":["Defend_G"],"damage_healed":0,"gold_gain":0,"player_choice":"Removed Skill","damage_taken":0,"max_hp_gain":0,"max_hp_loss":0,"event_name":"Falling","floor":37,"gold_loss":0},{"damage_healed":0,"gold_gain":275,"player_choice":"Desecrate","damage_taken":0,"max_hp_gain":0,"max_hp_loss":0,"event_name":"Golden Shrine","floor":39,"gold_loss":0,"cards_obtained":["Regret"]}],"is_beta":false,"boss_relics":[{"not_picked":["Snecko Eye","Eternal Feather"],"picked":"Runic Dome"},{"not_picked":["Coffee Dripper","Busted Crown"],"picked":"Philosopher\u0027s Stone"}],"items_purged_floors":[11,31,46],"is_endless":false,"potions_floor_spawned":[1,8,16,18,19,22,40,41,47],"ascension_level":0}