{"path_per_floor":["M","?","M","M","?","R","E","R","T","E","M","E","M","M","R","B",null,"M","$","M","?","M","R","E","M","T","?","E","M","E","M","R"],"character_chosen":"DEFECT","items_purchased":["Emotion Chip","Hologram"],"gold_per_floor":[111,111,126,141,141,141,168,168,168,200,218,248,260,270,270,369,369,387,67,85,10,28,28,54,70,70,70,96,108,133,147,147,147],"floor_reached":33,"campfire_rested":1,"playtime":3760,"item_purchase_floors":[19,19],"current_hp_per_floor":[68,71,71,71,64,64,51,51,51,38,45,44,44,38,38,36,74,70,70,64,64,63,63,25,42,49,49,35,57,28,23,53,0],"items_purged":[],"gold":147,"score":469,"play_id":"6ea0f253-9aef-4502-a94a-238b3dbcf484","local_time":"20180526114727","is_prod":false,"is_daily":false,"chose_seed":false,"is_ascension_mode":true,"campfire_upgraded":4,"win_rate":0,"timestamp":1527328047,"campfire_choices":[{"data":"Zap","floor":6,"key":"SMITH"},{"data":"Redo","floor":8,"key":"SMITH"},{"data":"Chaos","floor":15,"key":"SMITH"},{"data":"Creative AI","floor":23,"key":"SMITH"},{"floor":32,"key":"REST"}],"path_taken":["M","?","M","M","?","R","E","R","T","E","M","E","M","M","R","BOSS","M","$","M","?","M","R","E","M","T","?","E","M","E","M","R","BOSS"],"build_version":"2018-05-25","seed_source_timestamp":276322430899289,"purchased_purges":0,"victory":false,"master_deck":["Strike_B","Strike_B","Strike_B","Defend_B","Defend_B","Defend_B","Defend_B","Zap+1","Dualcast","Sweeping Beam","Cold Snap","Steam","Redo+1","Coolheaded","Creative AI+1","Chaos+1","Multi-Cast","Self Repair","Hologram","Genetic Algorithm+1","Self Repair","Writhe","Compile Driver","White Noise+1"],"max_hp_per_floor":[75,85,85,85,82,82,82,82,82,84,86,86,86,86,86,86,86,86,86,86,86,88,88,90,90,97,97,97,99,99,101,101,101],"relics":["Cracked Core","Turnip","Pear","Meat on the Bone","Bottled Lightning","Singing Bowl","DataDisk","Cursed Key","Emotion Chip","Toxic Egg 2","Strawberry","Gambling Chip","Omamori"],"card_choices":[{"not_picked":["Lockon","Static Discharge"],"picked":"Sweeping Beam","floor":1},{"not_picked":["Reinforced Body","Rebound"],"picked":"Cold Snap","floor":3},{"not_picked":["Rebound","Tempest"],"picked":"Steam","floor":4},{"not_picked":["Blizzard","Barrage"],"picked":"Redo","floor":7},{"not_picked":["Redo","Recycle","Force Field"],"picked":"Singing Bowl","floor":10},{"not_picked":["Reinforced Body","Steam Power","Streamline"],"picked":"Singing Bowl","floor":11},{"not_picked":["Streamline","Leap"],"picked":"Coolheaded","floor":12},{"not_picked":["Turbo","Go for the Eyes"],"picked":"Creative AI","floor":13},{"not_picked":["Go for the Eyes","Compile Driver"],"picked":"Chaos","floor":14},{"not_picked":["Core Surge","Thunder Strike"],"picked":"Multi-Cast","floor":16},{"not_picked":["Cold Snap","Redo+1"],"picked":"Self Repair","floor":18},{"not_picked":["Ball Lightning","Stack"],"picked":"Genetic Algorithm+1","floor":20},{"not_picked":["Turbo","Beam Cell","Creative AI"],"picked":"Singing Bowl","floor":22},{"not_picked":["Redo","Turbo+1","Sweeping Beam"],"picked":"Singing Bowl","floor":24},{"not_picked":["Reinforced Body+1","Rebound"],"picked":"Self Repair","floor":25},{"not_picked":["Barrage+1","Self Repair+1"],"picked":"Compile Driver","floor":28},{"not_picked":["Ball Lightning","Rebound","Compile Driver+1"],"picked":"Singing Bowl","floor":29},{"not_picked":["Creative AI","Glacier+1"],"picked":"White Noise+1","floor":30},{"not_picked":["Heatsinks","Go for the Eyes","Cold Snap"],"picked":"Singing Bowl","floor":31}],"player_experience":567056,"potions_floor_usage":[7,12,16,24,24,24,28,28,33,33],"damage_taken":[{"damage":0,"enemies":"Small Slimes","floor":1,"turns":3},{"damage":0,"enemies":"2 Louse","floor":3,"turns":3},{"damage":0,"enemies":"Cultist","floor":4,"turns":3},{"damage":13,"enemies":"3 Sentries","floor":7,"turns":7},{"damage":27,"enemies":"Gremlin Nob","floor":10,"turns":4},{"damage":7,"enemies":"3 Louse","floor":11,"turns":2},{"damage":13,"enemies":"3 Sentries","floor":12,"turns":5},{"damage":0,"enemies":"Large Slime","floor":13,"turns":4},{"damage":18,"enemies":"Exordium Wildlife","floor":14,"turns":3},{"damage":14,"enemies":"Hexaghost","floor":16,"turns":9},{"damage":4,"enemies":"Shell Parasite","floor":18,"turns":5},{"damage":13,"enemies":"Chosen","floor":20,"turns":4},{"damage":22,"enemies":"Snake Plant","floor":22,"turns":5},{"damage":59,"enemies":"Gremlin Leader","floor":24,"turns":7},{"damage":2,"enemies":"Sentry and Sphere","floor":25,"turns":5},{"damage":40,"enemies":"Slavers","floor":28,"turns":5},{"damage":6,"enemies":"Centurion and Healer","floor":29,"turns":11},{"damage":55,"enemies":"Gremlin Leader","floor":30,"turns":9},{"damage":19,"enemies":"Snake Plant","floor":31,"turns":3},{"damage":63,"enemies":"Collector","floor":33,"turns":7}],"relics_obtained":[{"floor":7,"key":"Meat on the Bone"},{"floor":9,"key":"Bottled Lightning"},{"floor":10,"key":"Singing Bowl"},{"floor":12,"key":"DataDisk"},{"floor":24,"key":"Toxic Egg 2"},{"floor":26,"key":"Strawberry"},{"floor":28,"key":"Gambling Chip"},{"floor":30,"key":"Omamori"}],"event_choices":[{"event_name":"Scrap Ooze","player_choice":"success","floor":2,"damage_taken":7},{"event_name":"Golden Wing","player_choice":"Card Removal","floor":5,"damage_taken":0},{"event_name":"Beggar","player_choice":"Gave Gold","floor":21,"damage_taken":0},{"event_name":"The Mausoleum","player_choice":"No","floor":27,"damage_taken":0}],"boss_relics":[{"not_picked":["White Beast Statue","Velvet Choker"],"picked":"Cursed Key"}],"items_purged_floors":[],"potions_floor_spawned":[4,10,12,16,20,22,24,25,30,31],"seed_played":"2574138724083378487","killed_by":"Collector","ascension_level":7,"potions_obtained":[{"floor":4,"key":"PowerPotion"},{"floor":10,"key":"PowerPotion"},{"floor":12,"key":"Strength Potion"},{"floor":16,"key":"AttackPotion"},{"floor":20,"key":"EssenceOfSteel"},{"floor":22,"key":"PowerPotion"},{"floor":24,"key":"AttackPotion"},{"floor":25,"key":"PowerPotion"},{"floor":30,"key":"SpeedPotion"},{"floor":31,"key":"SteroidPotion"}],"is_trial":false}