{"gold_per_floor":[111,186,186,24,38,64,79,105,105,105,125,153,171,121,121,222,222,235,235,7,25,37,37,64,64,64,84,113,125,18,45,45,141,141,159,23,23,39,139,164,164,194,219,244,35,35,35,64,64,64,64,64,32,58,58],"floor_reached":55,"playtime":4352,"items_purged":["Strike_G","Pain"],"score":1092,"play_id":"0ca1665c-1c61-4063-b86f-3640dccf671e","local_time":"20190116150228","is_ascension_mode":true,"campfire_choices":[{"data":"Deadly Poison","floor":15,"key":"SMITH"},{"data":"After Image","floor":23,"key":"SMITH"},{"data":"After Image","floor":25,"key":"SMITH"},{"data":"Footwork","floor":32,"key":"SMITH"},{"data":"Night Terror","floor":46,"key":"SMITH"},{"floor":49,"key":"RECALL"},{"data":"Caltrops","floor":52,"key":"SMITH"}],"neow_cost":"NONE","seed_source_timestamp":509920967366500,"circlet_count":0,"master_deck":["Defend_G","Defend_G","Defend_G","Defend_G","Strike_G","Strike_G","Strike_G","Survivor","Neutralize+1","PiercingWail","Deadly Poison+1","Backflip","Backstab","Infinite Blades","Caltrops","Doppelganger","Calculated Gamble","PiercingWail","After Image+1","Infinite Blades","After Image+1","Infinite Blades","Bandage Up","Poisoned Stab+1","Deadly Poison+1","Corpse Explosion","Backflip+1","Flechettes+1","Poisoned Stab","Footwork+1","Eviscerate","Envenom","Poisoned Stab","Caltrops+1","Well Laid Plans","Bane","Finisher+1","Night Terror+1","Catalyst+1","Catalyst","PiercingWail","Blur","PiercingWail","Apotheosis","Infinite Blades","Distraction+1"],"relics":["Ring of the Serpent","NeowsBlessing","The Courier","Ancient Tea Set","Torii","Mummified Hand","Singing Bowl","Happy Flower","Bag of Preparation","Blue Candle","PreservedInsect","Smiling Mask","Centennial Puzzle","Cursed Key","Du-Vu Doll","Shuriken","The Specimen","Juzu Bracelet","Dodecahedron","Paper Crane"],"potions_floor_usage":[8,8,24,24,24,42,44,50],"damage_taken":[{"damage":0,"enemies":"Small Slimes","floor":1,"turns":1},{"damage":0,"enemies":"Jaw Worm","floor":5,"turns":1},{"damage":0,"enemies":"Lagavulin","floor":6,"turns":1},{"damage":0,"enemies":"2 Louse","floor":7,"turns":2},{"damage":2,"enemies":"3 Sentries","floor":8,"turns":5},{"damage":1,"enemies":"Lots of Slimes","floor":11,"turns":3},{"damage":16,"enemies":"Lagavulin","floor":12,"turns":9},{"damage":0,"enemies":"Large Slime","floor":13,"turns":5},{"damage":14,"enemies":"The Guardian","floor":16,"turns":12},{"damage":0,"enemies":"Shell Parasite","floor":18,"turns":5},{"damage":1,"enemies":"Chosen","floor":21,"turns":6},{"damage":2,"enemies":"Snecko","floor":22,"turns":5},{"damage":0,"enemies":"Gremlin Leader","floor":24,"turns":6},{"damage":9,"enemies":"Sentry and Sphere","floor":27,"turns":6},{"damage":1,"enemies":"Book of Stabbing","floor":28,"turns":4},{"damage":6,"enemies":"Snake Plant","floor":29,"turns":4},{"damage":50,"enemies":"Gremlin Leader","floor":31,"turns":4},{"damage":8,"enemies":"Automaton","floor":33,"turns":9},{"damage":0,"enemies":"3 Shapes","floor":35,"turns":5},{"damage":1,"enemies":"Orb Walker","floor":38,"turns":3},{"damage":0,"enemies":"Mind Bloom Boss Battle","floor":39,"turns":5},{"damage":12,"enemies":"Giant Head","floor":40,"turns":6},{"damage":25,"enemies":"Reptomancer","floor":42,"turns":5},{"damage":10,"enemies":"Nemesis","floor":44,"turns":5},{"damage":1,"enemies":"Reptomancer","floor":48,"turns":4},{"damage":39,"enemies":"Awakened One","floor":50,"turns":9},{"damage":32,"enemies":"Shield and Spear","floor":54,"turns":5},{"damage":45,"enemies":"The Heart","floor":55,"turns":5}],"seed_played":"5980224253472615332","potions_obtained":[{"floor":1,"key":"Explosive Potion"},{"floor":6,"key":"AttackPotion"},{"floor":13,"key":"SteroidPotion"},{"floor":21,"key":"GhostInAJar"},{"floor":22,"key":"AttackPotion"},{"floor":33,"key":"Poison Potion"},{"floor":35,"key":"FairyPotion"},{"floor":39,"key":"FearPotion"},{"floor":42,"key":"Block Potion"},{"floor":54,"key":"SteroidPotion"}],"is_trial":false,"path_per_floor":["M","?","T","$","M","E","M","E","T","?","M","E","M","?","R","B",null,"M","?","$","M","M","R","E","R","T","M","E","M","$","E","R","B",null,"M","$","$","M","?","E","?","E","T","E","$","R","?","E","R","B",null,"R","$","E","B"],"character_chosen":"THE_SILENT","items_purchased":["Deadly Poison","Ancient Tea Set","Bag of Preparation","Infinite Blades","Bandage Up","Footwork","Caltrops","Well Laid Plans","Bane","Blur","PiercingWail","GhostInAJar","Infinite Blades"],"campfire_rested":0,"item_purchase_floors":[4,4,20,20,20,30,36,36,36,45,45,45,53],"current_hp_per_floor":[70,59,59,59,59,59,59,57,57,57,56,40,40,40,40,26,70,70,70,70,70,68,68,70,70,70,62,65,63,63,17,17,13,70,70,70,70,70,70,58,58,33,33,27,27,27,27,34,34,7,72,72,72,40,0],"gold":58,"neow_bonus":"THREE_ENEMY_KILL","is_prod":false,"is_daily":false,"chose_seed":false,"campfire_upgraded":6,"win_rate":0,"timestamp":1547679748,"path_taken":["M","?","?","$","M","E","M","E","T","?","M","E","M","?","R","BOSS","M","?","$","M","?","R","E","R","T","M","E","M","$","E","R","BOSS","M","?","$","M","?","E","?","E","T","E","$","R","?","E","R","BOSS","R","$","E","BOSS"],"build_version":"2019-01-10","purchased_purges":2,"victory":false,"max_hp_per_floor":[70,70,70,70,70,70,70,70,70,70,70,70,70,70,70,70,70,70,70,70,70,70,70,70,70,70,70,70,70,70,70,70,70,70,70,70,70,70,70,70,70,70,70,70,70,70,70,72,72,72,72,72,72,72,72],"card_choices":[{"not_picked":["Blade Dance","Terror"],"picked":"PiercingWail","floor":1},{"not_picked":["Caltrops","Quick Slash"],"picked":"Backflip","floor":5},{"not_picked":["Dodge and Roll","Flying Knee"],"picked":"Backstab","floor":6},{"not_picked":["Underhanded Strike","Acrobatics"],"picked":"Infinite Blades","floor":7},{"not_picked":["Setup","Dagger Spray"],"picked":"Caltrops","floor":8},{"not_picked":["Outmaneuver","Flying Knee"],"picked":"Doppelganger","floor":11},{"not_picked":["Heel Hook","Underhanded Strike"],"picked":"Calculated Gamble","floor":12},{"not_picked":["Backflip","Underhanded Strike"],"picked":"PiercingWail","floor":13},{"not_picked":["A Thousand Cuts","Unload"],"picked":"After Image","floor":16},{"not_picked":["Dodge and Roll","Finisher+1"],"picked":"Infinite Blades","floor":18},{"not_picked":["Backflip","Flying Knee"],"picked":"Poisoned Stab+1","floor":21},{"not_picked":["Quick Slash","Dagger Spray"],"picked":"Deadly Poison+1","floor":22},{"not_picked":["Deadly Poison","Poisoned Stab+1"],"picked":"Corpse Explosion","floor":24},{"not_picked":["Cloak And Dagger","PiercingWail"],"picked":"Backflip+1","floor":27},{"not_picked":["Terror","Underhanded Strike"],"picked":"Flechettes+1","floor":28},{"not_picked":["Dagger Throw","Prepared"],"picked":"Poisoned Stab","floor":29},{"not_picked":["Flechettes","Slice"],"picked":"Eviscerate","floor":31},{"not_picked":["Tools of the Trade","Doppelganger"],"picked":"Envenom","floor":33},{"not_picked":["Outmaneuver","Tactician"],"picked":"Poisoned Stab","floor":35},{"not_picked":["Backflip","Reflex+1"],"picked":"Finisher+1","floor":38},{"not_picked":["Sucker Punch","Deflect+1"],"picked":"Night Terror","floor":39},{"not_picked":["Cloak And Dagger","Reflex+1"],"picked":"Catalyst+1","floor":40},{"not_picked":["Poisoned Stab+1","Adrenaline"],"picked":"Catalyst","floor":42},{"not_picked":["Quick Slash+1","Crippling Poison"],"picked":"PiercingWail","floor":44},{"not_picked":["Flash of Steel","Discovery"],"picked":"Apotheosis","floor":47},{"not_picked":["All Out Attack","Setup","Grand Finale"],"picked":"Singing Bowl","floor":48},{"not_picked":["Deflect+1","Adrenaline"],"picked":"Distraction+1","floor":54}],"player_experience":504358,"relics_obtained":[{"floor":3,"key":"The Courier"},{"floor":6,"key":"Torii"},{"floor":8,"key":"Mummified Hand"},{"floor":9,"key":"Singing Bowl"},{"floor":12,"key":"Happy Flower"},{"floor":24,"key":"Blue Candle"},{"floor":26,"key":"PreservedInsect"},{"floor":28,"key":"Smiling Mask"},{"floor":31,"key":"Centennial Puzzle"},{"floor":39,"key":"Du-Vu Doll"},{"floor":40,"key":"Shuriken"},{"floor":42,"key":"The Specimen"},{"floor":44,"key":"Juzu Bracelet"},{"floor":48,"key":"Dodecahedron"},{"floor":54,"key":"Paper Crane"}],"event_choices":[{"damage_healed":0,"gold_gain":75,"player_choice":"Gather Gold","damage_taken":11,"max_hp_gain":0,"max_hp_loss":0,"event_name":"World of Goop","floor":2,"gold_loss":0},{"damage_healed":0,"gold_gain":0,"player_choice":"Grow","damage_taken":0,"max_hp_gain":0,"max_hp_loss":0,"event_name":"Living Wall","floor":10,"gold_loss":0,"cards_upgraded":["Neutralize"]},{"cards_removed":["Defend_G"],"damage_healed":0,"gold_gain":0,"player_choice":"Card Removal","damage_taken":0,"max_hp_gain":0,"max_hp_loss":0,"event_name":"The Cleric","floor":14,"gold_loss":50},{"damage_healed":0,"gold_gain":0,"player_choice":"Copied","damage_taken":0,"max_hp_gain":0,"max_hp_loss":0,"event_name":"Duplicator","floor":19,"gold_loss":0,"cards_obtained":["After Image"]},{"damage_healed":0,"gold_gain":0,"player_choice":"Fight","damage_taken":0,"max_hp_gain":0,"max_hp_loss":0,"event_name":"MindBloom","floor":39,"gold_loss":0},{"cards_removed":["Strike_G"],"damage_healed":0,"gold_gain":0,"player_choice":"Removed Attack","damage_taken":0,"max_hp_gain":0,"max_hp_loss":0,"event_name":"Falling","floor":41,"gold_loss":0},{"damage_healed":0,"gold_gain":0,"player_choice":"Memory 1","damage_taken":0,"max_hp_gain":0,"max_hp_loss":0,"event_name":"SensoryStone","floor":47,"gold_loss":0}],"is_beta":false,"boss_relics":[{"not_picked":["Astrolabe","Sozu"],"picked":"Ring of the Serpent"},{"not_picked":["Fusion Hammer","Calling Bell"],"picked":"Cursed Key"}],"items_purged_floors":[30,45],"is_endless":false,"potions_floor_spawned":[1,6,13,21,22,33,35,39,40,42,54],"killed_by":"The Heart","ascension_level":3}