{"gold_per_floor":[118,19,94,94,113,145,155,15,15,41,41,74,40,65,65,161,161,150,167,167,167,198,224,224,235,287,287,287,312,325,48,48,149,149,168,181,181,228,131,161,161,195,195,205,235,247,247,264,264,264,264,264,37,69,69],"floor_reached":55,"playtime":21765,"items_purged":["Strike_G","Defend_G","Strike_G","Strike_G"],"score":1024,"play_id":"8eeb02d4-30a1-4354-ae94-8ff32c67895c","local_time":"20190126045009","is_ascension_mode":true,"campfire_choices":[{"floor":11.0,"key":"RECALL"},{"floor":15.0,"key":"REST"},{"data":"Backflip","floor":27.0,"key":"SMITH"},{"data":"Survivor","floor":32.0,"key":"SMITH"},{"data":"After Image","floor":41,"key":"SMITH"},{"data":"Backflip","floor":47,"key":"SMITH"},{"data":"Well Laid Plans","floor":49,"key":"SMITH"},{"data":"Blur","floor":52,"key":"SMITH"}],"neow_cost":"NONE","seed_source_timestamp":153503032169826,"circlet_count":0,"master_deck":["Defend_G","Defend_G","Strike_G","Survivor+1","Neutralize+1","Deadly Poison","Slice","Deadly Poison","Leg Sweep","Flying Knee","Bouncing Flask","Corpse Explosion","Heel Hook","Bane","Glass Knife","Leg Sweep","Deflect+1","RitualDagger","Backflip+1","Backflip+1","Cloak And Dagger","Blur+1","Flying Knee","Well Laid Plans+1","After Image+1","Dagger Spray+1","Calculated Gamble+1","Catalyst+1","Flash of Steel","Dagger Throw+1","Distraction+1","Decay","Endless Agony+1","Deadly Poison","Blur+1","Unload+1","Footwork","Dagger Spray+1","Skewer+1","Bane+1"],"special_seed":0,"relics":["Ring of the Snake","Bag of Marbles","Juzu Bracelet","Art of War","Thread and Needle","Black Star","Red Mask","Anchor","Vajra","Bag of Preparation","Letter Opener","Pocketwatch","Orichalcum","Cursed Key","Tough Bandages","Molten Egg 2","Pen Nib","Darkstone Periapt","Lantern","Bottled Lightning","The Specimen","Smiling Mask","Ornamental Fan","Sundial"],"potions_floor_usage":[38,42,54,54],"damage_taken":[{"damage":0.0,"enemies":"Small Slimes","floor":1.0,"turns":4.0},{"damage":4.0,"enemies":"Jaw Worm","floor":5.0,"turns":4.0},{"damage":21.0,"enemies":"3 Sentries","floor":6.0,"turns":12.0},{"damage":0.0,"enemies":"Cultist","floor":7.0,"turns":3.0},{"damage":17.0,"enemies":"Lagavulin","floor":10.0,"turns":6.0},{"damage":5.0,"enemies":"Gremlin Nob","floor":12.0,"turns":3.0},{"damage":4.0,"enemies":"Lagavulin","floor":14.0,"turns":4.0},{"damage":9.0,"enemies":"Hexaghost","floor":16.0,"turns":7.0},{"damage":8.0,"enemies":"2 Thieves","floor":18.0,"turns":4.0},{"damage":0.0,"enemies":"Chosen","floor":19.0,"turns":4.0},{"damage":0.0,"enemies":"Masked Bandits","floor":22.0,"turns":2.0},{"damage":21.0,"enemies":"Book of Stabbing","floor":23.0,"turns":6.0},{"damage":0.0,"enemies":"Shelled Parasite and Fungi","floor":25.0,"turns":6.0},{"damage":0.0,"enemies":"Slavers","floor":29.0,"turns":3.0},{"damage":0.0,"enemies":"Snecko","floor":30.0,"turns":2.0},{"damage":15.0,"enemies":"Champ","floor":33.0,"turns":11.0},{"damage":0.0,"enemies":"3 Darklings","floor":35.0,"turns":3.0},{"damage":1,"enemies":"3 Shapes","floor":36,"turns":3},{"damage":0,"enemies":"2 Orb Walkers","floor":38,"turns":3},{"damage":0,"enemies":"Nemesis","floor":40,"turns":7},{"damage":0,"enemies":"Giant Head","floor":42,"turns":7},{"damage":0,"enemies":"Writhing Mass","floor":44,"turns":5},{"damage":0,"enemies":"Reptomancer","floor":45,"turns":6},{"damage":0,"enemies":"Sphere and 2 Shapes","floor":46,"turns":3},{"damage":0,"enemies":"4 Shapes","floor":48,"turns":2},{"damage":4,"enemies":"Time Eater","floor":50,"turns":10},{"damage":32,"enemies":"Shield and Spear","floor":54,"turns":6},{"damage":52,"enemies":"The Heart","floor":55,"turns":2}],"seed_played":"4530492403437072440","potions_obtained":[{"floor":5.0,"key":"SpeedPotion"},{"floor":7.0,"key":"Strength Potion"},{"floor":10.0,"key":"Fire Potion"},{"floor":12.0,"key":"SkillPotion"},{"floor":14.0,"key":"Explosive Potion"},{"floor":22.0,"key":"FearPotion"},{"floor":23.0,"key":"GhostInAJar"},{"floor":25.0,"key":"Block Potion"},{"floor":29.0,"key":"Fire Potion"},{"floor":40,"key":"FearPotion"},{"floor":42,"key":"SkillPotion"},{"floor":46,"key":"SteroidPotion"}],"is_trial":false,"path_per_floor":["M","$","?","?","M","E","M","$","T","E","R","E","$","E","R","B",null,"M","M","?","?","?","E","?","M","T","R","?","E","M","$","R","B",null,"M","M","?","?","$","E","R","E","T","M","E","M","R","M","R","B",null,"R","$","E","B"],"character_chosen":"THE_SILENT","items_purchased":["Slice","Bouncing Flask","Backstab","Orichalcum","Flash of Steel","Footwork","Dagger Spray+1","Skewer+1"],"campfire_rested":1,"item_purchase_floors":[2,8,13,31,39,53,53,53],"current_hp_per_floor":[77,77,66,66,62,41,41,41,41,24,24,19,19,15,38,29,77,69,69,63,63,63,42,42,42,42,42,42,42,42,42,42,27,77,77,76,76,76,76,76,76,76,82,82,82,82,82,82,82,78,83,83,83,51,0],"gold":69,"neow_bonus":"TEN_PERCENT_HP_BONUS","is_prod":false,"is_daily":false,"chose_seed":false,"campfire_upgraded":6,"win_rate":0,"timestamp":1548496209,"path_taken":["M","$","?","?","M","E","M","$","T","E","R","E","$","E","R","BOSS","M","M","?","?","?","E","?","M","T","R","?","E","M","$","R","BOSS","M","M","?","?","$","E","R","E","T","M","E","M","R","M","R","BOSS","R","$","E","BOSS"],"build_version":"2019-01-23","purchased_purges":4,"victory":false,"max_hp_per_floor":[77,77,77,77,77,77,77,77,77,77,77,77,77,77,77,77,77,77,77,77,77,77,77,77,77,77,77,77,77,77,77,77,77,77,77,77,77,77,77,77,77,77,83,83,83,83,83,83,83,83,83,83,83,83,83],"card_choices":[{"not_picked":["Flying Knee","Dagger Spray"],"picked":"Deadly Poison","floor":1.0},{"not_picked":["Dagger Spray","Backflip"],"picked":"Deadly Poison","floor":5.0},{"not_picked":["Storm of Steel","Blade Dance"],"picked":"Leg Sweep","floor":6.0},{"not_picked":["Choke","Blade Dance"],"picked":"Flying Knee","floor":7.0},{"not_picked":["Deflect","All Out Attack"],"picked":"Corpse Explosion","floor":10.0},{"not_picked":["Sucker Punch","Crippling Poison"],"picked":"Heel Hook","floor":12.0},{"not_picked":["Quick Slash","Sucker Punch"],"picked":"Bane","floor":14.0},{"not_picked":["Storm of Steel","Bullet Time"],"picked":"Glass Knife","floor":16.0},{"not_picked":["Sucker Punch","Tactician"],"picked":"Leg Sweep","floor":18.0},{"not_picked":["Flechettes","Outmaneuver+1"],"picked":"Deflect+1","floor":19.0},{"not_picked":["Dash","PiercingWail","Acrobatics"],"picked":"SKIP","floor":23.0},{"not_picked":["Dagger Spray","PiercingWail+1"],"picked":"Backflip","floor":25.0},{"not_picked":["Leg Sweep","Blade Dance"],"picked":"Flying Knee","floor":29.0},{"not_picked":["Cloak And Dagger","Choke"],"picked":"Well Laid Plans","floor":30.0},{"not_picked":["Phantasmal Killer","Envenom"],"picked":"After Image","floor":33.0},{"not_picked":["Eviscerate","Sucker Punch"],"picked":"Dagger Spray+1","floor":35.0},{"not_picked":["Eviscerate+1","PiercingWail+1"],"picked":"Calculated Gamble+1","floor":36},{"not_picked":["Riddle With Holes","Skewer"],"picked":"Catalyst+1","floor":38},{"not_picked":["Acrobatics","Bane+1"],"picked":"Dagger Throw+1","floor":40},{"not_picked":["Backflip+1","Wraith Form v2"],"picked":"Distraction+1","floor":42},{"not_picked":["Slice+1","Predator+1"],"picked":"Endless Agony+1","floor":44},{"not_picked":["PiercingWail","Backflip+1"],"picked":"Deadly Poison","floor":45},{"not_picked":["Predator+1","Outmaneuver"],"picked":"Blur+1","floor":46},{"not_picked":["Well Laid Plans","Leg Sweep+1"],"picked":"Unload+1","floor":48},{"not_picked":["Flying Knee+1","Blur"],"picked":"Bane+1","floor":54}],"player_experience":149280,"relics_obtained":[{"floor":6.0,"key":"Bag of Marbles"},{"floor":10.0,"key":"Juzu Bracelet"},{"floor":12.0,"key":"Art of War"},{"floor":14.0,"key":"Thread and Needle"},{"floor":22.0,"key":"Red Mask"},{"floor":23.0,"key":"Anchor"},{"floor":23.0,"key":"Vajra"},{"floor":26.0,"key":"Bag of Preparation"},{"floor":29.0,"key":"Letter Opener"},{"floor":29.0,"key":"Pocketwatch"},{"floor":38,"key":"Tough Bandages"},{"floor":40,"key":"Molten Egg 2"},{"floor":40,"key":"Pen Nib"},{"floor":42,"key":"Darkstone Periapt"},{"floor":42,"key":"Lantern"},{"floor":43,"key":"Bottled Lightning"},{"floor":45,"key":"The Specimen"},{"floor":45,"key":"Smiling Mask"},{"floor":54,"key":"Ornamental Fan"},{"floor":54,"key":"Sundial"}],"event_choices":[{"damage_healed":0.0,"max_hp_gain":0.0,"max_hp_loss":0.0,"gold_gain":75.0,"event_name":"World of Goop","player_choice":"Gather Gold","floor":3.0,"gold_loss":0.0,"damage_taken":11.0},{"damage_healed":0.0,"max_hp_gain":0.0,"max_hp_loss":0.0,"gold_gain":0.0,"event_name":"Accursed Blacksmith","player_choice":"Forge","floor":4.0,"gold_loss":0.0,"damage_taken":0.0,"cards_upgraded":["Neutralize"]},{"damage_healed":0.0,"max_hp_gain":0.0,"max_hp_loss":0.0,"gold_gain":0.0,"event_name":"Nest","player_choice":"Joined the Cult","floor":20.0,"gold_loss":0.0,"damage_taken":6.0,"cards_obtained":["RitualDagger"]},{"cards_removed":["Defend_G"],"damage_healed":0.0,"max_hp_gain":0.0,"max_hp_loss":0.0,"gold_gain":0.0,"event_name":"Bonfire Elementals","player_choice":"Offered Basic","floor":21.0,"gold_loss":0.0,"damage_taken":0.0},{"damage_healed":0.0,"max_hp_gain":0.0,"max_hp_loss":0.0,"gold_gain":0.0,"event_name":"Masked Bandits","player_choice":"Fought Bandits","floor":22.0,"gold_loss":0.0,"damage_taken":0.0},{"damage_healed":0.0,"max_hp_gain":0.0,"max_hp_loss":0.0,"gold_gain":0.0,"event_name":"The Library","player_choice":"Read","floor":24.0,"gold_loss":0.0,"damage_taken":0.0,"cards_obtained":["Backflip"]},{"damage_healed":0.0,"max_hp_gain":0.0,"max_hp_loss":0.0,"gold_gain":0.0,"cards_transformed":["Defend_G","Strike_G"],"event_name":"Drug Dealer","player_choice":"Became Test Subject","floor":28.0,"gold_loss":0.0,"damage_taken":0.0,"cards_obtained":["Cloak And Dagger","Blur"]},{"cards_removed":["Backstab"],"damage_healed":0,"gold_gain":0,"player_choice":"Removed Attack","damage_taken":0,"max_hp_gain":0,"max_hp_loss":0,"event_name":"Falling","floor":37,"gold_loss":0},{"damage_healed":0,"gold_gain":0,"player_choice":"Fight","damage_taken":0,"max_hp_gain":0,"max_hp_loss":0,"event_name":"Mysterious Sphere","floor":38,"gold_loss":0}],"is_beta":false,"boss_relics":[{"not_picked":["White Beast Statue","Calling Bell"],"picked":"Black Star"},{"not_picked":["Orrery","Ring of the Serpent"],"picked":"Cursed Key"}],"items_purged_floors":[2,8,31,53],"is_endless":false,"potions_floor_spawned":[5,7,10,12,14,22,23,25,29,40,42,46],"killed_by":"The Heart","ascension_level":3}