{"gold_per_floor":[119,135,49,49,0,0,12,12,12,29,29,49,63,73,73,168,168,168,0,0,0,20,20,37,55,55,55,55,55,55,68,68,68],"floor_reached":33,"playtime":3918,"items_purged":[],"score":264,"play_id":"2882e90a-0615-467e-8904-f4484fa90cd3","local_time":"20180910022913","is_ascension_mode":false,"campfire_choices":[{"floor":6.0,"key":"REST"},{"data":"Anger","floor":15.0,"key":"SMITH"},{"data":"Barricade","floor":23,"key":"SMITH"},{"data":"Shrug It Off","floor":27,"key":"SMITH"},{"floor":29,"key":"REST"},{"data":"Rampage","floor":32,"key":"SMITH"}],"neow_cost":"PERCENT_DAMAGE","seed_source_timestamp":0,"circlet_count":0,"master_deck":["Strike_R+1","Strike_R+1","Strike_R+1","Strike_R+1","Strike_R+1","Defend_R+1","Defend_R+1","Defend_R+1","Defend_R+1","Bash","Shrug It Off+1","Flex","Carnage","Flex","Headbutt","Anger+1","Intimidate","Armaments","Armaments","Barricade+1","Seeing Red","Heavy Blade+1","Decay","Fire Breathing+1","Rampage+1","Flame Barrier+1","Rage+1"],"special_seed":0,"relics":["Black Blood","Champion Belt","Bottled Flame","Molten Egg 2"],"potions_floor_usage":[18,22,24,24,31],"damage_taken":[{"damage":20.0,"enemies":"Cultist","floor":1.0,"turns":7.0},{"damage":0.0,"enemies":"2 Louse","floor":2.0,"turns":3.0},{"damage":10.0,"enemies":"Small Slimes","floor":7.0,"turns":3.0},{"damage":4.0,"enemies":"Exordium Thugs","floor":10.0,"turns":5.0},{"damage":0.0,"enemies":"Looter","floor":12.0,"turns":3.0},{"damage":0.0,"enemies":"Gremlin Gang","floor":13.0,"turns":5.0},{"damage":4.0,"enemies":"Red Slaver","floor":14.0,"turns":2.0},{"damage":10.0,"enemies":"Slime Boss","floor":16.0,"turns":9.0},{"damage":0,"enemies":"Spheric Guardian","floor":18,"turns":3},{"damage":30,"enemies":"3 Byrds","floor":22,"turns":8},{"damage":43,"enemies":"Shelled Parasite and Fungi","floor":24,"turns":8},{"damage":5,"enemies":"Centurion and Healer","floor":25,"turns":13},{"damage":16,"enemies":"Snake Plant","floor":31,"turns":4},{"damage":83,"enemies":"Collector","floor":33,"turns":7}],"seed_played":"8321293283234773785","potions_obtained":[{"floor":2.0,"key":"Swift Potion"},{"floor":8.0,"key":"SteroidPotion"},{"floor":8.0,"key":"FearPotion"},{"floor":12.0,"key":"SmokeBomb"},{"floor":16.0,"key":"PowerPotion"},{"floor":22,"key":"BloodPotion"},{"floor":25,"key":"PowerPotion"}],"is_trial":false,"path_per_floor":["M","M","$","?","$","R","M","?","T","M","T","M","M","M","R","B",null,"M","$","?","?","M","R","M","M","T","R","?","R","?","M","R"],"character_chosen":"IRONCLAD","items_purchased":["Carnage","Flex","PowerPotion","Seeing Red","Heavy Blade","PowerPotion"],"campfire_rested":2,"item_purchase_floors":[3,3,5,19,19,19],"current_hp_per_floor":[55,61,61,61,61,89,85,85,85,87,87,93,96,96,96,92,96,96,96,96,96,76,76,52,57,57,57,57,85,85,79,79,0],"gold":68,"neow_bonus":"TWENTY_PERCENT_HP_BONUS","is_prod":false,"is_daily":false,"chose_seed":false,"campfire_upgraded":4,"win_rate":0.0,"timestamp":1536560953,"path_taken":["M","M","?","?","$","R","?","?","T","?","?","M","M","?","R","BOSS","M","$","?","?","M","R","M","M","T","R","?","R","?","?","R","BOSS"],"build_version":"2018-09-06","purchased_purges":0,"victory":false,"max_hp_per_floor":[96,96,96,96,96,96,96,96,96,96,96,96,96,96,96,96,96,96,96,96,96,96,96,96,96,96,96,96,96,96,96,96,96],"card_choices":[{"not_picked":["Body Slam","Twin Strike"],"picked":"Shrug It Off","floor":1.0},{"not_picked":["Wild Strike","Thunderclap"],"picked":"Flex","floor":2.0},{"not_picked":["Cleave","Corruption"],"picked":"Headbutt","floor":7.0},{"not_picked":["Clothesline","Searing Blow"],"picked":"Anger","floor":10.0},{"not_picked":["True Grit","Berserk"],"picked":"Intimidate","floor":12.0},{"not_picked":["Ghostly Armor","Burning Pact"],"picked":"Armaments","floor":13.0},{"not_picked":["Perfected Strike","Dropkick"],"picked":"Armaments","floor":14.0},{"not_picked":["Demon Form","Offering"],"picked":"Barricade","floor":16.0},{"not_picked":["Thunderclap","Sword Boomerang"],"picked":"Fire Breathing+1","floor":22},{"not_picked":["Perfected Strike","Iron Wave"],"picked":"Rampage","floor":24},{"not_picked":["Second Wind","Perfected Strike"],"picked":"Flame Barrier+1","floor":25},{"not_picked":["Twin Strike+1","Thunderclap+1"],"picked":"Rage+1","floor":31}],"player_experience":37250,"relics_obtained":[{"floor":9.0,"key":"Champion Belt"},{"floor":11.0,"key":"Bottled Flame"},{"floor":26,"key":"Molten Egg 2"}],"event_choices":[{"event_name":"Golden Idol","player_choice":"Ignored","floor":4.0,"damage_taken":0.0},{"event_name":"The Lab","player_choice":"Got Potions","floor":8.0,"damage_taken":0.0},{"event_name":"Forgotten Altar","player_choice":"Smashed Altar","floor":20,"damage_taken":0},{"event_name":"Ghosts","player_choice":"Ignored","floor":21,"damage_taken":0},{"event_name":"Back to Basics","player_choice":"Simplicity","floor":28,"damage_taken":0},{"event_name":"Accursed Blacksmith","player_choice":"Forge","floor":30,"damage_taken":0}],"is_beta":false,"boss_relics":[{"not_picked":["Runic Dome","Runic Pyramid"],"picked":"Black Blood"}],"items_purged_floors":[],"is_endless":false,"potions_floor_spawned":[2,12,13,14,16,22,25],"killed_by":"Collector","ascension_level":0}