{"gold_per_floor":[112,128,128,128,74,74,106,106,106,106,117,117,136,136,136,241,241,260,270,289,308,324,324,201,101,126,49,49,61,61,61],"floor_reached":31,"playtime":1950,"items_purged":["Strike_B","Defend_B"],"score":260,"play_id":"e21c130e-d3af-4a49-83b0-c422af6b9a98","local_time":"20190303015912","is_ascension_mode":false,"campfire_choices":[{"data":"Coolheaded","floor":6,"key":"SMITH"},{"data":"Dualcast","floor":8,"key":"SMITH"},{"data":"White Noise","floor":10,"key":"SMITH"},{"data":"Rebound","floor":15,"key":"SMITH"},{"data":"Self Repair","floor":23,"key":"SMITH"},{"data":"Chill","floor":28,"key":"SMITH"},{"data":"Zap","floor":30,"key":"SMITH"}],"neow_cost":"NONE","seed_source_timestamp":45559325615562,"circlet_count":0,"master_deck":["Strike_B+1","Strike_B+1","Defend_B","Defend_B","Defend_B","Zap+1","Dualcast+1","Rebound+1","White Noise+1","Coolheaded+1","Self Repair+1","Chill+1","Thunder Strike","Undo","Streamline","Tempest","Conserve Battery+1"],"relics":["Cracked Core","NeowsBlessing","Pear","WingedGreaves","NlothsMask","Coffee Dripper"],"potions_floor_usage":[16,16,21,21,29],"damage_taken":[{"damage":0,"enemies":"Jaw Worm","floor":1,"turns":1},{"damage":0,"enemies":"2 Louse","floor":2,"turns":1},{"damage":0,"enemies":"3 Sentries","floor":7,"turns":1},{"damage":0,"enemies":"Cultist","floor":11,"turns":3},{"damage":5,"enemies":"Exordium Wildlife","floor":13,"turns":4},{"damage":29,"enemies":"The Guardian","floor":16,"turns":11},{"damage":30,"enemies":"2 Thieves","floor":18,"turns":4},{"damage":6,"enemies":"Chosen","floor":19,"turns":4},{"damage":14,"enemies":"Centurion and Healer","floor":20,"turns":13},{"damage":27,"enemies":"Shelled Parasite and Fungi","floor":21,"turns":6},{"damage":17,"enemies":"Chosen and Byrds","floor":22,"turns":10},{"damage":25,"enemies":"Snake Plant","floor":29,"turns":3},{"damage":16,"enemies":"Cultist and Chosen","floor":31,"turns":4}],"seed_played":"-8763193086015911824","potions_obtained":[{"floor":1,"key":"SpeedPotion"},{"floor":11,"key":"Energy Potion"},{"floor":13,"key":"LiquidBronze"},{"floor":20,"key":"Swift Potion"},{"floor":22,"key":"Block Potion"}],"is_trial":false,"path_per_floor":["M","M","$","?","$","R","E","R","T","R","M","?","M","?","R","B",null,"M","M","M","M","M","R","$","$","T","$","R","M","R","M"],"character_chosen":"DEFECT","items_purchased":["Coolheaded","Streamline","Tempest"],"campfire_rested":0,"item_purchase_floors":[5,24,27],"current_hp_per_floor":[75,75,75,60,60,60,70,70,70,70,77,77,79,79,79,57,85,62,63,56,36,26,26,26,26,26,26,26,11,11,0],"gold":61,"neow_bonus":"THREE_ENEMY_KILL","is_prod":false,"is_daily":false,"chose_seed":false,"campfire_upgraded":7,"win_rate":0,"timestamp":1551607152,"path_taken":["M","M","$","?","$","R","E","R","T","R","M","?","?","?","R","BOSS","M","M","M","?","M","R","$","$","T","$","R","M","R","M"],"build_version":"2019-01-23","purchased_purges":2,"victory":false,"max_hp_per_floor":[75,75,75,75,75,75,85,85,85,85,85,85,85,85,85,85,85,85,85,85,85,85,85,85,85,85,85,85,85,85,85],"card_choices":[{"not_picked":["Melter","Stack"],"picked":"Rebound","floor":1},{"not_picked":["Turbo","Steam Power"],"picked":"White Noise","floor":2},{"not_picked":["Beam Cell","Turbo"],"picked":"Self Repair","floor":7},{"not_picked":["Capacitor","Double Energy","Gash"],"picked":"SKIP","floor":11},{"not_picked":["Meteor Strike","Steam Power"],"picked":"Chill","floor":13},{"not_picked":["All For One","Hyperbeam"],"picked":"Thunder Strike","floor":16},{"not_picked":["Barrage","Hello World","Coolheaded"],"picked":"SKIP","floor":18},{"not_picked":["Steam","Rebound+1","Chaos"],"picked":"SKIP","floor":19},{"not_picked":["Turbo","Darkness","Double Energy"],"picked":"SKIP","floor":20},{"not_picked":["Redo","Beam Cell"],"picked":"Undo","floor":21},{"not_picked":["Static Discharge","Coolheaded+1","Compile Driver"],"picked":"SKIP","floor":22},{"not_picked":["Scrape","Steam"],"picked":"Conserve Battery+1","floor":29}],"player_experience":257550,"relics_obtained":[{"floor":7,"key":"Pear"},{"floor":9,"key":"WingedGreaves"}],"event_choices":[{"damage_healed":0,"gold_gain":0,"player_choice":"Entered Light","damage_taken":15,"max_hp_gain":0,"max_hp_loss":0,"event_name":"Shining Light","floor":4,"gold_loss":0,"cards_upgraded":["Strike_B","Strike_B"]},{"cards_removed":["Strike_B"],"damage_healed":0,"gold_gain":0,"player_choice":"Offered Basic","damage_taken":0,"max_hp_gain":0,"max_hp_loss":0,"event_name":"Bonfire Elementals","floor":12,"gold_loss":0},{"damage_healed":0,"gold_gain":0,"player_choice":"Trade","damage_taken":0,"relics_obtained":["NlothsMask"],"max_hp_gain":0,"max_hp_loss":0,"event_name":"FaceTrader","floor":14,"gold_loss":0}],"is_beta":false,"boss_relics":[{"not_picked":["Cursed Key","Fusion Hammer"],"picked":"Coffee Dripper"}],"items_purged_floors":[24,25],"is_endless":false,"potions_floor_spawned":[1,11,13,20,22],"killed_by":"Cultist and Chosen","ascension_level":0}