{"gold_per_floor":[119,132,147,160,33,33,59,59,59,59,79,29,45,59,59,154,154,170,170,70,84,102,102,116,135,185,185,201,201,201,214,214,214],"floor_reached":33,"playtime":5401,"items_purged":["Strike_R","Bash"],"score":303,"play_id":"b452167c-7a04-469a-8edd-c6f8483215b0","local_time":"20190221092651","is_ascension_mode":false,"campfire_choices":[{"data":"Feed","floor":6.0,"key":"SMITH"},{"data":"Pommel Strike","floor":8.0,"key":"SMITH"},{"data":"Warcry","floor":15.0,"key":"SMITH"},{"data":"Demon Form","floor":23.0,"key":"SMITH"},{"data":"Disarm","floor":27.0,"key":"SMITH"},{"data":"Shockwave","floor":29.0,"key":"SMITH"},{"data":"Exhume","floor":32.0,"key":"SMITH"}],"neow_cost":"NONE","seed_source_timestamp":0,"circlet_count":0,"master_deck":["Defend_R","Defend_R","Defend_R","Pommel Strike+1","Flame Barrier","Headbutt","Feed+1","Shrug It Off","Shrug It Off","Warcry+1","Exhume+1","Shrug It Off","Bite","Bite","Bite","Bite","Bite","Disarm+1","Demon Form+1","Shockwave+1"],"special_seed":0,"relics":["Burning Blood","Question Card","Lizard Tail","Strawberry"],"potions_floor_usage":[],"damage_taken":[{"damage":7.0,"enemies":"Small Slimes","floor":1.0,"turns":4.0},{"damage":1.0,"enemies":"Cultist","floor":2.0,"turns":3.0},{"damage":5.0,"enemies":"2 Louse","floor":3.0,"turns":3.0},{"damage":2.0,"enemies":"Blue Slaver","floor":4.0,"turns":4.0},{"damage":10.0,"enemies":"Gremlin Nob","floor":7.0,"turns":4.0},{"damage":10.0,"enemies":"Looter","floor":11.0,"turns":3.0},{"damage":0.0,"enemies":"Exordium Wildlife","floor":13.0,"turns":3.0},{"damage":1.0,"enemies":"3 Louse","floor":14.0,"turns":5.0},{"damage":78.0,"enemies":"Slime Boss","floor":16.0,"turns":23.0},{"damage":30.0,"enemies":"3 Byrds","floor":18.0,"turns":5.0},{"damage":30.0,"enemies":"Chosen","floor":21.0,"turns":8.0},{"damage":19.0,"enemies":"Centurion and Healer","floor":22.0,"turns":24.0},{"damage":11.0,"enemies":"Snecko","floor":24.0,"turns":7.0},{"damage":17.0,"enemies":"Snake Plant","floor":25.0,"turns":11.0},{"damage":11.0,"enemies":"Centurion and Healer","floor":28.0,"turns":10.0},{"damage":63.0,"enemies":"Cultist and Chosen","floor":31.0,"turns":12.0},{"damage":150,"enemies":"Automaton","floor":33,"turns":16}],"seed_played":"2428853827099301980","potions_obtained":[{"floor":2.0,"key":"SpeedPotion"},{"floor":11.0,"key":"Dexterity Potion"},{"floor":13.0,"key":"Strength Potion"},{"floor":16.0,"key":"Swift Potion"},{"floor":18.0,"key":"Fire Potion"},{"floor":25.0,"key":"EssenceOfSteel"}],"is_trial":false,"path_per_floor":["M","M","M","M","$","R","E","R","T","?","M","?","M","M","R","B",null,"M","?","$","M","M","R","M","M","T","R","M","R","?","M","R","B"],"character_chosen":"IRONCLAD","items_purchased":["Shrug It Off"],"campfire_rested":0,"item_purchase_floors":[5],"current_hp_per_floor":[87,88,88,88,88,88,84,84,84,84,80,80,86,92,92,20,92,72,67,67,53,71,71,75,79,86,86,94,94,94,60,60,0],"gold":214,"neow_bonus":"TEN_PERCENT_HP_BONUS","is_prod":false,"is_daily":false,"chose_seed":false,"campfire_upgraded":7,"win_rate":0,"timestamp":1550741211,"path_taken":["M","M","M","M","$","R","E","R","T","?","?","?","M","M","R","BOSS","M","?","$","M","M","R","M","M","T","R","M","R","?","M","R","BOSS"],"build_version":"2019-01-23","purchased_purges":2,"victory":false,"max_hp_per_floor":[88,88,88,88,88,88,88,88,88,88,88,88,88,92,92,92,92,96,67,67,67,71,71,75,79,86,86,94,94,94,98,98,98],"card_choices":[{"not_picked":["Ghostly Armor","Clothesline"],"picked":"Pommel Strike","floor":1.0},{"not_picked":["Armaments","Sword Boomerang"],"picked":"Flame Barrier","floor":2.0},{"not_picked":["Anger","Heavy Blade"],"picked":"Headbutt","floor":3.0},{"not_picked":["Iron Wave","Infernal Blade"],"picked":"Feed","floor":4.0},{"not_picked":["Sever Soul","Anger"],"picked":"Shrug It Off","floor":7.0},{"not_picked":["Havoc","Anger","Thunderclap"],"picked":"Warcry","floor":11.0},{"not_picked":["Clothesline","Blood for Blood","Dual Wield","Wild Strike"],"picked":"SKIP","floor":13.0},{"not_picked":["Headbutt","Uppercut","Pummel","Flame Barrier"],"picked":"SKIP","floor":14.0},{"not_picked":["Offering","Impervious","Barricade"],"picked":"Exhume","floor":16.0},{"not_picked":["Twin Strike+1","Searing Blow","Perfected Strike+1"],"picked":"Shrug It Off","floor":18.0},{"not_picked":["Thunderclap","Dual Wield","Shrug It Off"],"picked":"Disarm","floor":21.0},{"not_picked":["Perfected Strike","Clothesline","Armaments"],"picked":"Demon Form","floor":22.0},{"not_picked":["Havoc+1","Rage","Cleave","Perfected Strike"],"picked":"SKIP","floor":24.0},{"not_picked":["Headbutt","Cleave","Anger","Sentinel"],"picked":"SKIP","floor":25.0},{"not_picked":["Shrug It Off","Evolve","Twin Strike+1"],"picked":"Shockwave","floor":28.0},{"not_picked":["Shrug It Off","Reckless Charge","Battle Trance","Shockwave"],"picked":"SKIP","floor":31.0}],"player_experience":384450,"relics_obtained":[{"floor":7.0,"key":"Question Card"},{"floor":26.0,"key":"Strawberry"}],"event_choices":[{"cards_removed":["Strike_R"],"damage_healed":0.0,"max_hp_gain":0.0,"max_hp_loss":0.0,"gold_gain":0.0,"event_name":"Bonfire Elementals","player_choice":"Offered Basic","floor":10.0,"gold_loss":0.0,"damage_taken":0.0},{"cards_removed":["Strike_R"],"damage_healed":0.0,"max_hp_gain":0.0,"max_hp_loss":0.0,"gold_gain":0.0,"event_name":"The Cleric","player_choice":"Card Removal","floor":12.0,"gold_loss":50.0,"damage_taken":0.0},{"damage_healed":0.0,"max_hp_gain":0.0,"max_hp_loss":29.0,"gold_gain":0.0,"event_name":"Vampires","player_choice":"Became a vampire","floor":19.0,"gold_loss":0.0,"damage_taken":0.0,"cards_obtained":["Bite","Bite","Bite","Bite","Bite"]},{"cards_removed":["Defend_R"],"damage_healed":0.0,"max_hp_gain":0.0,"max_hp_loss":0.0,"gold_gain":0.0,"event_name":"Back to Basics","player_choice":"Elegance","floor":30.0,"gold_loss":0.0,"damage_taken":0.0}],"is_beta":false,"boss_relics":[{"not_picked":["White Beast Statue","Snecko Eye"],"picked":"Lizard Tail"}],"items_purged_floors":[5,20],"is_endless":false,"potions_floor_spawned":[2,11,13,16,18,25],"killed_by":"Automaton","ascension_level":0}