{"gold_per_floor":[113,113,38,1,1,42,67,82,82,96,16,36,36,57,57,57],"floor_reached":16,"playtime":754,"items_purged":["Defend_G","Defend_G"],"score":102,"play_id":"05e80dfc-b67f-4770-95fd-575b8d9bc7f5","local_time":"20180818135253","is_ascension_mode":false,"campfire_choices":[{"floor":13,"key":"REST"},{"data":"Blade Dance","floor":15,"key":"SMITH"}],"neow_cost":"","seed_source_timestamp":40947299296410,"circlet_count":0,"master_deck":["Defend_G","Defend_G","Defend_G","Strike_G","Strike_G","Strike_G","Strike_G","Survivor","Neutralize","Heel Hook","Caltrops","Quick Slash","Finisher","Backstab","Finisher","Blade Dance+1","Flying Knee"],"relics":["Ring of the Snake","Golden Idol","Bottled Lightning","The Courier"],"potions_floor_usage":[6,16,16,16],"damage_taken":[{"damage":2,"enemies":"Jaw Worm","floor":1,"turns":4},{"damage":41,"enemies":"3 Sentries","floor":6,"turns":10},{"damage":2,"enemies":"Small Slimes","floor":7,"turns":3},{"damage":0,"enemies":"Cultist","floor":8,"turns":3},{"damage":0,"enemies":"Exordium Thugs","floor":10,"turns":4},{"damage":2,"enemies":"3 Louse","floor":12,"turns":4},{"damage":4,"enemies":"Blue Slaver","floor":14,"turns":2},{"damage":28,"enemies":"Slime Boss","floor":16,"turns":10}],"seed_played":"-5998140081659707860","potions_obtained":[{"floor":1,"key":"SkillPotion"},{"floor":8,"key":"SteroidPotion"},{"floor":10,"key":"SneckoOil"},{"floor":14,"key":"Regen Potion"}],"is_trial":false,"path_per_floor":["M","?","$","$","?","E","M","M","T","M","$","M","R","M","R"],"character_chosen":"THE_SILENT","items_purchased":["Caltrops"],"campfire_rested":1,"item_purchase_floors":[4],"current_hp_per_floor":[68,68,68,68,51,10,8,8,8,8,8,6,27,23,23,0],"gold":57,"neow_bonus":"","is_prod":false,"is_daily":false,"chose_seed":false,"campfire_upgraded":1,"win_rate":0,"timestamp":1534614773,"path_taken":["M","?","?","$","?","E","?","M","T","M","$","M","R","M","R","BOSS"],"build_version":"2018-08-16","purchased_purges":2,"victory":false,"max_hp_per_floor":[70,70,70,70,70,70,70,70,70,70,70,70,70,70,70,70],"card_choices":[{"not_picked":["Endless Agony","Dagger Spray"],"picked":"Heel Hook","floor":1},{"not_picked":["Dagger Throw","Outmaneuver"],"picked":"Quick Slash","floor":6},{"not_picked":["Skewer","Poisoned Stab"],"picked":"Finisher","floor":7},{"not_picked":["PiercingWail","Riddle With Holes"],"picked":"Backstab","floor":8},{"not_picked":["Crippling Poison","Eviscerate"],"picked":"Finisher","floor":10},{"not_picked":["Phantasmal Killer","Finisher"],"picked":"Blade Dance","floor":12},{"not_picked":["Bouncing Flask","Skewer"],"picked":"Flying Knee","floor":14}],"player_experience":89018,"relics_obtained":[{"floor":6,"key":"Bottled Lightning"},{"floor":9,"key":"The Courier"}],"event_choices":[{"event_name":"Living Wall","player_choice":"Forget","floor":2,"damage_taken":0},{"event_name":"Golden Idol","player_choice":"Take Damage","floor":5,"damage_taken":0}],"is_beta":false,"boss_relics":[],"items_purged_floors":[3,11],"is_endless":false,"potions_floor_spawned":[1,8,10,14],"killed_by":"Slime Boss","ascension_level":0}