{"gold_per_floor":[215,29,29,40,52,82,82,108,108,123,143,169,169,197,197,293,293,305,305,340,354,34,69,69,69,94,94,112,112,124,141,141,241,241,255,32,51,151,151,151,176,176,176,186,186,213,228,245,245,245,245,245,0,29,29],"floor_reached":55,"playtime":3851,"items_purged":[],"score":1144,"play_id":"1224adf3-27e3-454a-8fc3-21e260262078","local_time":"20190214155130","is_ascension_mode":true,"campfire_choices":[{"data":"Apotheosis","floor":7,"key":"SMITH"},{"floor":13,"key":"REST"},{"floor":15,"key":"REST"},{"data":"After Image","floor":27,"key":"SMITH"},{"data":"Infinite Blades","floor":29,"key":"SMITH"},{"floor":32,"key":"RECALL"},{"data":"Neutralize","floor":40,"key":"SMITH"},{"data":"Adrenaline","floor":42,"key":"SMITH"},{"data":"A Thousand Cuts","floor":45,"key":"SMITH"},{"floor":49,"key":"REST"},{"data":"Riddle With Holes","floor":52,"key":"SMITH"}],"neow_cost":"NONE","seed_source_timestamp":709199239146800,"circlet_count":0,"master_deck":["Defend_G","Defend_G","Defend_G","Defend_G","Strike_G","Strike_G","Survivor","Neutralize+1","Bouncing Flask","Apotheosis+1","Outmaneuver","Dagger Spray","PiercingWail","After Image+1","Dash","Deflect","Riddle With Holes+1","Bane","Deadly Poison","Adrenaline+1","Heel Hook+1","Cloak And Dagger","Blade Dance+1","Infinite Blades+1","PiercingWail+1","Unload","Phantasmal Killer","Malaise+1","Doppelganger+1","Doppelganger+1","Cloak And Dagger+1","After Image+1","PiercingWail","A Thousand Cuts+1","Slice+1","Deflect+1","Footwork","Crippling Poison","Catalyst+1"],"relics":["Ring of the Snake","Bottled Flame","Shuriken","Dodecahedron","Thread and Needle","Regal Pillow","Runic Pyramid","Ninja Scroll","Red Mask","Singing Bowl","Happy Flower","Mercury Hourglass","Pen Nib","Astrolabe","DollysMirror","Unceasing Top","Sundial","Omamori","Art of War","Turnip"],"potions_floor_usage":[12,12,12,16,23,33,33,50,55,55],"damage_taken":[{"damage":1,"enemies":"Jaw Worm","floor":1,"turns":7},{"damage":0,"enemies":"Cultist","floor":4,"turns":4},{"damage":0,"enemies":"Small Slimes","floor":5,"turns":3},{"damage":22,"enemies":"Lagavulin","floor":6,"turns":7},{"damage":26,"enemies":"Gremlin Nob","floor":8,"turns":4},{"damage":2,"enemies":"Blue Slaver","floor":10,"turns":5},{"damage":5,"enemies":"Large Slime","floor":11,"turns":8},{"damage":5,"enemies":"Lagavulin","floor":12,"turns":5},{"damage":15,"enemies":"Gremlin Nob","floor":14,"turns":5},{"damage":13,"enemies":"Slime Boss","floor":16,"turns":10},{"damage":0,"enemies":"Shell Parasite","floor":18,"turns":5},{"damage":2,"enemies":"Masked Bandits","floor":20,"turns":6},{"damage":0,"enemies":"Chosen","floor":21,"turns":3},{"damage":0,"enemies":"Slavers","floor":23,"turns":6},{"damage":0,"enemies":"Snecko","floor":28,"turns":4},{"damage":0,"enemies":"Centurion and Healer","floor":30,"turns":3},{"damage":0,"enemies":"Cultist and Chosen","floor":31,"turns":5},{"damage":0,"enemies":"Automaton","floor":33,"turns":6},{"damage":1,"enemies":"3 Darklings","floor":35,"turns":5},{"damage":0,"enemies":"Orb Walker","floor":37,"turns":3},{"damage":0,"enemies":"Mind Bloom Boss Battle","floor":38,"turns":6},{"damage":0,"enemies":"Giant Head","floor":41,"turns":8},{"damage":0,"enemies":"Spire Growth","floor":44,"turns":4},{"damage":22,"enemies":"Reptomancer","floor":46,"turns":6},{"damage":0,"enemies":"4 Shapes","floor":47,"turns":5},{"damage":2,"enemies":"Sphere and 2 Shapes","floor":48,"turns":5},{"damage":0,"enemies":"Time Eater","floor":50,"turns":5},{"damage":18,"enemies":"Shield and Spear","floor":54,"turns":7},{"damage":72,"enemies":"The Heart","floor":55,"turns":9}],"seed_played":"-5535073596649202274","potions_obtained":[{"floor":4,"key":"Poison Potion"},{"floor":8,"key":"Dexterity Potion"},{"floor":10,"key":"Poison Potion"},{"floor":12,"key":"AttackPotion"},{"floor":16,"key":"Swift Potion"},{"floor":21,"key":"FearPotion"},{"floor":28,"key":"SmokeBomb"},{"floor":31,"key":"Strength Potion"},{"floor":33,"key":"FearPotion"},{"floor":35,"key":"LiquidBronze"},{"floor":39,"key":"SpeedPotion"},{"floor":47,"key":"Ancient Potion"},{"floor":54,"key":"Energy Potion"}],"is_trial":false,"path_per_floor":["M","$","?","M","M","E","R","E","T","M","M","E","R","E","R","B",null,"M","T","?","M","$","E","T","?","T","R","M","R","M","M","R","B",null,"M","$","M","?","?","R","E","R","T","M","R","E","M","M","R","B",null,"R","$","E","B"],"character_chosen":"THE_SILENT","items_purchased":["Apotheosis","Infinite Blades","Singing Bowl","DollysMirror","PiercingWail","Footwork","Crippling Poison","Art of War"],"campfire_rested":3,"item_purchase_floors":[2,22,22,36,36,53,53,53],"current_hp_per_floor":[69,69,69,69,69,47,47,21,21,19,14,9,30,15,51,38,62,62,62,60,60,60,60,60,47,47,47,47,47,49,51,51,51,72,71,71,73,75,75,75,77,77,77,77,77,57,57,55,87,87,87,87,87,69,0],"gold":29,"neow_bonus":"HUNDRED_GOLD","is_prod":false,"is_daily":false,"chose_seed":false,"campfire_upgraded":7,"win_rate":0,"timestamp":1550188290,"path_taken":["M","$","?","M","M","E","R","E","T","M","M","E","R","E","R","BOSS","M","?","?","M","$","E","?","?","T","R","M","R","M","?","R","BOSS","M","$","M","?","?","R","E","R","T","M","R","E","M","M","R","BOSS","R","$","E","BOSS"],"build_version":"2019-01-23","purchased_purges":0,"victory":false,"max_hp_per_floor":[70,70,70,70,70,70,70,70,70,70,70,70,70,70,70,70,70,70,70,70,70,70,70,70,75,75,75,75,75,77,79,79,79,79,79,79,81,83,83,83,85,85,85,85,85,87,87,87,87,87,87,87,87,87,87],"card_choices":[{"not_picked":["Outmaneuver","Acrobatics"],"picked":"Bouncing Flask","floor":1},{"not_picked":["Flechettes","Quick Slash"],"picked":"Dagger Spray","floor":4},{"not_picked":["Expertise","Prepared"],"picked":"PiercingWail","floor":5},{"not_picked":["Flying Knee","Poisoned Stab"],"picked":"After Image","floor":6},{"not_picked":["Backstab","Dagger Throw"],"picked":"Dash","floor":8},{"not_picked":["Choke","Masterful Stab"],"picked":"Deflect","floor":10},{"not_picked":["Calculated Gamble","Expertise"],"picked":"Riddle With Holes","floor":11},{"not_picked":["Deflect","All Out Attack"],"picked":"Bane","floor":12},{"not_picked":["Crippling Poison","Quick Slash"],"picked":"Deadly Poison","floor":14},{"not_picked":["Doppelganger","Venomology"],"picked":"Adrenaline","floor":16},{"not_picked":["Underhanded Strike+1","Prepared"],"picked":"Heel Hook+1","floor":18},{"not_picked":["Bane+1","Reflex"],"picked":"Cloak And Dagger","floor":20},{"not_picked":["Bane","Dagger Spray+1"],"picked":"Blade Dance+1","floor":21},{"not_picked":["Flying Knee","Skewer"],"picked":"PiercingWail+1","floor":23},{"not_picked":["Bouncing Flask+1","Prepared"],"picked":"Unload","floor":28},{"not_picked":["Deadly Poison","Dagger Spray","Deflect"],"picked":"Singing Bowl","floor":30},{"not_picked":["Acrobatics","Escape Plan","Dash"],"picked":"Singing Bowl","floor":31},{"not_picked":["Glass Knife","Doppelganger"],"picked":"Phantasmal Killer","floor":33},{"not_picked":["Acrobatics","Flying Knee"],"picked":"Cloak And Dagger+1","floor":35},{"not_picked":["Deadly Poison+1","Prepared","Flying Knee"],"picked":"Singing Bowl","floor":37},{"not_picked":["Riddle With Holes","Underhanded Strike","Dodge and Roll+1"],"picked":"Singing Bowl","floor":38},{"not_picked":["Outmaneuver+1","Acrobatics","Bane"],"picked":"Singing Bowl","floor":41},{"not_picked":["Blade Dance+1","Outmaneuver+1"],"picked":"A Thousand Cuts","floor":44},{"not_picked":["Expertise+1","Flying Knee+1","Bane+1"],"picked":"Singing Bowl","floor":46},{"not_picked":["Quick Slash+1","Acrobatics+1"],"picked":"Slice+1","floor":47},{"not_picked":["Underhanded Strike+1","Bane"],"picked":"Deflect+1","floor":48},{"not_picked":["Well Laid Plans","Deadly Poison+1"],"picked":"Catalyst+1","floor":54}],"player_experience":698678,"relics_obtained":[{"floor":6,"key":"Bottled Flame"},{"floor":8,"key":"Shuriken"},{"floor":9,"key":"Dodecahedron"},{"floor":12,"key":"Thread and Needle"},{"floor":14,"key":"Regal Pillow"},{"floor":19,"key":"Ninja Scroll"},{"floor":20,"key":"Red Mask"},{"floor":23,"key":"Happy Flower"},{"floor":24,"key":"Mercury Hourglass"},{"floor":26,"key":"Pen Nib"},{"floor":38,"key":"Unceasing Top"},{"floor":41,"key":"Sundial"},{"floor":46,"key":"Omamori"},{"floor":54,"key":"Turnip"}],"event_choices":[{"damage_healed":0,"gold_gain":0,"cards_transformed":["Strike_G"],"player_choice":"Transformed","damage_taken":0,"max_hp_gain":0,"max_hp_loss":0,"event_name":"Transmorgrifier","floor":3,"gold_loss":0,"cards_obtained":["Outmaneuver"]},{"damage_healed":0,"gold_gain":0,"player_choice":"Fought Bandits","damage_taken":0,"max_hp_gain":0,"max_hp_loss":0,"event_name":"Masked Bandits","floor":20,"gold_loss":0},{"damage_healed":0,"gold_gain":0,"player_choice":"Shed Blood","damage_taken":18,"max_hp_gain":5,"max_hp_loss":0,"event_name":"Forgotten Altar","floor":25,"gold_loss":0},{"damage_healed":0,"gold_gain":0,"player_choice":"Fight","damage_taken":0,"max_hp_gain":0,"max_hp_loss":0,"event_name":"MindBloom","floor":38,"gold_loss":0},{"damage_healed":0,"gold_gain":0,"player_choice":"Got Potions","damage_taken":0,"max_hp_gain":0,"max_hp_loss":0,"event_name":"Lab","floor":39,"gold_loss":0}],"is_beta":false,"boss_relics":[{"not_picked":["Eternal Feather","White Beast Statue"],"picked":"Runic Pyramid"},{"not_picked":["Velvet Choker","Empty Cage"],"picked":"Astrolabe"}],"items_purged_floors":[],"is_endless":false,"potions_floor_spawned":[4,8,10,12,16,21,28,31,33,35,38,47,48,54],"killed_by":"The Heart","ascension_level":5}