{"gold_per_floor":[117,44,44,44,57,91,91,120,120,149,166,179,179,179,179,250,250,268,268,33,34,50,50,79,79,79,79,92,112,112,142,142,217,267,277,277,277,32,52,79,79,98,178,189,189,208,9,41,41,41],"floor_reached":51,"playtime":3546,"items_purged":["Writhe","Strike_G"],"score":1479,"play_id":"89d5df9c-86e4-4257-b262-21fd36a5563b","local_time":"20180812230125","is_ascension_mode":true,"campfire_choices":[{"floor":7.0,"key":"DIG"},{"floor":13.0,"key":"DIG"},{"data":"Caltrops","floor":15.0,"key":"SMITH"},{"floor":23.0,"key":"DIG"},{"floor":25.0,"key":"DIG"},{"data":"Flechettes","floor":27.0,"key":"SMITH"},{"floor":30,"key":"REST"},{"floor":32,"key":"DIG"},{"floor":41,"key":"DIG"},{"floor":45,"key":"REST"},{"floor":49,"key":"REST"}],"neow_cost":"PERCENT_DAMAGE","seed_source_timestamp":0,"circlet_count":0,"master_deck":["Defend_G+1","Defend_G","Defend_G","Defend_G","Defend_G+1","Strike_G","Strike_G","Survivor","Neutralize","AscendersBane","Sucker Punch+1","Flying Knee","Dagger Spray+1","Malaise","PiercingWail","Well Laid Plans","Caltrops+1","Envenom","Catalyst","Leg Sweep","Dodge and Roll+1","Flechettes+1","Adrenaline+1","Deadly Poison","Cloak And Dagger","Die Die Die","Backflip+1","Acrobatics","Footwork","Caltrops","Footwork","Footwork+1","Acrobatics","Bouncing Flask","Footwork+1"],"special_seed":0,"relics":["Ring of the Snake","Shovel","Orichalcum","Bag of Marbles","Sundial","The Specimen","Gremlin Horn","Question Card","Sozu","Lee\u0027s Waffle","War Paint","Pantograph","Letter Opener","Bottled Flame","Smiling Mask","Strawberry","Tiny House","Whetstone","Molten Egg 2","Centennial Puzzle","Mercury Hourglass","Dream Catcher","Frozen Egg 2"],"potions_floor_usage":[33],"damage_taken":[{"damage":2.0,"enemies":"Jaw Worm","floor":1.0,"turns":7.0},{"damage":0.0,"enemies":"2 Louse","floor":5.0,"turns":3.0},{"damage":9.0,"enemies":"Gremlin Nob","floor":6.0,"turns":4.0},{"damage":20.0,"enemies":"3 Sentries","floor":8.0,"turns":7.0},{"damage":24.0,"enemies":"Gremlin Nob","floor":10.0,"turns":7.0},{"damage":0.0,"enemies":"Cultist","floor":11.0,"turns":4.0},{"damage":0.0,"enemies":"3 Louse","floor":12.0,"turns":3.0},{"damage":0.0,"enemies":"Hexaghost","floor":16.0,"turns":11.0},{"damage":0.0,"enemies":"3 Byrds","floor":18.0,"turns":4.0},{"damage":17.0,"enemies":"2 Thieves","floor":21.0,"turns":5.0},{"damage":2.0,"enemies":"Cultist and Chosen","floor":22.0,"turns":8.0},{"damage":24.0,"enemies":"Slavers","floor":24.0,"turns":5.0},{"damage":6.0,"enemies":"Centurion and Healer","floor":28.0,"turns":10.0},{"damage":1.0,"enemies":"3 Cultists","floor":29.0,"turns":5.0},{"damage":0,"enemies":"Book of Stabbing","floor":31,"turns":7},{"damage":71,"enemies":"Collector","floor":33,"turns":12},{"damage":5,"enemies":"Orb Walker","floor":35,"turns":3},{"damage":1,"enemies":"Flame Bruiser 1 Orb","floor":39,"turns":4},{"damage":50,"enemies":"2 Orb Walkers","floor":40,"turns":6},{"damage":22,"enemies":"Sphere and 2 Shapes","floor":42,"turns":8},{"damage":0,"enemies":"Flame Bruiser 2 Orb","floor":44,"turns":6},{"damage":7,"enemies":"Spire Growth","floor":46,"turns":7},{"damage":1,"enemies":"Nemesis","floor":48,"turns":11},{"damage":36,"enemies":"Time Eater","floor":50,"turns":17}],"seed_played":"-8869985584370875966","potions_obtained":[{"floor":5.0,"key":"Strength Potion"},{"floor":10.0,"key":"SkillPotion"},{"floor":12.0,"key":"Fire Potion"},{"floor":16.0,"key":"Ancient Potion"}],"is_trial":false,"path_per_floor":["M","$","?","?","M","E","R","E","T","E","M","M","R","T","R","B",null,"M","?","$","M","M","R","E","R","T","R","M","M","R","E","R","B",null,"M","?","?","$","M","E","R","M","T","M","R","M","$","E","R","B"],"character_chosen":"THE_SILENT","items_purchased":["Flying Knee","Strength Potion","Lee\u0027s Waffle","Leg Sweep","Footwork","Whetstone","Dream Catcher"],"campfire_rested":3,"item_purchase_floors":[2,2,20,20,38,38,47],"current_hp_per_floor":[48,48,48,78,78,69,69,49,49,25,25,25,25,25,25,25,65,65,65,85,68,66,66,42,42,42,42,36,35,60,60,67,21,79,74,74,93,93,92,42,42,20,20,20,49,42,42,41,70,59],"gold":41,"neow_bonus":"TWENTY_PERCENT_HP_BONUS","is_prod":false,"is_daily":false,"chose_seed":false,"campfire_upgraded":2,"win_rate":0,"timestamp":1534107685,"path_taken":["M","$","?","?","M","E","R","E","T","E","?","M","R","?","R","BOSS","M","?","$","M","M","R","E","R","T","R","?","M","R","E","R","BOSS","M","?","?","$","?","E","R","M","T","M","R","M","?","E","R","BOSS"],"build_version":"2018-08-09","purchased_purges":2,"victory":true,"max_hp_per_floor":[78,78,78,78,78,78,78,78,78,78,78,78,78,78,78,78,78,78,78,85,85,85,85,85,85,85,85,85,85,85,85,92,92,97,97,97,97,97,97,97,97,97,97,97,97,97,97,97,97,97],"card_choices":[{"not_picked":["Underhanded Strike","Prepared"],"picked":"Sucker Punch","floor":1.0},{"not_picked":["Underhanded Strike","Concentrate"],"picked":"Dagger Spray","floor":5.0},{"not_picked":["Poisoned Stab","Bouncing Flask"],"picked":"Malaise","floor":6.0},{"not_picked":["Night Terror","Slice"],"picked":"PiercingWail","floor":8.0},{"not_picked":["Blade Dance","Flying Knee"],"picked":"Well Laid Plans","floor":10.0},{"not_picked":["Crippling Poison","Quick Slash","Dagger Spray"],"picked":"SKIP","floor":11.0},{"not_picked":["Slice","Calculated Gamble"],"picked":"Caltrops","floor":12.0},{"not_picked":["Venomology","Burst","Bullet Time"],"picked":"Envenom","floor":16.0},{"not_picked":["Flying Knee","Prepared","Underhanded Strike"],"picked":"Catalyst","floor":18.0},{"not_picked":["Poisoned Stab","Underhanded Strike","Concentrate"],"picked":"Dodge and Roll+1","floor":21.0},{"not_picked":["Quick Slash","Masterful Stab","Slice"],"picked":"Flechettes","floor":22.0},{"not_picked":["Sucker Punch","Reflex","Deadly Poison"],"picked":"Adrenaline","floor":24.0},{"not_picked":["Dash","Reflex+1","Escape Plan"],"picked":"Deadly Poison","floor":28.0},{"not_picked":["Deadly Poison","Slice","Calculated Gamble"],"picked":"Cloak And Dagger","floor":29.0},{"not_picked":["Prepared","Quick Slash","Distraction","Masterful Stab"],"picked":"SKIP","floor":31},{"not_picked":["Envenom","Grand Finale","Unload"],"picked":"Die Die Die","floor":33},{"not_picked":["Cloak And Dagger","Poisoned Stab","Reflex"],"picked":"Backflip+1","floor":34},{"not_picked":["Poisoned Stab","Bane","Quick Slash"],"picked":"Acrobatics","floor":35},{"not_picked":["Slice","Dagger Spray","Quick Slash"],"picked":"Caltrops","floor":39},{"not_picked":["Phantasmal Killer","Dodge and Roll","Finisher"],"picked":"Footwork","floor":40},{"not_picked":["Predator+1","Backflip","Dodge and Roll+1"],"picked":"Footwork+1","floor":42},{"not_picked":["Finisher+1","Setup","Quick Slash+1","Sucker Punch+1"],"picked":"SKIP","floor":44},{"not_picked":["All Out Attack+1","Underhanded Strike+1","Slice+1"],"picked":"Acrobatics","floor":46},{"not_picked":["Quick Slash+1","Deadly Poison","Glass Knife+1"],"picked":"Bouncing Flask","floor":48},{"not_picked":["Dagger Spray+1","Skewer+1","Crippling Poison+1"],"picked":"Footwork+1","floor":49}],"player_experience":957086,"relics_obtained":[{"floor":6.0,"key":"Shovel"},{"floor":7.0,"key":"Orichalcum"},{"floor":8.0,"key":"Bag of Marbles"},{"floor":9.0,"key":"Sundial"},{"floor":10.0,"key":"The Specimen"},{"floor":13.0,"key":"Gremlin Horn"},{"floor":14.0,"key":"Question Card"},{"floor":23.0,"key":"War Paint"},{"floor":24.0,"key":"Pantograph"},{"floor":25.0,"key":"Letter Opener"},{"floor":26.0,"key":"Bottled Flame"},{"floor":31,"key":"Smiling Mask"},{"floor":32,"key":"Strawberry"},{"floor":40,"key":"Molten Egg 2"},{"floor":41,"key":"Centennial Puzzle"},{"floor":43,"key":"Mercury Hourglass"},{"floor":48,"key":"Frozen Egg 2"}],"event_choices":[{"event_name":"Liars Game","player_choice":"disagreed","floor":3.0,"damage_taken":0.0},{"event_name":"Wheel of Change","player_choice":"Full Heal","floor":4.0,"damage_taken":0.0},{"event_name":"Bonfire Elementals","player_choice":"BASIC","floor":19.0,"damage_taken":0.0},{"event_name":"Falling","player_choice":"Removed Attack","floor":36,"damage_taken":0},{"event_name":"Winding Halls","player_choice":"Writhe","floor":37,"damage_taken":0}],"is_beta":false,"boss_relics":[{"not_picked":["Ectoplasm","Orrery"],"picked":"Sozu"},{"not_picked":["Runic Dome","HoveringKite"],"picked":"Tiny House"}],"items_purged_floors":[38,47],"is_endless":false,"potions_floor_spawned":[5,10,12,16,18,28,33,39,44,48],"ascension_level":15}