{"gold_per_floor":[115,115,131,151,76,76,56,56,86,86,106,125,125,157,157,232,232,251,265,153,170,170,170,199,199,226,43,43,61,76,20,20,96,96,111,123,123,123,142,171,188,188,270,287,0,30,30,41,41,41],"floor_reached":50,"playtime":1881,"items_purged":["Expertise","Acrobatics"],"score":1169,"play_id":"0f4d463b-a26c-4bf8-a0dd-826d9de19cf9","local_time":"20190226204412","is_ascension_mode":true,"campfire_choices":[{"data":"Noxious Fumes","floor":6.0,"key":"SMITH"},{"data":"Adrenaline","floor":8.0,"key":"SMITH"},{"data":"A Thousand Cuts","floor":10.0,"key":"SMITH"},{"data":"Cloak And Dagger","floor":13.0,"key":"SMITH"},{"data":"Footwork","floor":15.0,"key":"SMITH"},{"data":"Dodge and Roll","floor":23,"key":"SMITH"},{"floor":32,"key":"REST"},{"floor":42,"key":"RECALL"},{"floor":47,"key":"REST"},{"floor":49,"key":"REST"}],"neow_cost":"NONE","seed_source_timestamp":945689183682567,"circlet_count":0,"master_deck":["AscendersBane","Survivor","Neutralize","Masterful Stab","Quick Slash","Adrenaline+1","A Thousand Cuts+1","Footwork+1","Slice","Dodge and Roll+1","Backstab","Noxious Fumes+1","Backflip","Cloak And Dagger+1","Backflip","Die Die Die","Backstab","Crippling Poison","Footwork","Well Laid Plans","Cloak And Dagger","Cloak And Dagger","Night Terror","Cloak And Dagger","Noxious Fumes","Infinite Blades","Backstab","Dodge and Roll"],"special_seed":0,"relics":["Pandora\u0027s Box","Tiny Chest","Orichalcum","WristBlade","Mummified Hand","Centennial Puzzle","Enchiridion","Sozu","Bottled Flame","Pear","Ornamental Fan","Dream Catcher"],"potions_floor_usage":[21,40,40],"damage_taken":[{"damage":3.0,"enemies":"2 Louse","floor":1.0,"turns":2.0},{"damage":0.0,"enemies":"Cultist","floor":3.0,"turns":2.0},{"damage":4.0,"enemies":"Jaw Worm","floor":4.0,"turns":2.0},{"damage":9.0,"enemies":"Blue Slaver","floor":11.0,"turns":3.0},{"damage":10.0,"enemies":"3 Louse","floor":12.0,"turns":2.0},{"damage":4.0,"enemies":"Gremlin Nob","floor":14.0,"turns":3.0},{"damage":0.0,"enemies":"Hexaghost","floor":16.0,"turns":7.0},{"damage":0.0,"enemies":"2 Thieves","floor":18.0,"turns":2.0},{"damage":0.0,"enemies":"Shell Parasite","floor":19.0,"turns":1.0},{"damage":9,"enemies":"Shelled Parasite and Fungi","floor":21,"turns":2},{"damage":29,"enemies":"Book of Stabbing","floor":24,"turns":5},{"damage":0,"enemies":"3 Cultists","floor":29,"turns":3},{"damage":0,"enemies":"Snecko","floor":30,"turns":3},{"damage":23,"enemies":"Collector","floor":33,"turns":7},{"damage":0,"enemies":"3 Shapes","floor":35,"turns":3},{"damage":6,"enemies":"Orb Walker","floor":36,"turns":3},{"damage":3,"enemies":"4 Shapes","floor":39,"turns":4},{"damage":5,"enemies":"Nemesis","floor":40,"turns":7},{"damage":16,"enemies":"3 Darklings","floor":41,"turns":3},{"damage":4,"enemies":"Sphere and 2 Shapes","floor":44,"turns":3},{"damage":14,"enemies":"Reptomancer","floor":46,"turns":6},{"damage":16,"enemies":"Maw","floor":48,"turns":6},{"damage":75,"enemies":"Time Eater","floor":50,"turns":9}],"seed_played":"-5336040343638246118","potions_obtained":[{"floor":7.0,"key":"AttackPotion"},{"floor":11.0,"key":"FearPotion"},{"floor":14.0,"key":"GamblersBrew"},{"floor":16.0,"key":"Strength Potion"},{"floor":19.0,"key":"SkillPotion"},{"floor":33,"key":"Ancient Potion"}],"is_trial":false,"path_per_floor":["M","?","M","M","?","R","?","R","T","R","M","M","R","E","R","B",null,"M","M","$","M","?","R","E","?","T","$","?","M","M","$","R","B",null,"M","M","T","?","M","E","M","R","T","M","$","E","R","M","R","B"],"character_chosen":"THE_SILENT","items_purchased":["Backstab","Footwork","Cloak And Dagger","Ornamental Fan"],"campfire_rested":3,"item_purchase_floors":[20,27,31,45],"current_hp_per_floor":[56,76,76,72,72,72,72,72,72,72,63,53,53,49,49,49,69,69,69,69,60,60,60,31,31,31,31,10,10,10,10,32,9,59,59,53,53,53,50,55,39,39,39,35,35,21,45,29,53,0],"gold":41,"neow_bonus":"BOSS_RELIC","is_prod":false,"is_daily":false,"chose_seed":false,"campfire_upgraded":6,"win_rate":0,"timestamp":1551242652,"path_taken":["M","?","?","M","?","R","?","R","T","R","M","?","R","E","R","BOSS","M","M","$","M","?","R","E","?","T","$","?","?","M","$","R","BOSS","M","M","?","?","M","E","M","R","T","M","$","E","R","M","R","BOSS"],"build_version":"2019-01-23","purchased_purges":2,"victory":false,"max_hp_per_floor":[66,76,76,76,76,76,76,76,76,76,76,76,76,76,76,76,76,76,76,76,76,76,76,76,76,76,76,76,76,76,76,76,76,76,76,76,76,72,72,82,82,82,82,82,82,82,82,82,82,82],"card_choices":[{"not_picked":["Sucker Punch","Deadly Poison"],"picked":"Dodge and Roll","floor":1.0},{"not_picked":["Underhanded Strike","Dagger Throw"],"picked":"Backstab","floor":3.0},{"not_picked":["Caltrops","Dagger Spray"],"picked":"Noxious Fumes","floor":4.0},{"not_picked":["Terror","Slice"],"picked":"Backflip","floor":11.0},{"not_picked":["Dagger Throw","Distraction"],"picked":"Cloak And Dagger","floor":12.0},{"not_picked":["Tools of the Trade","Deadly Poison"],"picked":"Backflip","floor":14.0},{"not_picked":["Storm of Steel","Tools of the Trade"],"picked":"Die Die Die","floor":16.0},{"not_picked":["Prepared","Flechettes","Flying Knee"],"picked":"SKIP","floor":18.0},{"not_picked":["Expertise","Dagger Spray","Accuracy"],"picked":"SKIP","floor":19.0},{"not_picked":["Bane","Backflip"],"picked":"Crippling Poison","floor":21},{"not_picked":["Prepared+1","Burst","Distraction"],"picked":"SKIP","floor":24},{"not_picked":["Blade Dance","Skewer"],"picked":"Well Laid Plans","floor":29},{"not_picked":["Escape Plan+1","Poisoned Stab"],"picked":"Cloak And Dagger","floor":30},{"not_picked":["Phantasmal Killer","Burst"],"picked":"Night Terror","floor":33},{"not_picked":["Poisoned Stab","Slice","Setup"],"picked":"SKIP","floor":35},{"not_picked":["Bane","Flying Knee"],"picked":"Cloak And Dagger","floor":36},{"not_picked":["Wraith Form v2","Sucker Punch"],"picked":"Noxious Fumes","floor":39},{"not_picked":["Phantasmal Killer","Flying Knee+1"],"picked":"Infinite Blades","floor":40},{"not_picked":["Distraction","Dash+1"],"picked":"Backstab","floor":41},{"not_picked":["Predator","Blade Dance","Acrobatics"],"picked":"SKIP","floor":44},{"not_picked":["Venomology","Prepared"],"picked":"Dodge and Roll","floor":46},{"not_picked":["Expertise","Dagger Throw","Flechettes"],"picked":"SKIP","floor":48}],"player_experience":733271,"relics_obtained":[{"floor":9.0,"key":"Tiny Chest"},{"floor":14.0,"key":"Orichalcum"},{"floor":24,"key":"Mummified Hand"},{"floor":26,"key":"Centennial Puzzle"},{"floor":28,"key":"Enchiridion"},{"floor":37,"key":"Bottled Flame"},{"floor":40,"key":"Pear"},{"floor":46,"key":"Dream Catcher"}],"event_choices":[{"cards_removed":["Grand Finale"],"damage_healed":10.0,"max_hp_gain":10.0,"max_hp_loss":0.0,"gold_gain":0.0,"event_name":"Bonfire Elementals","player_choice":"Offered Rare","floor":2.0,"gold_loss":0.0,"damage_taken":0.0},{"cards_removed":["Outmaneuver"],"damage_healed":0.0,"max_hp_gain":0.0,"max_hp_loss":0.0,"gold_gain":0.0,"event_name":"The Cleric","player_choice":"Card Removal","floor":5.0,"gold_loss":75.0,"damage_taken":0.0},{"damage_healed":0.0,"max_hp_gain":0.0,"max_hp_loss":0.0,"gold_gain":0.0,"event_name":"The Woman in Blue","player_choice":"Bought 1 Potion","floor":7.0,"gold_loss":0.0,"damage_taken":0.0},{"damage_healed":0,"gold_gain":0,"player_choice":"Ignored","damage_taken":0,"max_hp_gain":0,"max_hp_loss":0,"event_name":"Vampires","floor":22,"gold_loss":0},{"damage_healed":0,"gold_gain":0,"player_choice":"Ignored","damage_taken":0,"max_hp_gain":0,"max_hp_loss":0,"event_name":"Ghosts","floor":25,"gold_loss":0},{"damage_healed":0,"gold_gain":0,"player_choice":"Obtained Book","damage_taken":21,"max_hp_gain":0,"max_hp_loss":0,"event_name":"Cursed Tome","floor":28,"gold_loss":0},{"damage_healed":0,"gold_gain":0,"player_choice":"Max HP","damage_taken":0,"max_hp_gain":0,"max_hp_loss":4,"event_name":"Winding Halls","floor":38,"gold_loss":0}],"is_beta":false,"boss_relics":[{"not_picked":["Busted Crown","HoveringKite"],"picked":"WristBlade"},{"not_picked":["Empty Cage","Tiny House"],"picked":"Sozu"}],"items_purged_floors":[20,27],"is_endless":false,"potions_floor_spawned":[11,14,16,19,33,35,39,40,48],"killed_by":"Time Eater","ascension_level":20}