{"gold_per_floor":[117,192,210,80,94,94,121,121,144,144,144],"floor_reached":11,"playtime":416,"items_purged":["Strike_B"],"score":122,"play_id":"1b7c29f6-b4ea-4fd0-b5af-3f98d80ae314","local_time":"20190209225522","is_ascension_mode":true,"campfire_choices":[{"data":"Zap","floor":6,"key":"SMITH"},{"data":"Chaos","floor":8,"key":"SMITH"}],"neow_cost":"NONE","seed_source_timestamp":306063973497400,"circlet_count":0,"master_deck":["AscendersBane","Strike_B","Strike_B+1","Strike_B","Defend_B","Defend_B","Defend_B","Defend_B","Zap+1","Dualcast+1","Cold Snap","Seek","Conserve Battery","Chaos+1","Gash"],"relics":["Cracked Core","Odd Mushroom","Omamori"],"potions_floor_usage":[7,11],"damage_taken":[{"damage":0,"enemies":"2 Louse","floor":1,"turns":3},{"damage":7,"enemies":"Jaw Worm","floor":3,"turns":3},{"damage":4,"enemies":"Small Slimes","floor":5,"turns":3},{"damage":22,"enemies":"The Mushroom Lair","floor":7,"turns":6},{"damage":14,"enemies":"Gremlin Gang","floor":11,"turns":3}],"seed_played":"1907127892495357465","potions_obtained":[{"floor":3,"key":"EntropicBrew"},{"floor":7,"key":"Energy Potion"}],"is_trial":false,"path_per_floor":["M","?","M","$","M","R","?","R","T","?","M"],"character_chosen":"DEFECT","items_purchased":["Conserve Battery"],"campfire_rested":0,"item_purchase_floors":[4],"current_hp_per_floor":[71,60,53,53,49,49,27,27,27,4,0],"gold":144,"neow_bonus":"TEN_PERCENT_HP_BONUS","is_prod":false,"is_daily":false,"chose_seed":false,"campfire_upgraded":2,"win_rate":0,"timestamp":1549781722,"path_taken":["M","?","M","$","M","R","?","R","T","?","M"],"build_version":"2019-01-23","purchased_purges":1,"victory":false,"max_hp_per_floor":[78,78,78,78,78,78,78,78,78,78,78],"card_choices":[{"not_picked":["Sweeping Beam","Scrape"],"picked":"Cold Snap","floor":1},{"not_picked":["Redo","Gash"],"picked":"Seek","floor":3},{"not_picked":["Redo","Compile Driver"],"picked":"Chaos","floor":5},{"not_picked":["Blizzard","Rebound"],"picked":"Gash","floor":7}],"player_experience":673727,"relics_obtained":[{"floor":7,"key":"Odd Mushroom"},{"floor":9,"key":"Omamori"}],"event_choices":[{"damage_healed":0,"gold_gain":75,"player_choice":"Gather Gold","damage_taken":11,"max_hp_gain":0,"max_hp_loss":0,"event_name":"World of Goop","floor":2,"gold_loss":0},{"damage_healed":0,"gold_gain":0,"player_choice":"Fought Mushrooms","damage_taken":0,"max_hp_gain":0,"max_hp_loss":0,"event_name":"Mushrooms","floor":7,"gold_loss":0},{"damage_healed":0,"gold_gain":0,"player_choice":"Entered Light","damage_taken":23,"max_hp_gain":0,"max_hp_loss":0,"event_name":"Shining Light","floor":10,"gold_loss":0,"cards_upgraded":["Dualcast","Strike_B"]}],"is_beta":false,"boss_relics":[],"items_purged_floors":[4],"is_endless":false,"potions_floor_spawned":[3,7],"killed_by":"Gremlin Gang","ascension_level":20}