{"path_per_floor":["M","?","$","M","M","E","?","E","T"],"character_chosen":"THE_SILENT","items_purchased":["Terror","Poisoned Stab","Deflect"],"gold_per_floor":[114,189,45,57,74,109,74,100,127,127],"floor_reached":10,"campfire_rested":0,"playtime":741,"item_purchase_floors":[3,3,3],"current_hp_per_floor":[68,57,57,51,50,22,39,15,15,0],"items_purged":[],"gold":127,"score":80,"play_id":"83a24461-894b-47f3-b0d1-940881e5f846","local_time":"20180610054624","is_prod":false,"is_daily":false,"chose_seed":false,"is_ascension_mode":true,"campfire_upgraded":0,"win_rate":0,"timestamp":1528634784,"campfire_choices":[],"path_taken":["M","?","$","M","M","E","?","E","T","E"],"build_version":"2018-06-07v3","seed_source_timestamp":619895198369313,"purchased_purges":0,"victory":false,"master_deck":["Defend_G","Defend_G","Defend_G","Defend_G","Defend_G","Strike_G","Strike_G+1","Strike_G","Strike_G","Strike_G","Survivor","Neutralize","Corpse Explosion","Malaise","Terror","Poisoned Stab+1","Deflect","Bouncing Flask","Catalyst","Deadly Poison","Crippling Poison"],"max_hp_per_floor":[70,70,70,70,70,70,70,70,70,70],"relics":["Ring of the Snake","Juzu Bracelet","Whetstone","Bag of Marbles"],"card_choices":[{"not_picked":["Outmaneuver","Blur"],"picked":"Malaise","floor":1},{"not_picked":["Deflect","Dagger Throw"],"picked":"Bouncing Flask","floor":4},{"not_picked":["Sucker Punch","Flying Knee"],"picked":"Catalyst","floor":5},{"not_picked":["Dodge and Roll","Dagger Spray"],"picked":"Deadly Poison","floor":6},{"not_picked":["Prepared","Dagger Spray"],"picked":"Crippling Poison","floor":8}],"player_experience":66306,"potions_floor_usage":[8],"damage_taken":[{"damage":2,"enemies":"2 Louse","floor":1,"turns":2},{"damage":6,"enemies":"Jaw Worm","floor":4,"turns":5},{"damage":1,"enemies":"Cultist","floor":5,"turns":3},{"damage":28,"enemies":"Lagavulin","floor":6,"turns":6},{"damage":24,"enemies":"3 Sentries","floor":8,"turns":8},{"damage":25,"enemies":"Gremlin Nob","floor":10,"turns":3}],"relics_obtained":[{"floor":6,"key":"Juzu Bracelet"},{"floor":8,"key":"Whetstone"},{"floor":9,"key":"Bag of Marbles"}],"event_choices":[{"event_name":"World of Goop","player_choice":"Gather Gold","floor":2,"damage_taken":0},{"event_name":"The Cleric","player_choice":"Healed","floor":7,"damage_taken":0}],"boss_relics":[],"items_purged_floors":[],"potions_floor_spawned":[1],"seed_played":"-832420438409335534","killed_by":"Gremlin Nob","ascension_level":1,"potions_obtained":[{"floor":1,"key":"Explosive Potion"}],"is_trial":false}