{"gold_per_floor":[109,109,134,7,7,46,46,46,46,60,60,80,80,103,103,103],"floor_reached":16,"playtime":417,"items_purged":[],"score":200,"play_id":"c4a58891-0274-460e-b5b3-920554d8d8fe","local_time":"20181107221016","is_ascension_mode":true,"campfire_choices":[{"data":"Hologram","floor":7,"key":"SMITH"},{"data":"Hologram","floor":11,"key":"SMITH"},{"data":"Ball Lightning","floor":13,"key":"SMITH"},{"floor":15,"key":"REST"}],"neow_cost":"NONE","seed_source_timestamp":271170788217829,"circlet_count":0,"master_deck":["AscendersBane","Strike_B","Strike_B","Strike_B","Strike_B","Defend_B","Defend_B","Defend_B+1","Defend_B+1","Zap+1","Dualcast","Hologram+1","Ball Lightning+1","Capacitor","Hologram+1","Loop","Genetic Algorithm+1","Gash","Lockon"],"relics":["Cracked Core","NeowsBlessing","Golden Idol","Unceasing Top","Toxic Egg 2"],"potions_floor_usage":[14,16],"damage_taken":[{"damage":0,"enemies":"2 Louse","floor":1,"turns":1},{"damage":0,"enemies":"Small Slimes","floor":3,"turns":1},{"damage":0,"enemies":"Gremlin Nob","floor":6,"turns":1},{"damage":0,"enemies":"Cultist","floor":10,"turns":3},{"damage":12,"enemies":"Blue Slaver","floor":12,"turns":4},{"damage":19,"enemies":"Exordium Wildlife","floor":14,"turns":7},{"damage":27,"enemies":"Hexaghost","floor":16,"turns":9}],"seed_played":"-4485909828106102360","potions_obtained":[{"floor":3,"key":"SpeedPotion"},{"floor":10,"key":"EssenceOfSteel"}],"is_trial":false,"path_per_floor":["M","?","M","$","?","E","R","?","T","M","R","M","R","M","R","B"],"character_chosen":"DEFECT","items_purchased":["Capacitor","Hologram"],"campfire_rested":1,"item_purchase_floors":[4,4],"current_hp_per_floor":[68,50,50,50,50,50,50,35,35,35,35,23,23,4,26,0],"gold":103,"neow_bonus":"THREE_ENEMY_KILL","is_prod":false,"is_daily":false,"chose_seed":false,"campfire_upgraded":3,"win_rate":0,"timestamp":1541657416,"path_taken":["M","?","M","$","?","E","R","?","T","M","R","M","R","M","R","BOSS"],"build_version":"2018-11-01","purchased_purges":0,"victory":false,"max_hp_per_floor":[75,75,75,75,75,75,75,75,75,75,75,75,75,75,75,75],"card_choices":[{"not_picked":["Conserve Battery","Coolheaded"],"picked":"Hologram","floor":1},{"not_picked":["Tempest","Rebound"],"picked":"Ball Lightning","floor":3},{"not_picked":["Recycle","Stack"],"picked":"Loop","floor":6},{"not_picked":["Leap+1","Compile Driver"],"picked":"Genetic Algorithm+1","floor":10},{"not_picked":["Reinforced Body+1","Cold Snap"],"picked":"Gash","floor":12},{"not_picked":["Chaos+1","Coolheaded+1"],"picked":"Lockon","floor":14}],"player_experience":363373,"relics_obtained":[{"floor":6,"key":"Unceasing Top"},{"floor":9,"key":"Toxic Egg 2"}],"event_choices":[{"damage_healed":0,"gold_gain":0,"player_choice":"Take Damage","damage_taken":18,"relics_obtained":["Golden Idol"],"max_hp_gain":0,"max_hp_loss":0,"event_name":"Golden Idol","floor":2,"gold_loss":0},{"damage_healed":0,"gold_gain":0,"player_choice":"Grow","damage_taken":0,"max_hp_gain":0,"max_hp_loss":0,"event_name":"Living Wall","floor":5,"gold_loss":0,"cards_upgraded":["Zap"]},{"damage_healed":0,"gold_gain":0,"player_choice":"Entered Light","damage_taken":15,"max_hp_gain":0,"max_hp_loss":0,"event_name":"Shining Light","floor":8,"gold_loss":0,"cards_upgraded":["Defend_B","Defend_B"]}],"is_beta":false,"boss_relics":[],"items_purged_floors":[],"is_endless":false,"potions_floor_spawned":[3,10],"killed_by":"Hexaghost","ascension_level":12}