{"gold_per_floor":[113,133,159,159,171,191,204,264,312,329,329,107,107,107,107,209,209,224,224,224],"floor_reached":20,"playtime":656,"items_purged":["Parasite"],"score":164,"play_id":"7c8c81e3-0054-48d1-bd8c-083b2a6ab44c","local_time":"20190307051436","is_ascension_mode":false,"campfire_choices":[{"data":"Dropkick","floor":13,"key":"SMITH"},{"data":"Seeing Red","floor":15,"key":"SMITH"}],"neow_cost":"NONE","seed_source_timestamp":38517850690259,"circlet_count":0,"master_deck":["Strike_R","Defend_R","Defend_R","Defend_R","Defend_R","Bash","Dropkick+1","Uppercut","Entrench","Seeing Red+1","Inflame","Fiend Fire","Feed+1","Havoc+1","Second Wind+1","Rampage+1"],"relics":["Burning Blood","NeowsBlessing","Orichalcum","Centennial Puzzle","Regal Pillow","PreservedInsect","Juzu Bracelet","Astrolabe"],"potions_floor_usage":[14,16,16,16,20],"damage_taken":[{"damage":0,"enemies":"Cultist","floor":1,"turns":1},{"damage":0,"enemies":"2 Louse","floor":2,"turns":1},{"damage":0,"enemies":"Jaw Worm","floor":5,"turns":1},{"damage":5,"enemies":"Large Slime","floor":6,"turns":6},{"damage":8,"enemies":"Looter","floor":7,"turns":3},{"damage":15,"enemies":"Gremlin Nob","floor":8,"turns":5},{"damage":23,"enemies":"Gremlin Gang","floor":10,"turns":7},{"damage":57,"enemies":"The Guardian","floor":16,"turns":8},{"damage":78,"enemies":"3 Byrds","floor":18,"turns":9},{"damage":14,"enemies":"Colosseum Slavers","floor":20,"turns":2}],"seed_played":"1859247925049089110","potions_obtained":[{"floor":1,"key":"GamblersBrew"},{"floor":7,"key":"BloodPotion"},{"floor":8,"key":"Poison Potion"},{"floor":10,"key":"EssenceOfSteel"},{"floor":14,"key":"FearPotion"},{"floor":14,"key":"Fruit Juice"},{"floor":14,"key":"BloodPotion"},{"floor":16,"key":"Dexterity Potion"},{"floor":18,"key":"Poison Potion"}],"is_trial":false,"path_per_floor":["M","M","T","?","M","M","M","?","T","M","?","$","R","?","R","B",null,"M","?","?"],"character_chosen":"IRONCLAD","items_purchased":["Juzu Bracelet"],"campfire_rested":0,"item_purchase_floors":[12],"current_hp_per_floor":[80,80,80,80,80,80,78,69,69,52,72,72,72,77,77,34,82,10,10,0],"gold":224,"neow_bonus":"THREE_ENEMY_KILL","is_prod":false,"is_daily":false,"chose_seed":false,"campfire_upgraded":2,"win_rate":0,"timestamp":1551903276,"path_taken":["M","M","?","?","M","M","?","?","T","M","?","$","R","?","R","BOSS","M","?","?"],"build_version":"2019-01-23","purchased_purges":1,"victory":false,"max_hp_per_floor":[80,80,80,80,80,80,80,80,80,80,80,77,77,82,82,82,82,82,82,82],"card_choices":[{"not_picked":["Armaments","Sword Boomerang"],"picked":"Dropkick","floor":1},{"not_picked":["Reckless Charge","Sword Boomerang","Feel No Pain"],"picked":"SKIP","floor":2},{"not_picked":["Uppercut","Armaments","Anger"],"picked":"SKIP","floor":5},{"not_picked":["Twin Strike","Juggernaut"],"picked":"Uppercut","floor":6},{"not_picked":["Metallicize","Power Through"],"picked":"Entrench","floor":7},{"not_picked":["True Grit","Feel No Pain"],"picked":"Seeing Red","floor":8},{"not_picked":["Shrug It Off","Clash"],"picked":"Inflame","floor":10},{"not_picked":["Berserk","Dark Embrace"],"picked":"Fiend Fire","floor":16},{"not_picked":["Entrench","Heavy Blade"],"picked":"Rampage+1","floor":18}],"player_experience":158061,"relics_obtained":[{"floor":3,"key":"Orichalcum"},{"floor":8,"key":"Regal Pillow"},{"floor":9,"key":"PreservedInsect"}],"event_choices":[{"damage_healed":0,"gold_gain":0,"player_choice":"Gave Potion","damage_taken":0,"relics_obtained":["Centennial Puzzle"],"max_hp_gain":0,"max_hp_loss":0,"event_name":"WeMeetAgain","floor":4,"gold_loss":0},{"damage_healed":0,"gold_gain":0,"player_choice":"Searched \u00272\u0027 times","damage_taken":0,"max_hp_gain":0,"max_hp_loss":0,"event_name":"Dead Adventurer","floor":8,"gold_loss":0},{"damage_healed":20,"gold_gain":0,"player_choice":"Healed and dodged fight","damage_taken":0,"max_hp_gain":0,"max_hp_loss":0,"event_name":"Mushrooms","floor":11,"gold_loss":0,"cards_obtained":["Parasite"]},{"damage_healed":0,"gold_gain":0,"player_choice":"Got Potions","damage_taken":0,"max_hp_gain":0,"max_hp_loss":0,"event_name":"Lab","floor":14,"gold_loss":0},{"cards_removed":["Strike_R"],"damage_healed":0,"gold_gain":0,"player_choice":"Elegance","damage_taken":0,"max_hp_gain":0,"max_hp_loss":0,"event_name":"Back to Basics","floor":19,"gold_loss":0},{"damage_healed":0,"gold_gain":0,"player_choice":"Fight","damage_taken":0,"max_hp_gain":0,"max_hp_loss":0,"event_name":"Colosseum","floor":20,"gold_loss":0}],"is_beta":false,"boss_relics":[{"not_picked":["White Beast Statue","Velvet Choker"],"picked":"Astrolabe"}],"items_purged_floors":[12],"is_endless":false,"potions_floor_spawned":[1,7,8,10,16,18],"killed_by":"Colosseum Slavers","ascension_level":0}