{"gold_per_floor":[117,117,192,192,192,192,218,9,9,21,43,55,81,104,116,202,214,240,252,29,79,149,149],"floor_reached":23,"playtime":675,"items_purged":[],"score":424,"play_id":"0c1e56ae-f136-4822-8aed-18dfe6c0216e","local_time":"20181204221830","is_ascension_mode":true,"campfire_choices":[{"floor":6.0,"key":"REST"},{"data":"Footwork","floor":12.0,"key":"SMITH"},{"floor":15.0,"key":"REST"}],"neow_cost":"NONE","seed_source_timestamp":526953140123770,"circlet_count":0,"master_deck":["AscendersBane","Defend_G","Defend_G","Defend_G","Defend_G","Defend_G+1","Strike_G","Strike_G","Strike_G","Strike_G","Strike_G","Survivor+1","Neutralize","Footwork+1","Cloak And Dagger","Demon Form","Immolate"],"special_seed":0,"relics":["Ring of the Snake","NeowsBlessing","Blue Candle","Matryoshka","Thread and Needle","PrismaticShard","MawBank","Ancient Tea Set","Fusion Hammer","SsserpentHead","Meat on the Bone"],"potions_floor_usage":[],"damage_taken":[{"damage":0.0,"enemies":"Jaw Worm","floor":1.0,"turns":1.0},{"damage":0.0,"enemies":"Gremlin Nob","floor":7.0,"turns":1.0},{"damage":0.0,"enemies":"2 Louse","floor":11.0,"turns":1.0},{"damage":1.0,"enemies":"Small Slimes","floor":13.0,"turns":4.0},{"damage":17.0,"enemies":"Exordium Thugs","floor":14.0,"turns":6.0},{"damage":28.0,"enemies":"Hexaghost","floor":16.0,"turns":11.0},{"damage":19.0,"enemies":"Chosen","floor":18.0,"turns":7.0},{"damage":2.0,"enemies":"Shell Parasite","floor":22.0,"turns":7.0},{"damage":57,"enemies":"Gremlin Leader","floor":23,"turns":8}],"seed_played":"-1565642951643181646","potions_obtained":[{"floor":11.0,"key":"LiquidBronze"},{"floor":14.0,"key":"GamblersBrew"},{"floor":22.0,"key":"FairyPotion"}],"is_trial":false,"path_per_floor":["M","?","?","T","?","R","E","$","T","$","M","R","M","M","R","B",null,"M","?","$","?","M","E"],"character_chosen":"THE_SILENT","items_purchased":["PrismaticShard","Meat on the Bone"],"campfire_rested":2,"item_purchase_floors":[8,20],"current_hp_per_floor":[59,39,28,28,28,47,47,47,47,47,47,47,46,29,48,20,55,36,36,36,36,34,0],"gold":149,"neow_bonus":"THREE_ENEMY_KILL","is_prod":false,"is_daily":false,"chose_seed":false,"campfire_upgraded":1,"win_rate":0,"timestamp":1543990710,"path_taken":["M","?","?","?","?","R","E","$","T","$","M","R","M","M","R","BOSS","M","?","?","?","?","E"],"build_version":"2018-11-15","purchased_purges":0,"victory":false,"max_hp_per_floor":[66,66,66,66,66,66,66,66,66,66,66,66,66,66,66,66,66,66,66,66,66,66,66],"card_choices":[{"not_picked":["Deadly Poison","Acrobatics"],"picked":"Footwork","floor":1.0},{"not_picked":["Outmaneuver","Reflex"],"picked":"Cloak And Dagger","floor":7.0},{"not_picked":["Rebound","Gash","Perfected Strike"],"picked":"SKIP","floor":11.0},{"not_picked":["Disarm","Prepared"],"picked":"Demon Form","floor":13.0},{"not_picked":["Sucker Punch","Dark Shackles","Undo"],"picked":"SKIP","floor":14.0},{"not_picked":["Burst","A Thousand Cuts"],"picked":"Immolate","floor":16.0},{"not_picked":["Defragment","Heel Hook","Sunder"],"picked":"SKIP","floor":18.0},{"not_picked":["Dagger Spray","Barrage","Aggregate"],"picked":"SKIP","floor":22.0}],"player_experience":683227,"relics_obtained":[{"floor":4.0,"key":"Blue Candle"},{"floor":7.0,"key":"Thread and Needle"},{"floor":9.0,"key":"MawBank"},{"floor":9.0,"key":"Ancient Tea Set"}],"event_choices":[{"damage_healed":0.0,"max_hp_gain":0.0,"max_hp_loss":0.0,"gold_gain":0.0,"event_name":"Shining Light","player_choice":"Entered Light","floor":2.0,"gold_loss":0.0,"damage_taken":20.0,"cards_upgraded":["Defend_G","Survivor"]},{"damage_healed":0.0,"max_hp_gain":0.0,"max_hp_loss":0.0,"gold_gain":75.0,"event_name":"World of Goop","player_choice":"Gather Gold","floor":3.0,"gold_loss":0.0,"damage_taken":11.0},{"damage_healed":0.0,"max_hp_gain":0.0,"max_hp_loss":0.0,"gold_gain":0.0,"event_name":"Big Fish","player_choice":"Box","floor":5.0,"gold_loss":0.0,"damage_taken":0.0,"relics_obtained":["Matryoshka"],"cards_obtained":["Regret"]},{"damage_healed":0.0,"max_hp_gain":0.0,"max_hp_loss":0.0,"gold_gain":0.0,"event_name":"FaceTrader","player_choice":"Trade","floor":19.0,"gold_loss":0.0,"damage_taken":0.0,"relics_obtained":["SsserpentHead"]},{"cards_removed":["Regret"],"damage_healed":0.0,"max_hp_gain":0.0,"max_hp_loss":0.0,"gold_gain":0.0,"event_name":"Purifier","player_choice":"Purged","floor":21.0,"gold_loss":0.0,"damage_taken":0.0}],"is_beta":false,"boss_relics":[{"not_picked":["Orrery","Runic Dome"],"picked":"Fusion Hammer"}],"items_purged_floors":[],"is_endless":false,"potions_floor_spawned":[11,14,22],"killed_by":"Gremlin Leader","ascension_level":20}