{"gold_per_floor":[116,116,169,24,36,48,78,90,102,128,140,172,204,231,243,332,344,341,387,5,5],"floor_reached":21,"playtime":811,"items_purged":[],"score":279,"play_id":"1bd3b9a9-7a15-43e7-8be9-7586fe47e923","local_time":"20181113224606","is_ascension_mode":true,"campfire_choices":[{"data":"Go for the Eyes","floor":6,"key":"SMITH"},{"data":"Dualcast","floor":8,"key":"SMITH"},{"data":"Turbo","floor":11,"key":"SMITH"},{"data":"Creative AI","floor":15,"key":"SMITH"}],"neow_cost":"TEN_PERCENT_HP_LOSS","seed_source_timestamp":274484166517635,"circlet_count":0,"master_deck":["AscendersBane","Strike_B","Strike_B","Strike_B","Strike_B","Defend_B","Defend_B","Defend_B","Defend_B","Zap+1","Dualcast+1","All For One","Go for the Eyes+1","Leap","Turbo+1","Redo","Creative AI+1","Steam","Creative AI","Storm","Storm","Heatsinks"],"relics":["Cracked Core","MawBank","Mummified Hand","Snecko Eye","Red Mask","TheAbacus","Ancient Tea Set"],"potions_floor_usage":[16,18,19],"damage_taken":[{"damage":7,"enemies":"Small Slimes","floor":1,"turns":3},{"damage":2,"enemies":"2 Louse","floor":7,"turns":2},{"damage":0,"enemies":"Jaw Worm","floor":10,"turns":2},{"damage":5,"enemies":"Exordium Thugs","floor":12,"turns":4},{"damage":4,"enemies":"Blue Slaver","floor":13,"turns":3},{"damage":13,"enemies":"3 Louse","floor":14,"turns":3},{"damage":36,"enemies":"Hexaghost","floor":16,"turns":10},{"damage":32,"enemies":"2 Thieves","floor":18,"turns":4},{"damage":24,"enemies":"Masked Bandits","floor":19,"turns":3},{"damage":9,"enemies":"Shell Parasite","floor":21,"turns":1}],"seed_played":"2854264782506031597","potions_obtained":[{"floor":10,"key":"FairyPotion"},{"floor":12,"key":"Fire Potion"},{"floor":16,"key":"SkillPotion"},{"floor":18,"key":"SkillPotion"}],"is_trial":false,"path_per_floor":["M","?","?","$","?","R","M","R","T","M","R","M","M","M","R","B",null,"M","?","$","M"],"character_chosen":"DEFECT","items_purchased":["MawBank","TheAbacus","Heatsinks","Ancient Tea Set"],"campfire_rested":0,"item_purchase_floors":[4,20,20,20],"current_hp_per_floor":[61,66,66,66,66,66,64,64,64,64,64,59,55,42,42,6,56,24,7,7,0],"gold":5,"neow_bonus":"THREE_RARE_CARDS","is_prod":false,"is_daily":false,"chose_seed":false,"campfire_upgraded":4,"win_rate":0,"timestamp":1542177966,"path_taken":["M","?","?","$","?","R","M","R","T","M","R","M","M","M","R","BOSS","M","?","$","M"],"build_version":"2018-11-08","purchased_purges":0,"victory":false,"max_hp_per_floor":[68,73,73,73,73,73,73,73,73,73,73,73,73,73,73,73,73,73,73,73,73],"card_choices":[{"not_picked":["Multi-Cast","Reboot"],"picked":"All For One","floor":0},{"not_picked":["Steam Power","Leap"],"picked":"Go for the Eyes","floor":1},{"not_picked":["Stack","Coolheaded"],"picked":"Leap","floor":7},{"not_picked":["Coolheaded","Undo"],"picked":"Turbo","floor":10},{"not_picked":["Steam Power","Auto Shields"],"picked":"Redo","floor":12},{"not_picked":["Reinforced Body","Chaos"],"picked":"Creative AI","floor":13},{"not_picked":["Coolheaded","Rebound"],"picked":"Steam","floor":14},{"not_picked":["All For One","Electrodynamics"],"picked":"Creative AI","floor":16},{"not_picked":["Defragment","Double Energy"],"picked":"Storm","floor":18},{"not_picked":["Go for the Eyes+1","Streamline"],"picked":"Storm","floor":19}],"player_experience":406217,"relics_obtained":[{"floor":9,"key":"Mummified Hand"},{"floor":19,"key":"Red Mask"}],"event_choices":[{"damage_healed":0,"gold_gain":0,"player_choice":"Donut","damage_taken":0,"max_hp_gain":5,"max_hp_loss":0,"event_name":"Big Fish","floor":2,"gold_loss":0},{"damage_healed":0,"gold_gain":53,"player_choice":"Gained Gold","damage_taken":0,"max_hp_gain":0,"max_hp_loss":0,"event_name":"Golden Wing","floor":3,"gold_loss":0},{"damage_healed":0,"gold_gain":0,"player_choice":"Upgraded","damage_taken":0,"max_hp_gain":0,"max_hp_loss":0,"event_name":"Upgrade Shrine","floor":5,"gold_loss":0,"cards_upgraded":["Zap"]},{"damage_healed":0,"gold_gain":0,"player_choice":"Fought Bandits","damage_taken":0,"max_hp_gain":0,"max_hp_loss":0,"event_name":"Masked Bandits","floor":19,"gold_loss":0}],"is_beta":false,"boss_relics":[{"not_picked":["Calling Bell","Eternal Feather"],"picked":"Snecko Eye"}],"items_purged_floors":[],"is_endless":false,"potions_floor_spawned":[10,12,14,16,18],"killed_by":"Shell Parasite","ascension_level":13}