{"gold_per_floor":[113,130,130,146,146,190,204,244,244,267,267,338,372,395,395,395],"floor_reached":16,"playtime":670,"items_purged":[],"score":214,"play_id":"68cfa806-f04a-41f3-8784-336494b1c8d2","local_time":"20180624224501","is_ascension_mode":true,"campfire_choices":[{"data":"Bash","floor":11,"key":"SMITH"},{"data":"Havoc","floor":15,"key":"SMITH"}],"neow_cost":"NONE","seed_source_timestamp":609251499430199,"circlet_count":0,"master_deck":["Strike_R","Strike_R","Strike_R","Strike_R","Strike_R","Defend_R","Defend_R","Defend_R","Defend_R","Bash+1","AscendersBane","Twin Strike","Iron Wave","Feel No Pain","Bash","Shrug It Off","Shrug It Off","Immolate","Shockwave","Uppercut+1","Clothesline+1","Havoc+1"],"relics":["Burning Blood","Lantern","Golden Idol","Juzu Bracelet","Singing Bowl","Molten Egg 2","Bird Faced Urn"],"potions_floor_usage":[13,13,16],"damage_taken":[{"damage":0,"enemies":"Small Slimes","floor":1,"turns":4},{"damage":1,"enemies":"Cultist","floor":2,"turns":3},{"damage":7,"enemies":"Jaw Worm","floor":4,"turns":3},{"damage":27,"enemies":"Gremlin Nob","floor":6,"turns":4},{"damage":6,"enemies":"3 Louse","floor":7,"turns":4},{"damage":5,"enemies":"3 Sentries","floor":8,"turns":5},{"damage":8,"enemies":"Blue Slaver","floor":10,"turns":2},{"damage":11,"enemies":"Gremlin Nob","floor":13,"turns":3},{"damage":7,"enemies":"Exordium Wildlife","floor":14,"turns":2},{"damage":48,"enemies":"Hexaghost","floor":16,"turns":12}],"seed_played":"2819490800285711237","potions_obtained":[{"floor":1,"key":"SmokeBomb"},{"floor":6,"key":"PowerPotion"},{"floor":7,"key":"FearPotion"},{"floor":13,"key":"BloodPotion"}],"is_trial":false,"path_per_floor":["M","M","?","M","?","E","M","E","T","M","R","?","E","M","R"],"character_chosen":"IRONCLAD","items_purchased":[],"campfire_rested":0,"item_purchase_floors":[],"current_hp_per_floor":[74,75,75,74,68,47,47,48,48,46,46,46,41,40,40,0],"gold":395,"neow_bonus":"RANDOM_COMMON_RELIC","is_prod":false,"is_daily":false,"chose_seed":false,"campfire_upgraded":2,"win_rate":0,"timestamp":1529873101,"path_taken":["M","M","?","M","?","E","M","E","T","M","R","?","E","M","R","BOSS"],"build_version":"2018-06-21v2","purchased_purges":0,"victory":false,"max_hp_per_floor":[75,75,75,75,68,68,68,68,68,68,68,68,68,68,68,68],"card_choices":[{"not_picked":["Rupture","Bloodletting"],"picked":"Twin Strike","floor":1},{"not_picked":["Body Slam","Headbutt"],"picked":"Iron Wave","floor":2},{"not_picked":["Rampage","Battle Trance"],"picked":"Shrug It Off","floor":4},{"not_picked":["Intimidate","Combust"],"picked":"Shrug It Off","floor":6},{"not_picked":["Entrench","Spot Weakness"],"picked":"Immolate","floor":7},{"not_picked":["Searing Blow","Iron Wave"],"picked":"Shockwave","floor":8},{"not_picked":["Pommel Strike+1","Twin Strike+1"],"picked":"Uppercut+1","floor":10},{"not_picked":["Dropkick+1","Uppercut+1"],"picked":"Clothesline+1","floor":13},{"not_picked":["Armaments","Cleave+1"],"picked":"Havoc","floor":14}],"player_experience":692854,"relics_obtained":[{"floor":6,"key":"Juzu Bracelet"},{"floor":8,"key":"Singing Bowl"},{"floor":9,"key":"Molten Egg 2"},{"floor":13,"key":"Bird Faced Urn"}],"event_choices":[{"event_name":"Match and Keep!","player_choice":"2 cards matched","floor":3,"damage_taken":0},{"event_name":"Golden Idol","player_choice":"Lose Max HP","floor":5,"damage_taken":0},{"event_name":"Golden Wing","player_choice":"Gained Gold","floor":12,"damage_taken":0}],"boss_relics":[],"items_purged_floors":[],"is_endless":false,"potions_floor_spawned":[1,6,7,10,13],"killed_by":"Hexaghost","ascension_level":15}