{"gold_per_floor":[112,287,287,298,26,52,52,84,107,107,136,10,25,25,25,120,120,140,160,160],"floor_reached":20,"playtime":894,"items_purged":["Doubt","Strike_G"],"score":257,"play_id":"9bab4104-26ca-4ed9-8817-9ad3ea5c488b","local_time":"20190219025124","is_ascension_mode":true,"campfire_choices":[{"data":"Noxious Fumes","floor":7,"key":"SMITH"},{"data":"Neutralize","floor":10,"key":"SMITH"},{"floor":15,"key":"REST"}],"neow_cost":"NONE","seed_source_timestamp":1097356326929000,"circlet_count":0,"master_deck":["Defend_G","Defend_G","Defend_G","Defend_G","Defend_G","Strike_G","Strike_G","Strike_G","Strike_G","Survivor","Neutralize+1","Dagger Spray","Eviscerate","Noxious Fumes+1","Well Laid Plans","Backflip","Envenom","Well Laid Plans","Footwork","Malaise","Bouncing Flask+1","Eviscerate"],"relics":["Ring of the Snake","Bronze Scales","Smiling Mask","Vajra","Tingsha","Blood Vial","Happy Flower","StoneCalendar","Snecko Eye"],"potions_floor_usage":[6,11,13,20,20],"damage_taken":[{"damage":2,"enemies":"Cultist","floor":1,"turns":5},{"damage":1,"enemies":"Small Slimes","floor":4,"turns":3},{"damage":10,"enemies":"3 Sentries","floor":6,"turns":5},{"damage":22,"enemies":"Gremlin Nob","floor":8,"turns":4},{"damage":20,"enemies":"3 Sentries","floor":11,"turns":6},{"damage":0,"enemies":"Jaw Worm","floor":13,"turns":4},{"damage":17,"enemies":"Slime Boss","floor":16,"turns":7},{"damage":10,"enemies":"Shell Parasite","floor":18,"turns":5},{"damage":19,"enemies":"2 Thieves","floor":19,"turns":3},{"damage":39,"enemies":"Shelled Parasite and Fungi","floor":20,"turns":4}],"seed_played":"8796921983992447169","potions_obtained":[{"floor":4,"key":"GamblersBrew"},{"floor":8,"key":"Poison Potion"},{"floor":13,"key":"Fruit Juice"},{"floor":16,"key":"Weak Potion"},{"floor":19,"key":"PowerPotion"}],"is_trial":false,"path_per_floor":["M","?","?","M","$","E","R","E","T","R","E","$","M","$","R","B",null,"M","M","M"],"character_chosen":"THE_SILENT","items_purchased":["Noxious Fumes","Vajra","Well Laid Plans"],"campfire_rested":1,"item_purchase_floors":[5,5,12],"current_hp_per_floor":[61,61,54,53,53,43,43,21,21,21,3,3,10,10,32,17,61,53,36,0],"gold":160,"neow_bonus":"RANDOM_COMMON_RELIC","is_prod":false,"is_daily":false,"chose_seed":false,"campfire_upgraded":2,"win_rate":0,"timestamp":1550573484,"path_taken":["M","?","?","M","$","E","R","E","T","R","E","$","M","?","R","BOSS","M","?","M"],"build_version":"2019-01-23","purchased_purges":2,"victory":false,"max_hp_per_floor":[70,70,70,70,70,70,70,70,70,70,70,70,75,75,75,75,75,75,75,75],"card_choices":[{"not_picked":["Acrobatics","All Out Attack"],"picked":"Dagger Spray","floor":1},{"not_picked":["Acrobatics","Distraction"],"picked":"Eviscerate","floor":4},{"not_picked":["Die Die Die","Setup"],"picked":"Well Laid Plans","floor":6},{"not_picked":["Deadly Poison","Sucker Punch"],"picked":"Backflip","floor":8},{"not_picked":["Skewer","Catalyst"],"picked":"Envenom","floor":11},{"not_picked":["Flying Knee","Quick Slash"],"picked":"Footwork","floor":13},{"not_picked":["Tools of the Trade","Die Die Die"],"picked":"Malaise","floor":16},{"not_picked":["Backstab","Acrobatics"],"picked":"Bouncing Flask+1","floor":18},{"not_picked":["Blade Dance","PiercingWail"],"picked":"Eviscerate","floor":19}],"player_experience":736529,"relics_obtained":[{"floor":6,"key":"Tingsha"},{"floor":8,"key":"Blood Vial"},{"floor":9,"key":"Happy Flower"},{"floor":11,"key":"StoneCalendar"}],"event_choices":[{"damage_healed":0,"gold_gain":175,"player_choice":"AGREE","damage_taken":0,"max_hp_gain":0,"max_hp_loss":0,"event_name":"Liars Game","floor":2,"gold_loss":0,"cards_obtained":["Doubt"]},{"damage_healed":0,"gold_gain":0,"player_choice":"Success","damage_taken":7,"relics_obtained":["Smiling Mask"],"max_hp_gain":0,"max_hp_loss":0,"event_name":"Scrap Ooze","floor":3,"gold_loss":0}],"is_beta":false,"boss_relics":[{"not_picked":["Coffee Dripper","Philosopher\u0027s Stone"],"picked":"Snecko Eye"}],"items_purged_floors":[5,12],"is_endless":false,"potions_floor_spawned":[4,8,13,16,19],"killed_by":"Shelled Parasite and Fungi","ascension_level":7}