{"gold_per_floor":[111,85,102,121,141,169,179,179,179,179,179,354,354,41,41,41],"floor_reached":16,"playtime":1137,"items_purged":["Doubt"],"score":100,"play_id":"d156aece-60a9-4937-a0c0-77897f28004a","local_time":"20180629181505","is_ascension_mode":false,"campfire_choices":[{"data":"Adrenaline","floor":10,"key":"SMITH"},{"floor":13,"key":"REST"},{"data":"Riddle With Holes","floor":15,"key":"SMITH"}],"neow_cost":"","seed_source_timestamp":10560875354915796,"circlet_count":0,"master_deck":["Defend_G","Defend_G","Defend_G","Defend_G","Defend_G","Strike_G","Strike_G","Strike_G","Strike_G","Strike_G","Survivor","Neutralize","Caltrops","Deadly Poison","Dodge and Roll","Riddle With Holes+1","Distraction","Adrenaline+1","Noxious Fumes","Injury","Dagger Throw"],"relics":["Ring of the Snake","Singing Bowl","Golden Idol","Blue Candle","Membership Card"],"potions_floor_usage":[16],"damage_taken":[{"damage":0,"enemies":"Cultist","floor":1,"turns":5},{"damage":0,"enemies":"Small Slimes","floor":3,"turns":4},{"damage":1,"enemies":"Jaw Worm","floor":4,"turns":4},{"damage":17,"enemies":"Exordium Thugs","floor":5,"turns":7},{"damage":45,"enemies":"Gremlin Nob","floor":6,"turns":5},{"damage":5,"enemies":"3 Louse","floor":7,"turns":3},{"damage":23,"enemies":"The Guardian","floor":16,"turns":5}],"seed_played":"-2460140682071108906","potions_obtained":[{"floor":5,"key":"Ancient Potion"},{"floor":7,"key":"FearPotion"}],"is_trial":false,"path_per_floor":["M","$","M","M","M","E","M","?","T","R","?","?","R","$","R"],"character_chosen":"THE_SILENT","items_purchased":["Deadly Poison","Membership Card","Dagger Throw"],"campfire_rested":1,"item_purchase_floors":[2,14,14],"current_hp_per_floor":[70,70,70,69,52,7,2,2,2,2,2,2,23,23,23,0],"gold":41,"neow_bonus":"","is_prod":false,"is_daily":false,"chose_seed":false,"campfire_upgraded":2,"win_rate":0,"timestamp":1530321305,"path_taken":["M","?","M","?","M","E","M","?","T","R","?","?","R","$","R","BOSS"],"build_version":"2018-06-28","purchased_purges":1,"victory":false,"max_hp_per_floor":[70,70,70,70,70,70,70,70,70,70,70,70,70,70,70,70],"card_choices":[{"not_picked":["Quick Slash","Endless Agony"],"picked":"Caltrops","floor":1},{"not_picked":["Reflex","Flechettes"],"picked":"Dodge and Roll","floor":3},{"not_picked":["Dagger Throw","Prepared"],"picked":"Riddle With Holes","floor":4},{"not_picked":["PiercingWail","Dodge and Roll"],"picked":"Distraction","floor":5},{"not_picked":["Outmaneuver","Catalyst"],"picked":"Adrenaline","floor":6},{"not_picked":["Crippling Poison","Dagger Throw"],"picked":"Noxious Fumes","floor":7}],"player_experience":97052,"relics_obtained":[{"floor":6,"key":"Singing Bowl"},{"floor":9,"key":"Blue Candle"}],"event_choices":[{"event_name":"Golden Idol","player_choice":"Take Wound","floor":8,"damage_taken":0},{"event_name":"Golden Wing","player_choice":"Ignored","floor":11,"damage_taken":0},{"event_name":"Liars Game","player_choice":"agreed","floor":12,"damage_taken":0}],"boss_relics":[],"items_purged_floors":[14],"is_endless":false,"potions_floor_spawned":[5,7],"killed_by":"The Guardian","ascension_level":0}