{"gold_per_floor":[109,129,129,142,156,156,156,156,180,180,56,56,56,91,91,193,193,203,215,13,13,28,28,40,57,138,170,180,180,254,274,274,274],"floor_reached":33,"playtime":2086,"items_purged":["Strike_B"],"score":296,"play_id":"7b29fb5d-f617-43b5-a170-f1990b50df32","local_time":"20180928151620","is_ascension_mode":true,"campfire_choices":[{"data":"Streamline","floor":6,"key":"SMITH"},{"data":"Cold Snap","floor":8,"key":"SMITH"},{"data":"Dualcast","floor":10,"key":"SMITH"},{"data":"Conserve Battery","floor":12,"key":"SMITH"},{"data":"Coolheaded","floor":15,"key":"SMITH"},{"data":"Echo Form","floor":23,"key":"SMITH"},{"data":"Capacitor","floor":29,"key":"SMITH"},{"data":"Loop","floor":32,"key":"SMITH"}],"neow_cost":"NONE","seed_source_timestamp":428568869517468,"circlet_count":0,"master_deck":["Strike_B","Strike_B","Strike_B","Defend_B","Defend_B","Defend_B","Defend_B","Zap+1","Dualcast+1","BootSequence","Coolheaded+1","Streamline+1","Cold Snap+1","Conserve Battery+1","Coolheaded+1","Echo Form+1","Barrage+1","Rebound","Cold Snap","Writhe","Go for the Eyes","Doom and Gloom","Redo+1","Capacitor+1","Loop+1","Capacitor+1"],"relics":["Cracked Core","Oddly Smooth Stone","Regal Pillow","GremlinMask","Vajra","Nuclear Battery","PreservedInsect","Mummified Hand","Symbiotic Virus","Red Mask","Meat on the Bone"],"potions_floor_usage":[24,25,33,33],"damage_taken":[{"damage":0,"enemies":"Small Slimes","floor":1,"turns":2},{"damage":0,"enemies":"Cultist","floor":2,"turns":4},{"damage":5,"enemies":"Jaw Worm","floor":4,"turns":3},{"damage":1,"enemies":"Blue Slaver","floor":5,"turns":3},{"damage":17,"enemies":"Gremlin Nob","floor":14,"turns":4},{"damage":11,"enemies":"Slime Boss","floor":16,"turns":13},{"damage":2,"enemies":"Shell Parasite","floor":18,"turns":5},{"damage":0,"enemies":"2 Thieves","floor":19,"turns":4},{"damage":28,"enemies":"3 Cultists","floor":22,"turns":5},{"damage":0,"enemies":"Sentry and Sphere","floor":24,"turns":5},{"damage":1,"enemies":"Cultist and Chosen","floor":25,"turns":5},{"damage":4,"enemies":"Masked Bandits","floor":27,"turns":4},{"damage":3,"enemies":"Centurion and Healer","floor":28,"turns":4},{"damage":4,"enemies":"Shelled Parasite and Fungi","floor":31,"turns":4},{"damage":45,"enemies":"Automaton","floor":33,"turns":6}],"seed_played":"5869616142633033864","potions_obtained":[{"floor":1,"key":"FearPotion"},{"floor":4,"key":"Energy Potion"},{"floor":14,"key":"Poison Potion"},{"floor":24,"key":"Block Potion"},{"floor":25,"key":"Energy Potion"},{"floor":28,"key":"Block Potion"}],"is_trial":false,"path_per_floor":["M","M","?","M","M","R","?","R","T","R","$","R","?","E","R","B",null,"M","M","$","?","M","R","M","M","T","?","M","R","T","M","R"],"character_chosen":"DEFECT","items_purchased":["Conserve Battery","PreservedInsect","Cold Snap"],"campfire_rested":0,"item_purchase_floors":[11,20,20],"current_hp_per_floor":[75,75,75,70,69,69,69,69,69,69,69,69,69,52,52,41,75,73,73,73,73,45,45,45,44,44,40,37,37,37,45,45,0],"gold":274,"neow_bonus":"UPGRADE_CARD","is_prod":false,"is_daily":false,"chose_seed":false,"campfire_upgraded":8,"win_rate":0,"timestamp":1538172980,"path_taken":["M","M","?","M","M","R","?","R","T","R","?","R","?","E","R","BOSS","M","?","$","?","M","R","M","M","T","?","?","R","?","M","R","BOSS"],"build_version":"2018-09-27","purchased_purges":1,"victory":false,"max_hp_per_floor":[75,75,75,75,75,75,75,75,75,75,75,75,75,75,75,75,75,75,75,75,75,75,75,75,75,75,75,75,75,75,75,75,75],"card_choices":[{"not_picked":["Steam","Reinforced Body"],"picked":"BootSequence","floor":1},{"not_picked":["Genetic Algorithm","Rebound"],"picked":"Coolheaded","floor":2},{"not_picked":["FTL","Leap"],"picked":"Streamline","floor":4},{"not_picked":["Compile Driver","Turbo"],"picked":"Cold Snap","floor":5},{"not_picked":["Double Energy","BootSequence"],"picked":"Coolheaded","floor":14},{"not_picked":["All For One","Core Surge"],"picked":"Echo Form","floor":16},{"not_picked":["Ball Lightning","Tempest"],"picked":"Barrage+1","floor":18},{"not_picked":["Tempest","BootSequence"],"picked":"Rebound","floor":19},{"not_picked":["Compile Driver","Cold Snap"],"picked":"Go for the Eyes","floor":22},{"not_picked":["Barrage","Compile Driver"],"picked":"Doom and Gloom","floor":24},{"not_picked":["Beam Cell","Coolheaded"],"picked":"Redo+1","floor":25},{"not_picked":["All For One","Beam Cell+1"],"picked":"Capacitor","floor":27},{"not_picked":["Leap","Stack"],"picked":"Loop","floor":28},{"not_picked":["Compile Driver+1","Rebound"],"picked":"Capacitor+1","floor":31}],"player_experience":183493,"relics_obtained":[{"floor":9,"key":"Regal Pillow"},{"floor":14,"key":"Vajra"},{"floor":26,"key":"Symbiotic Virus"},{"floor":27,"key":"Red Mask"},{"floor":30,"key":"Meat on the Bone"}],"event_choices":[{"event_name":"Upgrade Shrine","player_choice":"Upgraded","floor":3,"damage_taken":0},{"event_name":"Dead Adventurer","player_choice":"Searched \u00272\u0027 times","floor":7,"damage_taken":0},{"event_name":"FaceTrader","player_choice":"Trade","floor":13,"damage_taken":0},{"event_name":"The Mausoleum","player_choice":"Yes","floor":21,"damage_taken":0},{"event_name":"Masked Bandits","player_choice":"Fought Bandits","floor":27,"damage_taken":0}],"is_beta":false,"boss_relics":[{"not_picked":["Philosopher\u0027s Stone","Pandora\u0027s Box"],"picked":"Nuclear Battery"}],"items_purged_floors":[11],"is_endless":false,"potions_floor_spawned":[1,4,14,22,24,25,28],"killed_by":"Automaton","ascension_level":4}