{"gold_per_floor":[114,129,304,254,269,269,41,56,56,56,131,146,161,176,176,276,276,291,306,306,306],"floor_reached":21,"playtime":1129,"items_purged":[],"score":198,"play_id":"5af3090f-81c6-405e-b0c1-f085ba39db03","local_time":"20190306060417","daily_mods":["Chimera","Hoarder","Terminal"],"is_ascension_mode":false,"campfire_choices":[{"data":"Armaments","floor":6,"key":"SMITH"},{"data":"Heavy Blade","floor":15,"key":"SMITH"}],"neow_cost":"","seed_source_timestamp":34233462000023,"circlet_count":0,"master_deck":["Bash","Survivor","Zap","Strike_R","Strike_G","Strike_B","Defend_R","Defend_G","Defend_B","Pummel","Pummel","Pummel","Rupture","Rupture","Rupture","Doubt","Doubt","Armaments","Armaments","Armaments+1","Combust","Havoc","Havoc","Havoc","Heavy Blade+1","Heavy Blade","Heavy Blade","Thunderclap","Thunderclap","Thunderclap","Reaper","Reaper","Reaper","Blood for Blood","Blood for Blood","Blood for Blood","Metallicize","Metallicize","Metallicize"],"special_seed":17960,"relics":["Burning Blood","Blood Vial","Omamori","Orichalcum","Empty Cage","CultistMask"],"potions_floor_usage":[18,21],"damage_taken":[{"damage":0,"enemies":"Small Slimes","floor":1,"turns":3},{"damage":0,"enemies":"2 Louse","floor":2,"turns":3},{"damage":7,"enemies":"Cultist","floor":5,"turns":5},{"damage":9,"enemies":"Large Slime","floor":8,"turns":5},{"damage":5,"enemies":"2 Fungi Beasts","floor":12,"turns":3},{"damage":12,"enemies":"Exordium Thugs","floor":13,"turns":6},{"damage":4,"enemies":"Blue Slaver","floor":14,"turns":4},{"damage":48,"enemies":"Slime Boss","floor":16,"turns":8},{"damage":60,"enemies":"3 Byrds","floor":18,"turns":7},{"damage":26,"enemies":"2 Thieves","floor":19,"turns":4},{"damage":27,"enemies":"Chosen and Byrds","floor":21,"turns":6}],"seed_played":"-7796585460280550823","potions_obtained":[{"floor":1,"key":"Block Potion"},{"floor":12,"key":"SpeedPotion"}],"is_trial":false,"path_per_floor":["M","M","?","?","M","R","$","M","T","?","?","M","M","M","R","B",null,"M","M","?","M"],"character_chosen":"IRONCLAD","items_purchased":["Combust","Blood Vial"],"campfire_rested":0,"item_purchase_floors":[7,7],"current_hp_per_floor":[78,77,76,75,74,73,72,69,69,62,51,54,50,54,54,14,62,17,7,7,0],"gold":306,"neow_bonus":"","is_prod":false,"is_daily":true,"chose_seed":false,"campfire_upgraded":2,"win_rate":0,"timestamp":1551819857,"path_taken":["M","M","?","?","M","R","$","M","T","?","?","M","M","M","R","BOSS","M","M","?","M"],"build_version":"2019-01-23","purchased_purges":0,"victory":false,"max_hp_per_floor":[78,77,76,75,74,73,72,71,70,69,68,67,66,65,64,63,62,61,60,59,59],"card_choices":[{"not_picked":["Heavy Blade","Clothesline"],"picked":"Pummel","floor":1},{"not_picked":["Ghostly Armor","Twin Strike"],"picked":"Rupture","floor":2},{"not_picked":["Pommel Strike","Anger"],"picked":"Armaments","floor":5},{"not_picked":["Clash","Evolve","True Grit"],"picked":"SKIP","floor":8},{"not_picked":["Headbutt","Power Through"],"picked":"Havoc","floor":12},{"not_picked":["Pommel Strike","Warcry"],"picked":"Heavy Blade","floor":13},{"not_picked":["Clothesline","Sword Boomerang"],"picked":"Thunderclap","floor":14},{"not_picked":["Impervious","Berserk"],"picked":"Reaper","floor":16},{"not_picked":["Clothesline","Sword Boomerang"],"picked":"Blood for Blood","floor":18},{"not_picked":["Spot Weakness+1","Clothesline"],"picked":"Metallicize","floor":19}],"player_experience":123428,"relics_obtained":[{"floor":9,"key":"Omamori"}],"event_choices":[{"damage_healed":0,"gold_gain":175,"player_choice":"AGREE","damage_taken":0,"max_hp_gain":0,"max_hp_loss":0,"event_name":"Liars Game","floor":3,"gold_loss":0,"cards_obtained":["Doubt"]},{"cards_removed":["Doubt"],"damage_healed":0,"gold_gain":0,"player_choice":"Card Removal","damage_taken":0,"max_hp_gain":0,"max_hp_loss":0,"event_name":"The Cleric","floor":4,"gold_loss":50},{"damage_healed":0,"gold_gain":0,"player_choice":"Success","damage_taken":7,"relics_obtained":["Orichalcum"],"max_hp_gain":0,"max_hp_loss":0,"event_name":"Scrap Ooze","floor":10,"gold_loss":0},{"damage_healed":0,"gold_gain":75,"player_choice":"Gather Gold","damage_taken":11,"max_hp_gain":0,"max_hp_loss":0,"event_name":"World of Goop","floor":11,"gold_loss":0},{"damage_healed":0,"gold_gain":0,"player_choice":"Trade","damage_taken":0,"relics_obtained":["CultistMask"],"max_hp_gain":0,"max_hp_loss":0,"event_name":"FaceTrader","floor":20,"gold_loss":0}],"is_beta":false,"boss_relics":[{"not_picked":["Mark of Pain","Coffee Dripper"],"picked":"Empty Cage"}],"items_purged_floors":[],"is_endless":false,"potions_floor_spawned":[1,12],"killed_by":"Chosen and Byrds","ascension_level":0}