{"gold_per_floor":[110,124,74,74,94,132,132,176,199,233,254,104,139,158,158,283,283,297,222,236,236,236,236,236,249,273,273,293,334,357,393,393,516,516,537,537,537,537,556,596,614,655,655,655,690,690,690,714,714,714,714,714,226,257,257],"floor_reached":55,"playtime":4287,"items_purged":["Strike_R"],"score":837,"play_id":"64bc5de6-2c17-4584-8065-6a0e92f8facd","local_time":"20190227201654","is_ascension_mode":true,"campfire_choices":[{"floor":15,"key":"REST"},{"floor":24,"key":"RECALL"},{"data":"Juggernaut","floor":27,"key":"SMITH"},{"floor":32,"key":"REST"},{"floor":47,"key":"REST"},{"floor":49,"key":"REST"},{"data":"Demon Form","floor":52,"key":"SMITH"}],"neow_cost":"NONE","seed_source_timestamp":157312019696902,"circlet_count":0,"master_deck":["Defend_R","Defend_R+1","Defend_R+1","Defend_R","Bash","Cleave","Body Slam+1","Clash","Juggernaut+1","Flex","Sword Boomerang","Clothesline","Feed","Iron Wave","Immolate","Thunderclap","Shrug It Off","Wild Strike","Barricade+1","Necronomicurse","Shrug It Off+1","Uppercut","Armaments+1","Metallicize","Juggernaut","Armaments+1","The Bomb","Demon Form+1","Headbutt+1","Body Slam+1","Madness","Madness","Metallicize"],"relics":["Black Blood","Golden Idol","Happy Flower","War Paint","Bronze Scales","Orichalcum","Oddly Smooth Stone","Nunchaku","Lizard Tail","Necronomicon","Lantern","Strawberry","Boot","Anchor","Pen Nib","Omamori","Red Skull","Art of War"],"potions_floor_usage":[8,8,10,16,18,20,28,33,40,40,42,45,50,54,54,54,55],"damage_taken":[{"damage":1,"enemies":"2 Louse","floor":1,"turns":3},{"damage":1,"enemies":"Jaw Worm","floor":2,"turns":3},{"damage":5,"enemies":"Small Slimes","floor":5,"turns":4},{"damage":26,"enemies":"Gremlin Nob","floor":6,"turns":4},{"damage":17,"enemies":"3 Sentries","floor":8,"turns":6},{"damage":20,"enemies":"Lagavulin","floor":10,"turns":4},{"damage":5,"enemies":"Red Slaver","floor":11,"turns":3},{"damage":10,"enemies":"Gremlin Nob","floor":13,"turns":3},{"damage":0,"enemies":"3 Louse","floor":14,"turns":2},{"damage":17,"enemies":"Hexaghost","floor":16,"turns":8},{"damage":7,"enemies":"3 Byrds","floor":18,"turns":3},{"damage":5,"enemies":"Shell Parasite","floor":20,"turns":4},{"damage":5,"enemies":"Centurion and Healer","floor":25,"turns":3},{"damage":14,"enemies":"Sentry and Sphere","floor":28,"turns":4},{"damage":34,"enemies":"Gremlin Leader","floor":29,"turns":4},{"damage":0,"enemies":"Snecko","floor":30,"turns":3},{"damage":9,"enemies":"Book of Stabbing","floor":31,"turns":6},{"damage":50,"enemies":"Collector","floor":33,"turns":8},{"damage":5,"enemies":"3 Darklings","floor":35,"turns":3},{"damage":16,"enemies":"Orb Walker","floor":39,"turns":4},{"damage":31,"enemies":"Reptomancer","floor":40,"turns":6},{"damage":54,"enemies":"Transient","floor":41,"turns":5},{"damage":39,"enemies":"Nemesis","floor":42,"turns":5},{"damage":70,"enemies":"Reptomancer","floor":45,"turns":6},{"damage":0,"enemies":"Sphere and 2 Shapes","floor":48,"turns":2},{"damage":66,"enemies":"Awakened One","floor":50,"turns":12},{"damage":119,"enemies":"Shield and Spear","floor":54,"turns":10},{"damage":80,"enemies":"The Heart","floor":55,"turns":3}],"seed_played":"7261662654097200444","potions_obtained":[{"floor":2,"key":"PowerPotion"},{"floor":5,"key":"AttackPotion"},{"floor":6,"key":"Ancient Potion"},{"floor":13,"key":"EssenceOfSteel"},{"floor":16,"key":"Weak Potion"},{"floor":18,"key":"Fruit Juice"},{"floor":20,"key":"Energy Potion"},{"floor":31,"key":"SteroidPotion"},{"floor":33,"key":"PowerPotion"},{"floor":35,"key":"Regen Potion"},{"floor":41,"key":"Swift Potion"},{"floor":42,"key":"SteroidPotion"},{"floor":48,"key":"BloodPotion"},{"floor":54,"key":"Regen Potion"}],"is_trial":false,"path_per_floor":["M","M","?","?","M","E","?","E","T","E","M","$","E","M","R","B",null,"M","?","M","?","?","?","R","M","T","R","M","E","M","E","R","B",null,"M","?","?","?","M","E","M","E","T","?","E","?","R","M","R","B",null,"R","$","E","B"],"character_chosen":"IRONCLAD","items_purchased":["Oddly Smooth Stone","Regen Potion","EssenceOfSteel","Red Skull","Metallicize","Swift Potion"],"campfire_rested":4,"item_purchase_floors":[12,53,53,53,53,53],"current_hp_per_floor":[88,88,88,66,67,47,47,36,36,22,23,23,19,28,55,44,91,98,98,99,99,83,83,83,87,87,87,79,58,64,61,93,49,109,109,109,109,109,103,94,50,21,21,95,35,23,51,61,89,45,98,98,98,59,0],"gold":257,"neow_bonus":"TEN_PERCENT_HP_BONUS","is_prod":false,"is_daily":false,"chose_seed":false,"campfire_upgraded":2,"win_rate":0,"timestamp":1551309414,"path_taken":["M","M","?","?","M","E","?","E","T","E","M","$","E","M","R","BOSS","M","?","M","?","?","?","R","?","T","R","M","E","M","E","R","BOSS","M","?","?","?","M","E","?","E","T","?","E","?","R","M","R","BOSS","R","$","E","BOSS"],"build_version":"2019-01-23","purchased_purges":1,"victory":false,"max_hp_per_floor":[88,88,88,88,88,88,88,88,88,88,88,88,88,91,91,91,91,99,99,99,99,99,99,99,102,102,102,102,109,109,109,109,109,109,109,109,109,109,109,109,109,109,109,95,95,95,95,95,95,98,98,98,98,98,98],"card_choices":[{"not_picked":["Iron Wave","Entrench"],"picked":"Cleave","floor":1},{"not_picked":["Bloodletting","Shrug It Off"],"picked":"Body Slam","floor":2},{"not_picked":["Carnage","Warcry"],"picked":"Clash","floor":5},{"not_picked":["Pummel","Headbutt"],"picked":"Juggernaut","floor":6},{"not_picked":["Sever Soul","Clash"],"picked":"Flex","floor":8},{"not_picked":["True Grit","Carnage"],"picked":"Sword Boomerang","floor":10},{"not_picked":["Body Slam","Infernal Blade"],"picked":"Clothesline","floor":11},{"not_picked":["Burning Pact","Flex"],"picked":"Feed","floor":13},{"not_picked":["Headbutt","Burning Pact"],"picked":"Iron Wave","floor":14},{"not_picked":["Exhume","Reaper"],"picked":"Immolate","floor":16},{"not_picked":["Bloodletting","Heavy Blade"],"picked":"Thunderclap","floor":18},{"not_picked":["Whirlwind","Perfected Strike"],"picked":"Shrug It Off","floor":20},{"not_picked":["Uppercut","Shockwave"],"picked":"Shrug It Off+1","floor":25},{"not_picked":["Hemokinesis","Havoc"],"picked":"Uppercut","floor":28},{"not_picked":["Sword Boomerang","Disarm"],"picked":"Armaments","floor":29},{"not_picked":["Corruption+1","Havoc"],"picked":"Metallicize","floor":30},{"not_picked":["Iron Wave","Anger","Sword Boomerang"],"picked":"SKIP","floor":31},{"not_picked":["Berserk","Fiend Fire"],"picked":"Juggernaut","floor":33},{"not_picked":["Heavy Blade+1","Cleave+1"],"picked":"Armaments+1","floor":35},{"not_picked":["Metamorphosis","Finesse"],"picked":"The Bomb","floor":37},{"not_picked":["Hemokinesis+1","Anger","Sever Soul+1"],"picked":"SKIP","floor":39},{"not_picked":["Uppercut+1","Rupture+1"],"picked":"Demon Form","floor":40},{"not_picked":["Power Through+1","Intimidate"],"picked":"Headbutt+1","floor":41},{"not_picked":["Twin Strike+1","Ghostly Armor+1"],"picked":"Body Slam+1","floor":42},{"not_picked":["Iron Wave","Bludgeon","Rampage+1"],"picked":"SKIP","floor":45},{"not_picked":["Sentinel+1","Havoc","Iron Wave+1"],"picked":"SKIP","floor":48},{"not_picked":["Hemokinesis","Warcry","Thunderclap"],"picked":"SKIP","floor":54}],"player_experience":135382,"relics_obtained":[{"floor":6,"key":"Happy Flower"},{"floor":8,"key":"War Paint"},{"floor":9,"key":"Bronze Scales"},{"floor":10,"key":"Orichalcum"},{"floor":13,"key":"Nunchaku"},{"floor":22,"key":"Necronomicon"},{"floor":26,"key":"Lantern"},{"floor":29,"key":"Strawberry"},{"floor":31,"key":"Boot"},{"floor":40,"key":"Anchor"},{"floor":42,"key":"Pen Nib"},{"floor":45,"key":"Omamori"},{"floor":54,"key":"Art of War"}],"event_choices":[{"cards_removed":["Strike_R"],"damage_healed":0,"gold_gain":0,"player_choice":"Card Removal","damage_taken":0,"max_hp_gain":0,"max_hp_loss":0,"event_name":"The Cleric","floor":3,"gold_loss":50},{"damage_healed":0,"gold_gain":0,"player_choice":"Take Damage","damage_taken":22,"relics_obtained":["Golden Idol"],"max_hp_gain":0,"max_hp_loss":0,"event_name":"Golden Idol","floor":4,"gold_loss":0},{"damage_healed":0,"gold_gain":0,"player_choice":"Upgraded","damage_taken":0,"max_hp_gain":0,"max_hp_loss":0,"event_name":"Upgrade Shrine","floor":7,"gold_loss":0,"cards_upgraded":["Body Slam"]},{"cards_removed":["Strike_R"],"damage_healed":0,"gold_gain":0,"player_choice":"Gave Gold","damage_taken":0,"max_hp_gain":0,"max_hp_loss":0,"event_name":"Beggar","floor":19,"gold_loss":75},{"damage_healed":0,"gold_gain":0,"cards_transformed":["Strike_R","Strike_R"],"player_choice":"Became Test Subject","damage_taken":0,"max_hp_gain":0,"max_hp_loss":0,"event_name":"Drug Dealer","floor":21,"gold_loss":0,"cards_obtained":["Wild Strike","Barricade"]},{"damage_healed":0,"gold_gain":0,"player_choice":"Obtained Book","damage_taken":16,"max_hp_gain":0,"max_hp_loss":0,"event_name":"Cursed Tome","floor":22,"gold_loss":0},{"damage_healed":0,"gold_gain":0,"player_choice":"Upgraded","damage_taken":0,"max_hp_gain":0,"max_hp_loss":0,"event_name":"Upgrade Shrine","floor":23,"gold_loss":0,"cards_upgraded":["Barricade"]},{"damage_healed":0,"gold_gain":0,"player_choice":"Ignored","damage_taken":0,"max_hp_gain":0,"max_hp_loss":0,"event_name":"Tomb of Lord Red Mask","floor":36,"gold_loss":0},{"damage_healed":0,"gold_gain":0,"player_choice":"Memory 1","damage_taken":0,"max_hp_gain":0,"max_hp_loss":0,"event_name":"SensoryStone","floor":37,"gold_loss":0},{"damage_healed":0,"gold_gain":0,"player_choice":"Upgraded","damage_taken":0,"max_hp_gain":0,"max_hp_loss":0,"event_name":"Upgrade Shrine","floor":38,"gold_loss":0,"cards_upgraded":["Armaments"]},{"damage_healed":95,"gold_gain":0,"player_choice":"Heal","damage_taken":0,"max_hp_gain":0,"max_hp_loss":14,"event_name":"The Moai Head","floor":44,"gold_loss":0},{"damage_healed":0,"gold_gain":0,"player_choice":"Embrace Madness","damage_taken":12,"max_hp_gain":0,"max_hp_loss":0,"event_name":"Winding Halls","floor":46,"gold_loss":0,"cards_obtained":["Madness","Madness"]}],"is_beta":false,"boss_relics":[{"not_picked":["Runic Pyramid","Snecko Eye"],"picked":"Lizard Tail"},{"not_picked":["Philosopher\u0027s Stone","Runic Cube"],"picked":"Black Blood"}],"items_purged_floors":[53],"is_endless":false,"potions_floor_spawned":[2,5,6,13,16,18,20,31,33,35,41,42,48,54],"killed_by":"The Heart","ascension_level":1}