{"gold_per_floor":[116,131,81,34,44,44,78,3,3,3,38,58,58,233,233,233],"floor_reached":16,"playtime":1061,"items_purged":["Defend_R"],"score":108,"play_id":"3c2b0533-21b0-41f4-830a-a58298c2dbda","local_time":"20180819014607","is_ascension_mode":false,"campfire_choices":[{"data":"Flex","floor":6,"key":"SMITH"},{"floor":13,"key":"REST"},{"data":"Flex","floor":15,"key":"SMITH"}],"neow_cost":"","seed_source_timestamp":83434307355897,"circlet_count":0,"master_deck":["Strike_R","Strike_R","Strike_R","Strike_R","Strike_R","Defend_R","Defend_R","Defend_R","Flex+1","Ghostly Armor","Flex+1","Sword Boomerang","Whirlwind","Disarm","Cleave","Doubt"],"relics":["Burning Blood","Bottled Flame","Pantograph","Potion Belt"],"potions_floor_usage":[7],"damage_taken":[{"damage":0,"enemies":"Small Slimes","floor":1,"turns":3},{"damage":3,"enemies":"Jaw Worm","floor":2,"turns":4},{"damage":2,"enemies":"2 Louse","floor":5,"turns":4},{"damage":31,"enemies":"Lagavulin","floor":7,"turns":8},{"damage":32,"enemies":"Gremlin Nob","floor":11,"turns":5},{"damage":18,"enemies":"Exordium Thugs","floor":12,"turns":5},{"damage":67,"enemies":"Hexaghost","floor":16,"turns":13}],"seed_played":"-3256420424558288659","potions_obtained":[{"floor":5,"key":"FearPotion"},{"floor":7,"key":"SteroidPotion"},{"floor":12,"key":"Explosive Potion"}],"is_trial":false,"path_per_floor":["M","M","?","$","M","R","E","$","T","$","E","M","R","?","R"],"character_chosen":"IRONCLAD","items_purchased":["Flex"],"campfire_rested":1,"item_purchase_floors":[4],"current_hp_per_floor":[80,80,80,80,80,80,55,55,55,55,29,17,41,41,41,0],"gold":233,"neow_bonus":"","is_prod":false,"is_daily":false,"chose_seed":false,"campfire_upgraded":2,"win_rate":0,"timestamp":1534657567,"path_taken":["M","M","?","$","M","R","E","?","T","$","E","M","R","?","R","BOSS"],"build_version":"2018-08-16","purchased_purges":1,"victory":false,"max_hp_per_floor":[80,80,80,80,80,80,80,80,80,80,80,80,80,80,80,80],"card_choices":[{"not_picked":["Armaments","Carnage"],"picked":"Flex","floor":1},{"not_picked":["Rampage","Heavy Blade"],"picked":"Ghostly Armor","floor":2},{"not_picked":["Combust","Body Slam"],"picked":"Sword Boomerang","floor":5},{"not_picked":["Clash","Pummel"],"picked":"Whirlwind","floor":7},{"not_picked":["Sever Soul","Fiend Fire"],"picked":"Disarm","floor":11},{"not_picked":["Heavy Blade","Sever Soul"],"picked":"Cleave","floor":12}],"player_experience":104498,"relics_obtained":[{"floor":7,"key":"Bottled Flame"},{"floor":9,"key":"Pantograph"},{"floor":11,"key":"Potion Belt"}],"event_choices":[{"event_name":"The Cleric","player_choice":"Card Removal","floor":3,"damage_taken":0},{"event_name":"Liars Game","player_choice":"agreed","floor":14,"damage_taken":0}],"is_beta":false,"boss_relics":[],"items_purged_floors":[8],"is_endless":false,"potions_floor_spawned":[5,7,12],"killed_by":"Hexaghost","ascension_level":0}