{"gold_per_floor":[119,130,140,215,52,79,89,117,117,137,153,153,172,172,172,269,269],"floor_reached":17,"playtime":1202,"items_purged":["Strike_R"],"score":254,"play_id":"f2162730-4093-468a-84c9-7c98881cfadc","local_time":"20190216114004","daily_mods":["Diverse"],"is_ascension_mode":true,"campfire_choices":[{"data":"Uppercut","floor":12,"key":"SMITH"},{"data":"Rage","floor":15,"key":"SMITH"}],"neow_cost":"","seed_source_timestamp":0,"circlet_count":0,"master_deck":["AscendersBane","Bash","Rage+1","Sucker Punch","Headbutt","Go for the Eyes","Uppercut+1","Conserve Battery","Cloak And Dagger","Shrug It Off","Parasite","PiercingWail","Searing Blow","Leap","Pummel","Dark Embrace","Prepared","Hologram","Exhume"],"relics":["Burning Blood","Dream Catcher","Bottled Lightning","Bottled Flame","Pandora\u0027s Box"],"potions_floor_usage":[8,16],"damage_taken":[{"damage":11,"enemies":"2 Louse","floor":1,"turns":4},{"damage":11,"enemies":"Small Slimes","floor":2,"turns":4},{"damage":0,"enemies":"Cultist","floor":3,"turns":4},{"damage":33,"enemies":"3 Sentries","floor":6,"turns":8},{"damage":4,"enemies":"Exordium Thugs","floor":7,"turns":5},{"damage":21,"enemies":"Gremlin Nob","floor":8,"turns":5},{"damage":0,"enemies":"3 Louse","floor":10,"turns":3},{"damage":13,"enemies":"Large Slime","floor":11,"turns":7},{"damage":2,"enemies":"Looter","floor":13,"turns":4},{"damage":27,"enemies":"Hexaghost","floor":16,"turns":13}],"seed_played":"7322502464882599014","potions_obtained":[{"floor":3,"key":"EssenceOfSteel"},{"floor":7,"key":"Ancient Potion"},{"floor":10,"key":"Poison Potion"},{"floor":13,"key":"Strength Potion"},{"floor":16,"key":"GamblersBrew"}],"is_trial":true,"path_per_floor":["M","M","M","?","$","E","M","E","T","M","M","R","M","?","R","B",null],"character_chosen":"IRONCLAD","items_purchased":["Go for the Eyes","Uppercut"],"campfire_rested":0,"item_purchase_floors":[5,5],"current_hp_per_floor":[67,62,68,57,57,30,32,17,17,23,16,16,20,40,40,19,65],"gold":269,"neow_bonus":"","is_prod":false,"is_daily":false,"chose_seed":false,"campfire_upgraded":2,"win_rate":0,"timestamp":1550277604,"path_taken":["M","M","M","?","$","E","M","E","T","M","M","R","M","?","R","BOSS"],"build_version":"2019-01-23","purchased_purges":1,"victory":false,"max_hp_per_floor":[80,80,80,80,80,80,80,80,80,80,80,80,80,80,80,80,80],"card_choices":[{"not_picked":["Clothesline","Capacitor"],"picked":"Rage","floor":1},{"not_picked":["Poisoned Stab","Bloodletting"],"picked":"Sucker Punch","floor":2},{"not_picked":["Dodge and Roll","Skewer"],"picked":"Headbutt","floor":3},{"not_picked":["Cold Snap","Flex"],"picked":"Conserve Battery","floor":6},{"not_picked":["Self Repair","Backflip"],"picked":"Cloak And Dagger","floor":7},{"not_picked":["Redo","Stack","Choke"],"picked":"SKIP","floor":8},{"not_picked":["Flex","Feed"],"picked":"Shrug It Off","floor":10},{"not_picked":["Feel No Pain","Loop","Chaos"],"picked":"SKIP","floor":11},{"not_picked":["Compile Driver","Storm","Riddle With Holes"],"picked":"SKIP","floor":13}],"player_experience":718249,"relics_obtained":[{"floor":6,"key":"Dream Catcher"},{"floor":8,"key":"Bottled Lightning"},{"floor":9,"key":"Bottled Flame"}],"event_choices":[{"damage_healed":0,"gold_gain":75,"player_choice":"Gather Gold","damage_taken":11,"max_hp_gain":0,"max_hp_loss":0,"event_name":"World of Goop","floor":4,"gold_loss":0},{"damage_healed":20,"gold_gain":0,"player_choice":"Healed and dodged fight","damage_taken":0,"max_hp_gain":0,"max_hp_loss":0,"event_name":"Mushrooms","floor":14,"gold_loss":0,"cards_obtained":["Parasite"]}],"is_beta":false,"boss_relics":[{"not_picked":["Sozu","Empty Cage"],"picked":"Pandora\u0027s Box"}],"items_purged_floors":[5],"is_endless":false,"potions_floor_spawned":[3,7,10,13,16],"ascension_level":10}