{"gold_per_floor":[115,115,131,131,147,147,157,157,235,267,283,283,26,53,53,152,152,167,167,183,202,213,213,213,213,213,213,284,294,67,80,80,181,181,197,197,213,232,73,73,102,102,127,127],"floor_reached":44,"playtime":2134,"items_purged":["Strike_G","Strike_G"],"score":488,"play_id":"5c792d87-b2aa-4423-bb5b-56c36733b0ab","local_time":"20190306201440","is_ascension_mode":false,"campfire_choices":[{"data":"Neutralize","floor":6.0,"key":"SMITH"},{"data":"Crippling Poison","floor":12.0,"key":"SMITH"},{"data":"Well Laid Plans","floor":15.0,"key":"SMITH"},{"data":"Tactician","floor":23.0,"key":"SMITH"},{"data":"Poisoned Stab","floor":25.0,"key":"SMITH"},{"data":"Backflip","floor":27.0,"key":"SMITH"},{"data":"Cloak And Dagger","floor":32.0,"key":"SMITH"},{"data":"A Thousand Cuts","floor":40.0,"key":"SMITH"}],"neow_cost":"TEN_PERCENT_HP_LOSS","seed_source_timestamp":97910033255868,"circlet_count":0,"master_deck":["Defend_G","Defend_G","Defend_G","Defend_G","Defend_G","Strike_G","Survivor","Neutralize+1","Crippling Poison+1","Heel Hook","Backflip+1","Poisoned Stab+1","Adrenaline","Tactician+1","Adrenaline","Heel Hook","Well Laid Plans+1","Corpse Explosion","Flying Knee+1","Dagger Throw","Deflect+1","Bane+1","Escape Plan","Cloak And Dagger+1","Poisoned Stab","Deadly Poison","Slice+1","A Thousand Cuts+1","Catalyst","Distraction+1","PiercingWail","Malaise","Catalyst","Neutralize"],"special_seed":0,"relics":["Ring of the Serpent"],"potions_floor_usage":[44],"damage_taken":[{"damage":0.0,"enemies":"Small Slimes","floor":1.0,"turns":5.0},{"damage":0.0,"enemies":"Jaw Worm","floor":3.0,"turns":4.0},{"damage":0.0,"enemies":"Cultist","floor":5.0,"turns":4.0},{"damage":3.0,"enemies":"Exordium Wildlife","floor":7.0,"turns":7.0},{"damage":21.0,"enemies":"3 Sentries","floor":10.0,"turns":15.0},{"damage":0.0,"enemies":"Large Slime","floor":11.0,"turns":6.0},{"damage":0.0,"enemies":"The Mushroom Lair","floor":14.0,"turns":3.0},{"damage":0.0,"enemies":"The Guardian","floor":16.0,"turns":10.0},{"damage":5.0,"enemies":"2 Thieves","floor":18.0,"turns":3.0},{"damage":0.0,"enemies":"Chosen","floor":20.0,"turns":4.0},{"damage":7.0,"enemies":"Centurion and Healer","floor":21.0,"turns":5.0},{"damage":8.0,"enemies":"Snake Plant","floor":22.0,"turns":4.0},{"damage":7.0,"enemies":"Shelled Parasite and Fungi","floor":29.0,"turns":4.0},{"damage":0.0,"enemies":"Centurion and Healer","floor":31.0,"turns":4.0},{"damage":17.0,"enemies":"Automaton","floor":33.0,"turns":9.0},{"damage":9.0,"enemies":"3 Darklings","floor":35.0,"turns":3.0},{"damage":12.0,"enemies":"3 Shapes","floor":37.0,"turns":4.0},{"damage":5.0,"enemies":"Jaw Worm Horde","floor":38.0,"turns":3.0},{"damage":31.0,"enemies":"Nemesis","floor":41.0,"turns":5.0},{"damage":11,"enemies":"Reptomancer","floor":44,"turns":3}],"seed_played":"-6829536041053918138","potions_obtained":[{"floor":5.0,"key":"LiquidBronze"},{"floor":14.0,"key":"SpeedPotion"},{"floor":16.0,"key":"Dexterity Potion"},{"floor":21.0,"key":"Regen Potion"},{"floor":31.0,"key":"Swift Potion"},{"floor":41.0,"key":"Strength Potion"}],"is_trial":false,"path_per_floor":["M","?","M","?","M","R","M","T","T","E","M","R","$","?","R","B",null,"M","?","M","M","M","R","?","R","T","R","T","M","$","M","R","B",null,"M","?","M","M","$","R","E","?","T","E"],"character_chosen":"THE_SILENT","items_purchased":["Adrenaline","Heel Hook","Cloak And Dagger","Poisoned Stab","Deadly Poison","Malaise"],"campfire_rested":0,"item_purchase_floors":[13,13,30,30,30,39],"current_hp_per_floor":[63,63,63,63,63,63,60,60,60,39,39,39,39,39,39,39,63,58,47,47,40,32,32,32,32,32,32,32,37,37,37,37,20,68,59,59,47,42,42,42,11,11,11,0],"gold":127,"neow_bonus":"REMOVE_TWO","is_prod":false,"is_daily":false,"chose_seed":false,"campfire_upgraded":8,"win_rate":0,"timestamp":1551921280,"path_taken":["M","?","M","?","M","R","?","?","T","E","M","R","$","?","R","BOSS","M","?","M","M","M","R","?","R","T","R","?","M","$","M","R","BOSS","M","?","M","M","$","R","E","?","T","E"],"build_version":"2019-01-23","purchased_purges":2,"victory":false,"max_hp_per_floor":[63,63,63,63,63,63,63,63,63,63,63,63,63,63,63,63,63,63,68,68,68,68,68,68,68,68,68,68,68,68,68,68,68,68,68,68,68,68,68,68,68,68,68,68],"card_choices":[{"not_picked":["Slice","Catalyst"],"picked":"Crippling Poison","floor":1.0},{"not_picked":["Prepared","Backflip"],"picked":"Heel Hook","floor":3.0},{"not_picked":["Masterful Stab","Prepared"],"picked":"Backflip","floor":5.0},{"not_picked":["Outmaneuver","PiercingWail"],"picked":"Poisoned Stab","floor":7.0},{"not_picked":["Heel Hook","Choke"],"picked":"Adrenaline","floor":10.0},{"not_picked":["Riddle With Holes","Dagger Throw"],"picked":"Tactician","floor":11.0},{"not_picked":["Calculated Gamble","Infinite Blades"],"picked":"Well Laid Plans","floor":14.0},{"not_picked":["Doppelganger","Unload"],"picked":"Corpse Explosion","floor":16.0},{"not_picked":["Concentrate","Deadly Poison"],"picked":"Flying Knee+1","floor":18.0},{"not_picked":["Slice","PiercingWail"],"picked":"Dagger Throw","floor":20.0},{"not_picked":["Quick Slash+1","Acrobatics"],"picked":"Deflect+1","floor":21.0},{"not_picked":["Heel Hook+1","Infinite Blades+1"],"picked":"Bane+1","floor":22.0},{"not_picked":["Distraction","Blade Dance"],"picked":"Escape Plan","floor":29.0},{"not_picked":["Accuracy","Dagger Throw"],"picked":"Slice+1","floor":31.0},{"not_picked":["Unload","Doppelganger"],"picked":"A Thousand Cuts","floor":33.0},{"not_picked":["Poisoned Stab","Endless Agony"],"picked":"Catalyst","floor":35.0},{"not_picked":["Well Laid Plans","Dagger Spray+1"],"picked":"Distraction+1","floor":37.0},{"not_picked":["Dodge and Roll+1","Acrobatics+1"],"picked":"PiercingWail","floor":38.0},{"not_picked":["Backflip","Poisoned Stab+1"],"picked":"Catalyst","floor":41.0}],"player_experience":697613,"relics_obtained":[],"event_choices":[{"damage_healed":0.0,"max_hp_gain":0.0,"max_hp_loss":0.0,"gold_gain":0.0,"event_name":"Liars Game","player_choice":"Ignored","floor":2.0,"gold_loss":0.0,"damage_taken":0.0},{"damage_healed":0.0,"max_hp_gain":0.0,"max_hp_loss":0.0,"gold_gain":0.0,"event_name":"Wheel of Change","player_choice":"Relic","floor":4.0,"gold_loss":0.0,"damage_taken":0.0},{"damage_healed":0.0,"max_hp_gain":0.0,"max_hp_loss":0.0,"gold_gain":0.0,"event_name":"Mushrooms","player_choice":"Fought Mushrooms","floor":14.0,"gold_loss":0.0,"damage_taken":0.0},{"damage_healed":0.0,"max_hp_gain":5.0,"max_hp_loss":0.0,"gold_gain":0.0,"event_name":"Forgotten Altar","player_choice":"Shed Blood","floor":19.0,"gold_loss":0.0,"damage_taken":16.0},{"damage_healed":0.0,"max_hp_gain":0.0,"max_hp_loss":0.0,"gold_gain":0.0,"event_name":"Tomb of Lord Red Mask","player_choice":"Ignored","floor":36.0,"gold_loss":0.0,"damage_taken":0.0},{"damage_healed":0.0,"max_hp_gain":0.0,"max_hp_loss":0.0,"gold_gain":0.0,"event_name":"Match and Keep!","player_choice":"1 cards matched","floor":42.0,"gold_loss":0.0,"damage_taken":0.0,"cards_obtained":["Neutralize"]}],"is_beta":false,"boss_relics":[{"not_picked":["Lizard Tail","Empty Cage"],"picked":"Ring of the Serpent"},{"not_picked":["Snecko Eye","Orrery","Fusion Hammer"]}],"items_purged_floors":[13,30],"is_endless":false,"potions_floor_spawned":[5,14,16,21,22,31,35,37,41],"killed_by":"Reptomancer","ascension_level":0}