{"gold_per_floor":[113,113,126,141,154,154,182,200,246,246,246,246,262,285,285,410,410,431,431,66,166,180,180,180],"floor_reached":24,"playtime":1676,"items_purged":["Concentrate+1"],"score":218,"play_id":"10614dd3-4351-4553-abe1-7ccbbd529bd8","local_time":"20190228200920","is_ascension_mode":true,"campfire_choices":[{"floor":6,"key":"RECALL"},{"floor":10,"key":"REST"},{"floor":15,"key":"REST"},{"data":"Noxious Fumes","floor":23,"key":"SMITH"}],"neow_cost":"NONE","seed_source_timestamp":245879969208355,"circlet_count":0,"master_deck":["Defend_G","Defend_G","Defend_G","Defend_G","Defend_G","Strike_G","Strike_G","Strike_G","Survivor","Neutralize","Endless Agony","Noxious Fumes+1","Backflip","Bouncing Flask","Dagger Spray","Quick Slash","Flying Knee","Underhanded Strike","Adrenaline","PiercingWail","Poisoned Stab"],"relics":["Ring of the Snake","Snake Skull","Golden Idol","Philosopher\u0027s Stone","Singing Bowl"],"potions_floor_usage":[5,7,13,16,22,24],"damage_taken":[{"damage":2,"enemies":"2 Louse","floor":1,"turns":3},{"damage":0,"enemies":"Cultist","floor":3,"turns":4},{"damage":4,"enemies":"Small Slimes","floor":4,"turns":4},{"damage":0,"enemies":"3 Louse","floor":5,"turns":1},{"damage":18,"enemies":"Gremlin Nob","floor":7,"turns":5},{"damage":8,"enemies":"Exordium Thugs","floor":8,"turns":4},{"damage":0,"enemies":"Blue Slaver","floor":13,"turns":3},{"damage":2,"enemies":"2 Fungi Beasts","floor":14,"turns":3},{"damage":51,"enemies":"Slime Boss","floor":16,"turns":9},{"damage":24,"enemies":"Spheric Guardian","floor":18,"turns":4},{"damage":7,"enemies":"Shell Parasite","floor":22,"turns":4},{"damage":70,"enemies":"Slavers","floor":24,"turns":4}],"seed_played":"1951105495021734906","potions_obtained":[{"floor":1,"key":"Explosive Potion"},{"floor":5,"key":"Dexterity Potion"},{"floor":7,"key":"Strength Potion"},{"floor":14,"key":"PowerPotion"},{"floor":18,"key":"EssenceOfSteel"},{"floor":22,"key":"Energy Potion"}],"is_trial":false,"path_per_floor":["M","?","M","M","M","R","E","M","T","R","?","?","M","M","R","B",null,"M","?","$","?","M","R","E"],"character_chosen":"THE_SILENT","items_purchased":["Singing Bowl","Poisoned Stab"],"campfire_rested":2,"item_purchase_floors":[20,20],"current_hp_per_floor":[68,68,68,64,64,64,46,38,38,59,42,35,35,33,54,3,70,46,69,69,69,64,64,0],"gold":180,"neow_bonus":"TRANSFORM_CARD","is_prod":false,"is_daily":false,"chose_seed":false,"campfire_upgraded":1,"win_rate":0,"timestamp":1551395360,"path_taken":["M","?","?","M","M","R","E","M","T","R","?","?","?","M","R","BOSS","M","?","$","?","?","R","E"],"build_version":"2019-01-23","purchased_purges":1,"victory":false,"max_hp_per_floor":[70,70,70,70,70,70,70,70,70,70,70,70,70,70,70,70,70,70,70,70,70,72,72,72],"card_choices":[{"not_picked":["Dodge and Roll","Dagger Throw"],"picked":"Concentrate","floor":1},{"not_picked":["PiercingWail","Leg Sweep"],"picked":"Noxious Fumes","floor":3},{"not_picked":["PiercingWail","Endless Agony"],"picked":"Backflip","floor":4},{"not_picked":["Skewer","Catalyst"],"picked":"Bouncing Flask","floor":5},{"not_picked":["After Image","Caltrops"],"picked":"Dagger Spray","floor":7},{"not_picked":["Backflip","Prepared"],"picked":"Quick Slash","floor":8},{"not_picked":["Dodge and Roll","Backflip"],"picked":"Flying Knee","floor":13},{"not_picked":["Well Laid Plans","Deadly Poison"],"picked":"Underhanded Strike","floor":14},{"not_picked":["Storm of Steel","Glass Knife"],"picked":"Adrenaline","floor":16},{"not_picked":["Quick Slash+1","Flying Knee"],"picked":"PiercingWail","floor":18},{"not_picked":["Deflect","Dagger Throw","Slice"],"picked":"Singing Bowl","floor":22}],"player_experience":143237,"relics_obtained":[{"floor":7,"key":"Snake Skull"}],"event_choices":[{"damage_healed":0,"gold_gain":0,"player_choice":"Upgraded","damage_taken":0,"max_hp_gain":0,"max_hp_loss":0,"event_name":"Upgrade Shrine","floor":2,"gold_loss":0,"cards_upgraded":["Concentrate"]},{"damage_healed":0,"gold_gain":0,"player_choice":"Take Damage","damage_taken":17,"relics_obtained":["Golden Idol"],"max_hp_gain":0,"max_hp_loss":0,"event_name":"Golden Idol","floor":11,"gold_loss":0},{"cards_removed":["Strike_G"],"damage_healed":0,"gold_gain":0,"player_choice":"Card Removal","damage_taken":7,"max_hp_gain":0,"max_hp_loss":0,"event_name":"Golden Wing","floor":12,"gold_loss":0},{"damage_healed":23,"gold_gain":0,"player_choice":"Heal","damage_taken":0,"max_hp_gain":0,"max_hp_loss":0,"event_name":"The Library","floor":19,"gold_loss":0},{"damage_healed":0,"gold_gain":100,"player_choice":"Pray","damage_taken":0,"max_hp_gain":0,"max_hp_loss":0,"event_name":"Golden Shrine","floor":21,"gold_loss":0}],"is_beta":false,"boss_relics":[{"not_picked":["Fusion Hammer","Astrolabe"],"picked":"Philosopher\u0027s Stone"}],"items_purged_floors":[20],"is_endless":false,"potions_floor_spawned":[1,5,7,14,18,22],"killed_by":"Slavers","ascension_level":2}