{"gold_per_floor":[209,221,236,236,53,87,99,99,99,133,143,176,199,217,217,294,294,312,312,312,197,210,210],"floor_reached":23,"playtime":1044,"items_purged":["Strike_R"],"score":359,"play_id":"a3f45b40-4add-4e3a-b9c1-0f2d6d64da73","local_time":"20190307215032","is_ascension_mode":true,"campfire_choices":[{"data":"Mayhem","floor":8.0,"key":"SMITH"},{"data":"Flex","floor":15.0,"key":"SMITH"}],"neow_cost":"NONE","seed_source_timestamp":0,"circlet_count":0,"master_deck":["AscendersBane","Strike_R","Strike_R","Strike_R","Defend_R","Defend_R","Defend_R","Defend_R","Bash","Flex+1","Shrug It Off","Dropkick","Mayhem+1","Ghostly Armor","Inflame","Heavy Blade","Cleave","Dropkick","Shrug It Off","Pummel","Impervious","Inflame","Inflame","Thunderclap"],"special_seed":0,"relics":["Burning Blood","Charon\u0027s Ashes","Pantograph","Bottled Lightning","Happy Flower","Odd Mushroom","Sozu"],"potions_floor_usage":[],"damage_taken":[{"damage":6.0,"enemies":"Cultist","floor":1.0,"turns":3.0},{"damage":0.0,"enemies":"2 Louse","floor":2.0,"turns":3.0},{"damage":0.0,"enemies":"Jaw Worm","floor":3.0,"turns":3.0},{"damage":51.0,"enemies":"Gremlin Nob","floor":6.0,"turns":5.0},{"damage":3.0,"enemies":"Blue Slaver","floor":7.0,"turns":4.0},{"damage":5.0,"enemies":"3 Sentries","floor":10.0,"turns":6.0},{"damage":9.0,"enemies":"2 Fungi Beasts","floor":11.0,"turns":4.0},{"damage":26.0,"enemies":"Gremlin Nob","floor":12.0,"turns":4.0},{"damage":0.0,"enemies":"The Mushroom Lair","floor":13.0,"turns":3.0},{"damage":1.0,"enemies":"Looter","floor":14.0,"turns":2.0},{"damage":25,"enemies":"Hexaghost","floor":16,"turns":9},{"damage":31,"enemies":"2 Thieves","floor":18,"turns":5},{"damage":11,"enemies":"Spheric Guardian","floor":22,"turns":3},{"damage":38,"enemies":"Slavers","floor":23,"turns":2}],"seed_played":"-7621633573059431251","potions_obtained":[{"floor":1.0,"key":"Regen Potion"},{"floor":7.0,"key":"PowerPotion"},{"floor":12.0,"key":"Energy Potion"},{"floor":13.0,"key":"Fire Potion"}],"is_trial":false,"path_per_floor":["M","M","M","?","$","E","M","R","T","E","M","E","?","M","R","B",null,"M","?","?","$","M","E"],"character_chosen":"IRONCLAD","items_purchased":["Mayhem","Inflame"],"campfire_rested":0,"item_purchase_floors":[5,21],"current_hp_per_floor":[68,74,75,75,75,30,33,33,33,49,46,26,32,37,37,43,67,42,42,42,42,37,0],"gold":210,"neow_bonus":"HUNDRED_GOLD","is_prod":false,"is_daily":false,"chose_seed":false,"campfire_upgraded":2,"win_rate":0,"timestamp":1551984632,"path_taken":["M","?","M","?","$","E","M","R","T","E","?","E","?","M","R","BOSS","M","?","?","$","M","E"],"build_version":"2019-01-23","purchased_purges":1,"victory":false,"max_hp_per_floor":[75,75,75,75,75,75,75,75,75,75,75,75,75,75,75,75,75,75,75,75,75,75,75],"card_choices":[{"not_picked":["Sentinel","Perfected Strike"],"picked":"Flex","floor":1.0},{"not_picked":["Warcry","True Grit"],"picked":"Shrug It Off","floor":2.0},{"not_picked":["Thunderclap","Fire Breathing"],"picked":"Dropkick","floor":3.0},{"not_picked":["Armaments","Headbutt"],"picked":"Ghostly Armor","floor":6.0},{"not_picked":["Ghostly Armor","Burning Pact"],"picked":"Inflame","floor":7.0},{"not_picked":["Combust","Headbutt"],"picked":"Heavy Blade","floor":10.0},{"not_picked":["Armaments","Clothesline"],"picked":"Cleave","floor":11.0},{"not_picked":["Reaper","Ghostly Armor"],"picked":"Dropkick","floor":12.0},{"not_picked":["Body Slam","True Grit"],"picked":"Shrug It Off","floor":13.0},{"not_picked":["Sentinel","Clash"],"picked":"Pummel","floor":14.0},{"not_picked":["Barricade","Dark Embrace"],"picked":"Impervious","floor":16},{"not_picked":["Armaments","Perfected Strike","Combust"],"picked":"SKIP","floor":18},{"not_picked":["Clash","Pommel Strike"],"picked":"Thunderclap","floor":22}],"player_experience":388523,"relics_obtained":[{"floor":6.0,"key":"Charon\u0027s Ashes"},{"floor":9.0,"key":"Pantograph"},{"floor":10.0,"key":"Bottled Lightning"},{"floor":12.0,"key":"Happy Flower"},{"floor":13.0,"key":"Odd Mushroom"}],"event_choices":[{"cards_removed":["Strike_R"],"damage_healed":0.0,"max_hp_gain":0.0,"max_hp_loss":0.0,"gold_gain":0.0,"event_name":"Bonfire Elementals","player_choice":"Offered Basic","floor":4.0,"gold_loss":0.0,"damage_taken":0.0},{"damage_healed":0.0,"max_hp_gain":0.0,"max_hp_loss":0.0,"gold_gain":0.0,"event_name":"Mushrooms","player_choice":"Fought Mushrooms","floor":13.0,"gold_loss":0.0,"damage_taken":0.0},{"damage_healed":0,"gold_gain":0,"player_choice":"Ignored","damage_taken":0,"max_hp_gain":0,"max_hp_loss":0,"event_name":"Beggar","floor":19,"gold_loss":0},{"damage_healed":0,"gold_gain":0,"player_choice":"Read","damage_taken":0,"max_hp_gain":0,"max_hp_loss":0,"event_name":"The Library","floor":20,"gold_loss":0,"cards_obtained":["Inflame"]}],"is_beta":false,"boss_relics":[{"not_picked":["Lizard Tail","Fusion Hammer"],"picked":"Sozu"}],"items_purged_floors":[21],"is_endless":false,"potions_floor_spawned":[1,7,12,13],"killed_by":"Slavers","ascension_level":14}