{"gold_per_floor":[113,126,126,126,138,172,182,182,182,202,157,173,173],"floor_reached":13,"playtime":949,"items_purged":[],"score":100,"play_id":"0658c643-9f42-42c0-ba79-327156a45327","local_time":"20190306170537","is_ascension_mode":true,"campfire_choices":[],"neow_cost":"NONE","seed_source_timestamp":1811540511886100,"circlet_count":0,"master_deck":["Defend_G","Defend_G","Defend_G","Defend_G","Defend_G","Strike_G","Strike_G","Strike_G","Strike_G","Survivor","Neutralize","Outmaneuver","Acrobatics","Backflip","Leg Sweep","Cloak And Dagger","Accuracy","Predator","Noxious Fumes"],"relics":["Ring of the Snake","NeowsBlessing","Ancient Tea Set","Letter Opener","Lantern"],"potions_floor_usage":[6,6,6,11,13],"damage_taken":[{"damage":0,"enemies":"Cultist","floor":1,"turns":1},{"damage":0,"enemies":"Jaw Worm","floor":2,"turns":1},{"damage":0,"enemies":"2 Louse","floor":5,"turns":1},{"damage":37,"enemies":"Gremlin Nob","floor":6,"turns":7},{"damage":18,"enemies":"2 Fungi Beasts","floor":7,"turns":8},{"damage":0,"enemies":"Blue Slaver","floor":10,"turns":6},{"damage":0,"enemies":"Looter","floor":11,"turns":5},{"damage":2,"enemies":"3 Louse","floor":12,"turns":4},{"damage":0,"enemies":"Exordium Wildlife","floor":13,"turns":4}],"seed_played":"-9071464717116107536","potions_obtained":[{"floor":2,"key":"EssenceOfSteel"},{"floor":4,"key":"Block Potion"},{"floor":4,"key":"Explosive Potion"},{"floor":7,"key":"Energy Potion"},{"floor":10,"key":"SkillPotion"}],"is_trial":false,"path_per_floor":["M","M","?","?","M","E","M","?","T","M","M","M","M"],"character_chosen":"THE_SILENT","items_purchased":[],"campfire_rested":0,"item_purchase_floors":[],"current_hp_per_floor":[70,70,70,70,70,33,15,3,3,3,3,1,1],"gold":173,"neow_bonus":"THREE_ENEMY_KILL","is_prod":false,"is_daily":false,"chose_seed":false,"campfire_upgraded":0,"win_rate":0,"timestamp":1551920737,"path_taken":["M","M","?","?","?","E","M","?","T","M","M","M","M"],"build_version":"2019-01-23","purchased_purges":0,"victory":false,"max_hp_per_floor":[70,70,70,70,70,70,70,70,70,70,70,70,70],"card_choices":[{"not_picked":["PiercingWail","Blade Dance"],"picked":"Outmaneuver","floor":1},{"not_picked":["PiercingWail","Bane"],"picked":"Acrobatics","floor":2},{"not_picked":["Quick Slash","Infinite Blades"],"picked":"Backflip","floor":5},{"not_picked":["Caltrops","Envenom"],"picked":"Leg Sweep","floor":6},{"not_picked":["Dodge and Roll","Sucker Punch"],"picked":"Cloak And Dagger","floor":7},{"not_picked":["PiercingWail","Caltrops"],"picked":"Accuracy","floor":10},{"not_picked":["Expertise","Deadly Poison"],"picked":"Predator","floor":11},{"not_picked":["Predator","Leg Sweep"],"picked":"Noxious Fumes","floor":12}],"player_experience":215171,"relics_obtained":[{"floor":6,"key":"Ancient Tea Set"},{"floor":9,"key":"Lantern"}],"event_choices":[{"cards_removed":["Strike_G"],"damage_healed":0,"gold_gain":0,"player_choice":"Forget","damage_taken":0,"max_hp_gain":0,"max_hp_loss":0,"event_name":"Living Wall","floor":3,"gold_loss":0},{"damage_healed":0,"gold_gain":0,"player_choice":"Got Potions","damage_taken":0,"max_hp_gain":0,"max_hp_loss":0,"event_name":"Lab","floor":4,"gold_loss":0},{"damage_healed":0,"gold_gain":0,"player_choice":"Success","damage_taken":12,"relics_obtained":["Letter Opener"],"max_hp_gain":0,"max_hp_loss":0,"event_name":"Scrap Ooze","floor":8,"gold_loss":0}],"is_beta":false,"boss_relics":[],"items_purged_floors":[],"is_endless":false,"potions_floor_spawned":[2,7,10],"killed_by":"Exordium Wildlife","ascension_level":3}