{"gold_per_floor":[117,117,128,128,53,53,82,96,96,96,129,146,197,49,61,171,183,213,225,285,315,327,339,386,398,433,459,51,51],"floor_reached":29,"playtime":1816,"items_purged":["Strike_B"],"score":274,"play_id":"617b6aa1-7614-4a0f-8b26-ce7b001b8587","local_time":"20180918134608","is_ascension_mode":false,"campfire_choices":[{"data":"Core Surge","floor":6,"key":"SMITH"},{"data":"Go for the Eyes","floor":15,"key":"SMITH"},{"data":"RitualDagger","floor":25,"key":"SMITH"}],"neow_cost":"","seed_source_timestamp":62738392407771,"circlet_count":0,"master_deck":["Strike_B","Strike_B","Strike_B","Defend_B","Defend_B","Defend_B","Defend_B","Zap","Dualcast","Gash+1","Hello World+1","Go for the Eyes+1","Turbo","Biased Cognition","Storm","Hyperbeam","Storm","White Noise","Ball Lightning","RitualDagger+1","Loop+1","Thunder Strike","Apotheosis+1","Loop+1","Enlightenment+1"],"relics":["Cracked Core","Ginger","Strawberry","StoneCalendar","Centennial Puzzle","Boot","MawBank","Black Star","Ancient Tea Set","Toxic Egg 2","Frozen Egg 2","Dream Catcher"],"potions_floor_usage":[16,16,24,29,29],"damage_taken":[{"damage":0,"enemies":"Small Slimes","floor":1,"turns":3},{"damage":8,"enemies":"2 Louse","floor":3,"turns":3},{"damage":23,"enemies":"Lagavulin","floor":7,"turns":5},{"damage":0,"enemies":"Cultist","floor":8,"turns":2},{"damage":30,"enemies":"3 Sentries","floor":11,"turns":7},{"damage":11,"enemies":"Lots of Slimes","floor":12,"turns":3},{"damage":34,"enemies":"Hexaghost","floor":16,"turns":9},{"damage":15,"enemies":"Shell Parasite","floor":18,"turns":3},{"damage":10,"enemies":"3 Byrds","floor":21,"turns":3},{"damage":38,"enemies":"Book of Stabbing","floor":24,"turns":4},{"damage":16,"enemies":"Centurion and Healer","floor":27,"turns":3},{"damage":15,"enemies":"Masked Bandits","floor":29,"turns":2}],"seed_played":"35911148037770707","potions_obtained":[{"floor":3,"key":"Regen Potion"},{"floor":11,"key":"FocusPotion"},{"floor":16,"key":"FocusPotion"},{"floor":21,"key":"LiquidBronze"},{"floor":27,"key":"AttackPotion"}],"is_trial":false,"path_per_floor":["M","?","M","?","$","R","E","M","T","?","E","M","T","$","R","B",null,"M","?","T","M","$","?","E","R","T","M","$"],"character_chosen":"DEFECT","items_purchased":["Core Surge","MawBank","Apotheosis+1","Loop+1","Enlightenment+1"],"campfire_rested":0,"item_purchase_floors":[5,14,28,28,28],"current_hp_per_floor":[75,57,49,34,34,34,18,18,18,92,62,51,51,51,51,32,92,77,77,77,67,67,61,23,23,23,7,7,0],"gold":51,"neow_bonus":"","is_prod":false,"is_daily":false,"chose_seed":false,"campfire_upgraded":3,"win_rate":0,"timestamp":1537303568,"path_taken":["M","?","?","?","$","R","E","M","T","?","E","M","?","$","R","BOSS","M","?","?","?","$","?","E","R","T","?","?","?"],"build_version":"2018-09-06","purchased_purges":1,"victory":false,"max_hp_per_floor":[75,75,75,75,75,75,82,82,82,92,92,92,92,92,92,92,92,92,92,92,92,92,92,92,92,92,92,92,92],"card_choices":[{"not_picked":["Coolheaded","Ball Lightning"],"picked":"Gash","floor":1},{"not_picked":["Capacitor","Compile Driver"],"picked":"Hello World","floor":3},{"not_picked":["Reprogram","Blizzard"],"picked":"Go for the Eyes","floor":7},{"not_picked":["Leap","Cold Snap"],"picked":"Turbo","floor":8},{"not_picked":["Blizzard","Stack"],"picked":"Biased Cognition","floor":11},{"not_picked":["Hologram","Sweeping Beam"],"picked":"Storm","floor":12},{"not_picked":["Multi-Cast","Rainbow"],"picked":"Hyperbeam","floor":16},{"not_picked":["Stack","Coolheaded"],"picked":"Storm","floor":18},{"not_picked":["Stack","Rebound"],"picked":"Ball Lightning","floor":21},{"not_picked":["Leap","Reinforced Body"],"picked":"Loop","floor":24},{"not_picked":["Rebound","Cold Snap"],"picked":"Thunder Strike","floor":27}],"player_experience":131627,"relics_obtained":[{"floor":7,"key":"Strawberry"},{"floor":9,"key":"StoneCalendar"},{"floor":11,"key":"Centennial Puzzle"},{"floor":13,"key":"Boot"},{"floor":20,"key":"Ancient Tea Set"},{"floor":24,"key":"Toxic Egg 2"},{"floor":24,"key":"Frozen Egg 2"},{"floor":26,"key":"Dream Catcher"}],"event_choices":[{"event_name":"Scrap Ooze","player_choice":"success","floor":2,"damage_taken":18},{"event_name":"Shining Light","player_choice":"Entered Light","floor":4,"damage_taken":0},{"event_name":"Bonfire Elementals","player_choice":"RARE","floor":10,"damage_taken":0},{"event_name":"The Library","player_choice":"Read","floor":19,"damage_taken":0},{"event_name":"Nest","player_choice":"Joined the Cult","floor":23,"damage_taken":0},{"event_name":"Masked Bandits","player_choice":"Fought Bandits","floor":29,"damage_taken":0}],"is_beta":false,"boss_relics":[{"not_picked":["Pandora\u0027s Box","Runic Pyramid"],"picked":"Black Star"}],"items_purged_floors":[28],"is_endless":false,"potions_floor_spawned":[3,11,16,21,27],"killed_by":"Masked Bandits","ascension_level":0}