{"gold_per_floor":[114,126,143,143,43,43,59,78,78,129,129,29,44,54,54,54],"floor_reached":16,"playtime":323,"items_purged":["Defend_R","Flex"],"score":94,"play_id":"225280c7-b493-4a51-bba4-5fab6cb847c0","local_time":"20180822190138","is_ascension_mode":false,"campfire_choices":[{"data":"Flex","floor":6,"key":"SMITH"},{"data":"Heavy Blade","floor":15,"key":"SMITH"}],"neow_cost":"NONE","seed_source_timestamp":75387096639920,"circlet_count":0,"master_deck":["Strike_R","Strike_R+1","Strike_R","Strike_R","Strike_R","Defend_R","Defend_R+1","Bash","Double Tap","Sword Boomerang","Flex+1","Heavy Blade+1"],"relics":["Burning Blood","Letter Opener","Red Skull"],"potions_floor_usage":[16,16],"damage_taken":[{"damage":6,"enemies":"Cultist","floor":1,"turns":3},{"damage":2,"enemies":"Small Slimes","floor":2,"turns":4},{"damage":5,"enemies":"2 Louse","floor":3,"turns":3},{"damage":16,"enemies":"Large Slime","floor":7,"turns":4},{"damage":25,"enemies":"Exordium Wildlife","floor":8,"turns":3},{"damage":0,"enemies":"Exordium Thugs","floor":13,"turns":2},{"damage":7,"enemies":"Blue Slaver","floor":14,"turns":2},{"damage":33,"enemies":"The Guardian","floor":16,"turns":7}],"seed_played":"-2106617921631270891","potions_obtained":[{"floor":2,"key":"Fire Potion"},{"floor":8,"key":"GamblersBrew"},{"floor":14,"key":"SteroidPotion"}],"is_trial":false,"path_per_floor":["M","M","M","?","$","R","M","M","T","T","?","$","M","M","R"],"character_chosen":"IRONCLAD","items_purchased":["Flex"],"campfire_rested":0,"item_purchase_floors":[5],"current_hp_per_floor":[80,80,80,73,73,73,63,44,44,44,28,28,34,33,33,0],"gold":54,"neow_bonus":"ONE_RANDOM_RARE_CARD","is_prod":false,"is_daily":false,"chose_seed":false,"campfire_upgraded":2,"win_rate":0,"timestamp":1534978898,"path_taken":["M","M","?","?","?","R","M","M","T","?","?","$","M","?","R","BOSS"],"build_version":"2018-08-16","purchased_purges":2,"victory":false,"max_hp_per_floor":[80,80,80,80,80,80,80,80,80,80,80,80,80,80,80,80],"card_choices":[{"not_picked":["Thunderclap","Metallicize"],"picked":"Sword Boomerang","floor":1},{"not_picked":["Armaments","Wild Strike","Iron Wave"],"picked":"SKIP","floor":2},{"not_picked":["Headbutt","Reaper"],"picked":"Flex","floor":3},{"not_picked":["Entrench","Carnage","Havoc"],"picked":"SKIP","floor":7},{"not_picked":["Clash","Blood for Blood","Warcry"],"picked":"SKIP","floor":8},{"not_picked":["Entrench","Thunderclap","Fire Breathing"],"picked":"SKIP","floor":13},{"not_picked":["Havoc","Headbutt"],"picked":"Heavy Blade","floor":14}],"player_experience":139422,"relics_obtained":[{"floor":9,"key":"Letter Opener"},{"floor":10,"key":"Red Skull"}],"event_choices":[{"event_name":"Golden Wing","player_choice":"Card Removal","floor":4,"damage_taken":0},{"event_name":"Shining Light","player_choice":"Entered Light","floor":11,"damage_taken":0}],"is_beta":false,"boss_relics":[],"items_purged_floors":[5,12],"is_endless":false,"potions_floor_spawned":[2,8,14],"killed_by":"The Guardian","ascension_level":0}