{"gold_per_floor":[111,126,137,149,10,36,54,54,78,88,38,38,38,62,62,182,182,202,222,1,25,44,44],"floor_reached":23,"playtime":1369,"items_purged":["Strike_B"],"score":197,"play_id":"7e378ce6-6759-403f-8a8f-61ffc022c254","local_time":"20190303103318","is_ascension_mode":false,"campfire_choices":[{"floor":8,"key":"REST"},{"data":"Defragment","floor":12,"key":"SMITH"},{"data":"Defragment","floor":15,"key":"SMITH"}],"neow_cost":"NONE","seed_source_timestamp":56065719915909,"circlet_count":0,"master_deck":["Strike_B","Strike_B","Defend_B","Defend_B","Defend_B","Defend_B","Zap","Dualcast","Defragment+1","Coolheaded","Darkness","Ball Lightning","Rainbow","FTL","Defragment+1","Ball Lightning","Reboot","Echo Form","Redo","Coolheaded","Loop","Cold Snap","Ball Lightning","Blizzard","Redo"],"relics":["Philosopher\u0027s Stone","Mercury Hourglass","Pen Nib","Golden Idol","Inserter"],"potions_floor_usage":[2,16,22,23],"damage_taken":[{"damage":7,"enemies":"Small Slimes","floor":1,"turns":5},{"damage":4,"enemies":"Jaw Worm","floor":2,"turns":4},{"damage":1,"enemies":"2 Louse","floor":3,"turns":3},{"damage":6,"enemies":"Red Slaver","floor":4,"turns":4},{"damage":3,"enemies":"3 Sentries","floor":6,"turns":5},{"damage":10,"enemies":"Blue Slaver","floor":7,"turns":3},{"damage":7,"enemies":"2 Fungi Beasts","floor":10,"turns":2},{"damage":5,"enemies":"Exordium Wildlife","floor":14,"turns":3},{"damage":21,"enemies":"Hexaghost","floor":16,"turns":7},{"damage":7,"enemies":"Chosen","floor":18,"turns":3},{"damage":0,"enemies":"Spheric Guardian","floor":19,"turns":3},{"damage":5,"enemies":"Cultist and Chosen","floor":21,"turns":5},{"damage":17,"enemies":"Centurion and Healer","floor":22,"turns":5},{"damage":47,"enemies":"Slavers","floor":23,"turns":3}],"seed_played":"3480521576108556147","potions_obtained":[{"floor":1,"key":"FearPotion"},{"floor":3,"key":"EssenceOfSteel"},{"floor":7,"key":"SpeedPotion"},{"floor":16,"key":"Fire Potion"},{"floor":19,"key":"Ancient Potion"},{"floor":21,"key":"Dexterity Potion"}],"is_trial":false,"path_per_floor":["M","M","M","M","$","E","M","R","T","M","?","R","?","M","R","B",null,"M","M","$","M","M","E"],"character_chosen":"DEFECT","items_purchased":["Rainbow","Loop","Cold Snap","Ball Lightning"],"campfire_rested":1,"item_purchase_floors":[5,20,20,20],"current_hp_per_floor":[68,64,63,57,57,54,44,66,66,59,59,59,59,54,54,33,69,62,62,62,57,40,0],"gold":44,"neow_bonus":"BOSS_RELIC","is_prod":false,"is_daily":false,"chose_seed":false,"campfire_upgraded":2,"win_rate":0.0,"timestamp":1551576798,"path_taken":["M","M","M","M","$","E","M","R","T","M","?","R","?","M","R","BOSS","M","M","$","M","M","E"],"build_version":"2019-01-23","purchased_purges":1,"victory":false,"max_hp_per_floor":[75,75,75,75,75,75,75,75,75,75,75,75,69,69,69,69,69,69,69,69,69,69,69],"card_choices":[{"not_picked":["Heatsinks","Redo"],"picked":"Defragment","floor":1},{"not_picked":["Go for the Eyes","Compile Driver"],"picked":"Coolheaded","floor":2},{"not_picked":["Barrage","Conserve Battery"],"picked":"Darkness","floor":3},{"not_picked":["Fusion","Steam"],"picked":"Ball Lightning","floor":4},{"not_picked":["Streamline","Gash"],"picked":"FTL","floor":6},{"not_picked":["Leap","Steam"],"picked":"Defragment","floor":7},{"not_picked":["Sweeping Beam","Steam"],"picked":"Ball Lightning","floor":10},{"not_picked":["Rebound","Barrage"],"picked":"Reboot","floor":14},{"not_picked":["Fission","Amplify"],"picked":"Echo Form","floor":16},{"not_picked":["Steam Power+1","Gash"],"picked":"Redo","floor":18},{"not_picked":["Streamline+1","White Noise"],"picked":"Coolheaded","floor":19},{"not_picked":["Barrage+1","Lockon"],"picked":"Blizzard","floor":21},{"not_picked":["Glacier","Scrape"],"picked":"Redo","floor":22}],"player_experience":19358,"relics_obtained":[{"floor":6,"key":"Mercury Hourglass"},{"floor":9,"key":"Pen Nib"}],"event_choices":[{"cards_removed":["Strike_B"],"damage_healed":0,"gold_gain":0,"player_choice":"Card Removal","damage_taken":0,"max_hp_gain":0,"max_hp_loss":0,"event_name":"The Cleric","floor":11,"gold_loss":50},{"damage_healed":0,"gold_gain":0,"player_choice":"Lose Max HP","damage_taken":0,"relics_obtained":["Golden Idol"],"max_hp_gain":0,"max_hp_loss":6,"event_name":"Golden Idol","floor":13,"gold_loss":0}],"is_beta":false,"boss_relics":[{"not_picked":["Velvet Choker","Nuclear Battery"],"picked":"Inserter"}],"items_purged_floors":[20],"is_endless":false,"potions_floor_spawned":[1,3,7,16,19,21],"killed_by":"Slavers","ascension_level":0}