{"gold_per_floor":[112,38,38,13,26,59,59,94,94,94,144,194,319,369,369,446,446,464,479,21,32,132,132,6,18,94,94,94],"floor_reached":28,"playtime":662,"items_purged":["Strike_B","Strike_B"],"score":432,"play_id":"a8b545e1-da66-4669-977e-9c65e149ea8a","local_time":"20180913140334","is_ascension_mode":true,"campfire_choices":[{"data":"Beam Cell","floor":7,"key":"SMITH"},{"data":"Gash","floor":10,"key":"SMITH"},{"data":"Gash","floor":15,"key":"SMITH"},{"data":"Apotheosis","floor":23,"key":"SMITH"},{"floor":27,"key":"REST"}],"neow_cost":"NONE","seed_source_timestamp":603856066953271,"circlet_count":0,"master_deck":["Strike_B","Defend_B","Defend_B","Defend_B","Defend_B","Zap","Dualcast","AscendersBane","Beam Cell+1","Rip and Tear","Ball Lightning","Gash+1","Conserve Battery","Gash+1","All For One","Steam","Cold Snap","Self Repair","Apotheosis+1","Finesse","Steam","Turbo","Gash","Hologram"],"relics":["Cracked Core","NeowsBlessing","SsserpentHead","Dream Catcher","Juzu Bracelet","Question Card","Bronze Scales","Runic Dome","Bottled Tornado"],"potions_floor_usage":[16],"damage_taken":[{"damage":0,"enemies":"Jaw Worm","floor":1,"turns":1},{"damage":0,"enemies":"Cultist","floor":5,"turns":1},{"damage":0,"enemies":"Gremlin Nob","floor":6,"turns":1},{"damage":18,"enemies":"3 Sentries","floor":8,"turns":7},{"damage":14,"enemies":"The Guardian","floor":16,"turns":9},{"damage":28,"enemies":"2 Thieves","floor":18,"turns":4},{"damage":8,"enemies":"Spheric Guardian","floor":19,"turns":3},{"damage":4,"enemies":"Centurion and Healer","floor":21,"turns":5},{"damage":26,"enemies":"Snake Plant","floor":25,"turns":4},{"damage":43,"enemies":"Snecko","floor":28,"turns":5}],"seed_played":"-8388165571027646168","potions_obtained":[{"floor":6,"key":"Fire Potion"},{"floor":8,"key":"FocusPotion"},{"floor":21,"key":"Ancient Potion"}],"is_trial":false,"path_per_floor":["M","$","?","$","M","E","R","E","T","R","?","?","?","?","R","B",null,"M","M","$","M","?","R","$","M","T","R"],"character_chosen":"DEFECT","items_purchased":["Rip and Tear","Ball Lightning","Self Repair","Apotheosis","Finesse","Turbo"],"campfire_rested":1,"item_purchase_floors":[2,4,20,20,20,24],"current_hp_per_floor":[64,64,64,64,64,64,64,46,46,46,46,46,35,35,35,21,59,31,23,23,29,29,29,29,13,13,34,0],"gold":94,"neow_bonus":"THREE_ENEMY_KILL","is_prod":false,"is_daily":false,"chose_seed":false,"campfire_upgraded":4,"win_rate":0,"timestamp":1536815014,"path_taken":["M","$","?","$","M","E","R","E","T","R","?","?","?","?","R","BOSS","M","M","$","M","?","R","$","M","T","R","M"],"build_version":"2018-09-06","purchased_purges":2,"victory":false,"max_hp_per_floor":[71,71,71,71,71,71,71,71,71,71,71,71,71,71,71,71,71,71,71,71,71,71,71,71,71,71,71,71],"card_choices":[{"not_picked":["Coolheaded","Leap"],"picked":"Beam Cell","floor":1},{"not_picked":["Sweeping Beam","Redo"],"picked":"Gash","floor":5},{"not_picked":["Steam","FTL"],"picked":"Conserve Battery","floor":6},{"not_picked":["Fusion","Reboot"],"picked":"Gash","floor":8},{"not_picked":["Machine Learning","Buffer","Rainbow"],"picked":"All For One","floor":16},{"not_picked":["Chill","Stack","Darkness"],"picked":"Steam","floor":18},{"not_picked":["Leap","Compile Driver","Static Discharge"],"picked":"Cold Snap","floor":19},{"not_picked":["Chaos","Reinforced Body","Leap"],"picked":"Steam","floor":21},{"not_picked":["Rebound","Static Discharge","Leap+1"],"picked":"Gash","floor":25},{"not_picked":["Chaos","Rebound","Rainbow"],"picked":"Hologram","floor":27}],"player_experience":660449,"relics_obtained":[{"floor":6,"key":"Dream Catcher"},{"floor":8,"key":"Juzu Bracelet"},{"floor":9,"key":"Question Card"},{"floor":26,"key":"Bottled Tornado"}],"event_choices":[{"event_name":"FaceTrader","player_choice":"Trade","floor":3,"damage_taken":0},{"event_name":"Dead Adventurer","player_choice":"Searched \u00271\u0027 times","floor":11,"damage_taken":0},{"event_name":"Purifier","player_choice":"One Purge","floor":12,"damage_taken":0},{"event_name":"World of Goop","player_choice":"Gather Gold","floor":13,"damage_taken":0},{"event_name":"Golden Idol","player_choice":"Ignored","floor":14,"damage_taken":0},{"event_name":"Nest","player_choice":"Stole From Cult","floor":22,"damage_taken":0}],"is_beta":false,"boss_relics":[{"not_picked":["Tiny House","Runic Pyramid"],"picked":"Runic Dome"}],"items_purged_floors":[20,24],"is_endless":false,"potions_floor_spawned":[6,8,21],"killed_by":"Snecko","ascension_level":15}