{"path_per_floor":["M","?","$","?","M","E","R","M","T","R","?","M","E","M","R","B",null,"M","?","$","M","M"],"character_chosen":"THE_SILENT","items_purchased":["Footwork","Noxious Fumes"],"gold_per_floor":[110,110,35,35,47,75,75,87,87,87,87,105,138,148,148,243,243,259,259,108,88,102,102],"floor_reached":23,"campfire_rested":1,"playtime":906,"current_hp_per_floor":[70,70,70,45,45,45,45,44,44,44,44,44,18,18,54,9,70,66,53,53,40,32,0],"items_purged":["Strike_G"],"gold":102,"score":226,"play_id":"aafbad89-35e5-42f0-ab8b-9e6a129d9e40","local_time":"20180413101949","is_prod":false,"is_daily":false,"chose_seed":false,"is_ascension_mode":false,"campfire_upgraded":2,"timestamp":1523582389,"path_taken":["M","?","$","?","M","E","R","M","T","R","?","M","E","M","R","BOSS","M","?","$","M","M","E"],"build_version":"2018-04-12","seed_source_timestamp":1584320830399633,"purchased_purges":1,"victory":false,"master_deck":["Defend_G","Defend_G","Defend_G","Defend_G","Defend_G","Strike_G","Strike_G","Strike_G","Survivor","Neutralize","Slice","Flying Knee","Footwork","Dagger Spray+1","Burst+1","Calculated Gamble","Poisoned Stab","Deflect","Doppelganger","Backflip","Noxious Fumes","Cloak And Dagger","PiercingWail"],"max_hp_per_floor":[70,70,70,70,70,70,70,70,70,70,70,70,70,70,70,70,70,70,75,75,75,75,75],"relics":["Ring of the Snake","NeowsBlessing","Pantograph","Bottled Lightning","Regal Pillow","Darkstone Periapt","Sozu"],"card_choices":[{"not_picked":["Malaise","Dodge and Roll"],"picked":"Slice","floor":1},{"not_picked":["Cloak And Dagger","Underhanded Strike"],"picked":"Dagger Spray","floor":5},{"not_picked":["Catalyst","Expertise"],"picked":"Burst","floor":6},{"not_picked":["Choke","Poisoned Stab"],"picked":"Calculated Gamble","floor":8},{"not_picked":["Caltrops","Dagger Throw"],"picked":"Poisoned Stab","floor":12},{"not_picked":["Prepared","Dagger Spray"],"picked":"Deflect","floor":14},{"not_picked":["Grand Finale","Unload"],"picked":"Doppelganger","floor":16},{"not_picked":["Dodge and Roll","Deflect"],"picked":"Backflip","floor":18},{"not_picked":["Poisoned Stab","Choke"],"picked":"Cloak And Dagger","floor":21},{"not_picked":["Deadly Poison","Dagger Throw"],"picked":"PiercingWail","floor":22}],"player_experience":432909,"potions_floor_usage":[16,16],"damage_taken":[{"damage":0,"enemies":"Cultist","floor":1,"turns":1},{"damage":0,"enemies":"Jaw Worm","floor":5,"turns":1},{"damage":0,"enemies":"3 Sentries","floor":6,"turns":1},{"damage":1,"enemies":"2 Louse","floor":8,"turns":2},{"damage":0,"enemies":"Large Slime","floor":12,"turns":5},{"damage":26,"enemies":"Gremlin Nob","floor":13,"turns":5},{"damage":0,"enemies":"3 Louse","floor":14,"turns":1},{"damage":73,"enemies":"Slime Boss","floor":16,"turns":19},{"damage":4,"enemies":"Shell Parasite","floor":18,"turns":10},{"damage":13,"enemies":"2 Thieves","floor":21,"turns":4},{"damage":8,"enemies":"Snake Plant","floor":22,"turns":8},{"damage":47,"enemies":"Gremlin Leader","floor":23,"turns":10}],"event_choices":[{"event_name":"Match and Keep!","player_choice":"1 cards matched","floor":2,"damage_taken":0},{"event_name":"Scrap Ooze","player_choice":"success","floor":4,"damage_taken":25},{"event_name":"Living Wall","player_choice":"Forget","floor":11,"damage_taken":0},{"event_name":"Forgotten Altar","player_choice":"Shed Blood","floor":19,"damage_taken":0}],"boss_relics":[{"not_picked":["Astrolabe","Runic Dome"],"picked":"Sozu"}],"potions_floor_spawned":[1,12,14,22],"seed_played":"-4786581826581308301","killed_by":"Gremlin Leader","ascension_level":0,"is_trial":false}