{"gold_per_floor":[116,96,107,118,168,168,243,243,243,243,269,269,269,288,288,288],"floor_reached":16,"playtime":342,"items_purged":[],"score":195,"play_id":"cbe39ac3-634b-4fe8-ae37-246806bc8589","local_time":"20181004200142","is_ascension_mode":true,"campfire_choices":[{"data":"Skewer","floor":6.0,"key":"SMITH"},{"floor":8.0,"key":"REST"},{"floor":13.0,"key":"REST"},{"data":"Unload","floor":15.0,"key":"SMITH"}],"neow_cost":"PERCENT_DAMAGE","seed_source_timestamp":174041051419385,"circlet_count":0,"master_deck":["Defend_G","Defend_G","Defend_G","Defend_G","Defend_G","Strike_G","Strike_G","Strike_G","Strike_G","Strike_G","Survivor","Neutralize","AscendersBane","Unload+1","Skewer+1","Outmaneuver+1","Expertise+1"],"special_seed":0,"relics":["Ring of the Snake","Toxic Egg 2","The Courier","Sundial"],"potions_floor_usage":[16],"damage_taken":[{"damage":0.0,"enemies":"2 Louse","floor":1.0,"turns":4.0},{"damage":0.0,"enemies":"Cultist","floor":3.0,"turns":4.0},{"damage":5.0,"enemies":"Small Slimes","floor":4.0,"turns":4.0},{"damage":37.0,"enemies":"Lagavulin","floor":11.0,"turns":6.0},{"damage":0.0,"enemies":"Exordium Thugs","floor":12.0,"turns":1.0},{"damage":7.0,"enemies":"Large Slime","floor":14.0,"turns":4.0},{"damage":0,"enemies":"Slime Boss","floor":16,"turns":3}],"seed_played":"-840130633258765563","potions_obtained":[{"floor":2.0,"key":"Swift Potion"},{"floor":4.0,"key":"SmokeBomb"},{"floor":14.0,"key":"SteroidPotion"}],"is_trial":false,"path_per_floor":["M","?","M","M","?","R","?","R","T","T","E","M","R","M","R"],"character_chosen":"THE_SILENT","items_purchased":[],"campfire_rested":2,"item_purchase_floors":[],"current_hp_per_floor":[44,44,44,39,39,39,28,47,47,47,10,10,29,22,22,22],"gold":288,"neow_bonus":"THREE_RARE_CARDS","is_prod":false,"is_daily":false,"chose_seed":false,"campfire_upgraded":2,"win_rate":0,"timestamp":1538650902,"path_taken":["M","?","M","M","?","R","?","R","T","?","E","M","R","M","R","BOSS"],"build_version":"2018-09-27","purchased_purges":0,"victory":false,"max_hp_per_floor":[66,66,66,66,66,66,66,66,66,66,66,66,66,66,66,66],"card_choices":[{"not_picked":["Malaise","Bullet Time"],"picked":"Unload","floor":0.0},{"not_picked":["Quick Slash","Outmaneuver","Sucker Punch"],"picked":"SKIP","floor":1.0},{"not_picked":["Masterful Stab","PiercingWail"],"picked":"Skewer","floor":3.0},{"not_picked":["Backflip","Acrobatics","Prepared"],"picked":"SKIP","floor":4.0},{"not_picked":["Quick Slash","Burst+1"],"picked":"Outmaneuver+1","floor":11.0},{"not_picked":["Sucker Punch","Outmaneuver+1"],"picked":"Expertise+1","floor":14.0}],"player_experience":689017,"relics_obtained":[{"floor":9.0,"key":"Toxic Egg 2"},{"floor":10.0,"key":"The Courier"},{"floor":11.0,"key":"Sundial"}],"event_choices":[{"event_name":"The Woman in Blue","player_choice":"Bought 1 Potion","floor":2.0,"damage_taken":0.0},{"event_name":"Golden Shrine","player_choice":"Pray","floor":5.0,"damage_taken":0.0},{"event_name":"World of Goop","player_choice":"Gather Gold","floor":7.0,"damage_taken":0.0}],"is_beta":false,"boss_relics":[],"items_purged_floors":[],"is_endless":false,"potions_floor_spawned":[4,12,14],"killed_by":"Slime Boss","ascension_level":19}