{"gold_per_floor":[113,131,29,41,52,86,86,120,147,147,164,30,30,44,44,44],"floor_reached":16,"playtime":947,"items_purged":[],"score":213,"play_id":"b2aa45b5-d28d-415b-a5eb-ba15ccbf566a","local_time":"20190119220141","is_ascension_mode":true,"campfire_choices":[{"data":"Hello World","floor":10,"key":"SMITH"},{"data":"Zap","floor":13,"key":"SMITH"},{"data":"Loop","floor":15,"key":"SMITH"}],"neow_cost":"NONE","seed_source_timestamp":797679843686700,"circlet_count":0,"master_deck":["AscendersBane","Strike_B","Strike_B","Strike_B","Strike_B","Defend_B","Defend_B","Defend_B","Defend_B","Zap+1","Dualcast","Capacitor","Conserve Battery","Cold Snap","Hello World+1","Reinforced Body","BootSequence","Ball Lightning","Capacitor","Ball Lightning","Loop+1","Leap","Rebound"],"relics":["Cracked Core","Dodecahedron","Bag of Preparation","Lantern"],"potions_floor_usage":[1,8,8,11,14,16,16],"damage_taken":[{"damage":0,"enemies":"Cultist","floor":1,"turns":3},{"damage":14,"enemies":"Small Slimes","floor":2,"turns":4},{"damage":2,"enemies":"Jaw Worm","floor":4,"turns":4},{"damage":4,"enemies":"2 Fungi Beasts","floor":5,"turns":6},{"damage":24,"enemies":"3 Sentries","floor":6,"turns":13},{"damage":11,"enemies":"Lagavulin","floor":8,"turns":6},{"damage":1,"enemies":"Large Slime","floor":11,"turns":5},{"damage":0,"enemies":"Red Slaver","floor":14,"turns":2},{"damage":24,"enemies":"Slime Boss","floor":16,"turns":8}],"seed_played":"-968977842525813442","potions_obtained":[{"floor":1,"key":"Fruit Juice"},{"floor":5,"key":"Poison Potion"},{"floor":7,"key":"EntropicBrew"},{"floor":7,"key":"FocusPotion"},{"floor":11,"key":"Poison Potion"},{"floor":14,"key":"Energy Potion"}],"is_trial":false,"path_per_floor":["M","M","$","M","M","E","?","E","T","R","M","$","R","M","R","B"],"character_chosen":"DEFECT","items_purchased":["Cold Snap","Hello World","Loop","Leap"],"campfire_rested":0,"item_purchase_floors":[3,3,12,12],"current_hp_per_floor":[76,62,62,60,56,32,32,21,21,21,20,20,20,20,20,0],"gold":44,"neow_bonus":"TEN_PERCENT_HP_BONUS","is_prod":false,"is_daily":false,"chose_seed":false,"campfire_upgraded":3,"win_rate":0,"timestamp":1547964101,"path_taken":["M","M","?","M","M","E","?","E","T","R","M","$","R","?","R","BOSS"],"build_version":"2019-01-17v2","purchased_purges":0,"victory":false,"max_hp_per_floor":[83,83,83,83,83,83,83,83,83,83,83,83,83,83,83,83],"card_choices":[{"not_picked":["Consume","Stack"],"picked":"Capacitor","floor":1},{"not_picked":["Streamline","Go for the Eyes"],"picked":"Conserve Battery","floor":2},{"not_picked":["Sunder","Rebound"],"picked":"Reinforced Body","floor":4},{"not_picked":["Sunder","Heatsinks"],"picked":"BootSequence","floor":5},{"not_picked":["Sweeping Beam","Turbo"],"picked":"Ball Lightning","floor":6},{"not_picked":["Heatsinks","Barrage"],"picked":"Capacitor","floor":8},{"not_picked":["Cold Snap","Turbo"],"picked":"Ball Lightning","floor":11},{"not_picked":["Steam Power","Go for the Eyes"],"picked":"Rebound","floor":14}],"player_experience":556613,"relics_obtained":[{"floor":6,"key":"Dodecahedron"},{"floor":8,"key":"Bag of Preparation"},{"floor":9,"key":"Lantern"}],"event_choices":[{"damage_healed":0,"gold_gain":0,"player_choice":"Got Potions","damage_taken":0,"max_hp_gain":0,"max_hp_loss":0,"event_name":"Lab","floor":7,"gold_loss":0}],"is_beta":false,"boss_relics":[],"items_purged_floors":[],"is_endless":false,"potions_floor_spawned":[1,5,11,14],"killed_by":"Slime Boss","ascension_level":18}