{"gold_per_floor":[119,119,119,39,58,83,102,114,137,62,82,82,54,54,54,54],"floor_reached":16,"playtime":268,"items_purged":[],"score":250,"play_id":"676bed45-e635-4ae3-ae09-ff6ca9783294","local_time":"20181105215737","is_ascension_mode":true,"campfire_choices":[{"data":"Whirlwind","floor":12.0,"key":"SMITH"},{"data":"Double Tap","floor":15.0,"key":"SMITH"}],"neow_cost":"NONE","seed_source_timestamp":355251774904676,"circlet_count":0,"master_deck":["AscendersBane","Strike_R","Strike_R","Strike_R","Defend_R","Defend_R","Defend_R","Bash","Whirlwind+1","True Grit","Battle Trance","Immolate","Shrug It Off","Double Tap+1"],"special_seed":0,"relics":["Burning Blood","NeowsBlessing","Regal Pillow","Art of War"],"potions_floor_usage":[16,16,16],"damage_taken":[{"damage":0.0,"enemies":"Jaw Worm","floor":1.0,"turns":1.0},{"damage":0.0,"enemies":"Cultist","floor":5.0,"turns":1.0},{"damage":0.0,"enemies":"3 Sentries","floor":6.0,"turns":1.0},{"damage":2.0,"enemies":"Small Slimes","floor":7.0,"turns":3.0},{"damage":23.0,"enemies":"2 Fungi Beasts","floor":8.0,"turns":4.0},{"damage":17.0,"enemies":"Lots of Slimes","floor":11.0,"turns":3.0},{"damage":55,"enemies":"Hexaghost","floor":16,"turns":7}],"seed_played":"-4513504046869871812","potions_obtained":[{"floor":1.0,"key":"EntropicBrew"},{"floor":8.0,"key":"FearPotion"},{"floor":11.0,"key":"SpeedPotion"}],"is_trial":false,"path_per_floor":["M","$","?","$","M","E","M","M","T","?","M","R","$","?","R","B"],"character_chosen":"IRONCLAD","items_purchased":["Whirlwind","Shrug It Off"],"campfire_rested":0,"item_purchase_floors":[4,13],"current_hp_per_floor":[74,74,74,74,75,75,75,58,58,58,47,47,47,47,47,0],"gold":54,"neow_bonus":"THREE_ENEMY_KILL","is_prod":false,"is_daily":false,"chose_seed":false,"campfire_upgraded":2,"win_rate":0,"timestamp":1541483857,"path_taken":["M","$","?","$","?","E","?","M","T","?","M","R","$","?","R","BOSS"],"build_version":"2018-11-01","purchased_purges":0,"victory":false,"max_hp_per_floor":[75,75,75,75,75,75,75,75,75,75,75,75,75,75,75,75],"card_choices":[{"not_picked":["Dual Wield","Havoc","Entrench"],"picked":"SKIP","floor":1.0},{"not_picked":["Sword Boomerang","Heavy Blade"],"picked":"True Grit","floor":5.0},{"not_picked":["Second Wind","Havoc","Clothesline"],"picked":"SKIP","floor":6.0},{"not_picked":["Rupture","Havoc","Warcry"],"picked":"SKIP","floor":7.0},{"not_picked":["Warcry","Disarm"],"picked":"Battle Trance","floor":8.0},{"not_picked":["Clash","Anger"],"picked":"Immolate","floor":11.0}],"player_experience":618808,"relics_obtained":[{"floor":6.0,"key":"Regal Pillow"},{"floor":9.0,"key":"Art of War"}],"event_choices":[{"cards_removed":["Strike_R"],"damage_healed":0.0,"max_hp_gain":0.0,"max_hp_loss":0.0,"gold_gain":0.0,"event_name":"Purifier","player_choice":"Purged","floor":3.0,"gold_loss":0.0,"damage_taken":0.0},{"cards_removed":["Defend_R"],"damage_healed":0.0,"max_hp_gain":0.0,"max_hp_loss":0.0,"gold_gain":0.0,"event_name":"The Cleric","player_choice":"Card Removal","floor":10.0,"gold_loss":75.0,"damage_taken":0.0},{"damage_healed":0.0,"max_hp_gain":0.0,"max_hp_loss":0.0,"gold_gain":0.0,"cards_transformed":["Strike_R"],"event_name":"Transmorgrifier","player_choice":"Transformed","floor":14.0,"gold_loss":0.0,"damage_taken":0.0,"cards_obtained":["Double Tap"]}],"is_beta":false,"boss_relics":[],"items_purged_floors":[],"is_endless":false,"potions_floor_spawned":[1,8,11],"killed_by":"Hexaghost","ascension_level":20}