{"gold_per_floor":[211,228,228,228,178,178,193,1,1,29,77,77],"floor_reached":12,"playtime":438,"items_purged":[],"score":106,"play_id":"7305561f-9ac0-4e0e-b208-b0f48dd8fe5e","local_time":"20180920153912","is_ascension_mode":true,"campfire_choices":[{"data":"Zap","floor":6,"key":"SMITH"}],"neow_cost":"NONE","seed_source_timestamp":509338010095179,"circlet_count":0,"master_deck":["Strike_B","Strike_B","Strike_B","Defend_B+1","Defend_B","Defend_B+1","Defend_B","Zap+1","Dualcast","Gash","Gash","Amplify","Impatience","Go for the Eyes","Rebound","Beam Cell"],"relics":["Cracked Core","Vajra","Darkstone Periapt","Happy Flower","Potion Belt"],"potions_floor_usage":[10],"damage_taken":[{"damage":6,"enemies":"Cultist","floor":1,"turns":4},{"damage":2,"enemies":"Jaw Worm","floor":2,"turns":4},{"damage":0,"enemies":"2 Louse","floor":7,"turns":3},{"damage":8,"enemies":"Lagavulin","floor":10,"turns":6},{"damage":37,"enemies":"Gremlin Gang","floor":12,"turns":3}],"seed_played":"3717060938181380140","potions_obtained":[{"floor":1,"key":"SkillPotion"},{"floor":2,"key":"FocusPotion"}],"is_trial":false,"path_per_floor":["M","M","?","?","?","R","M","$","T","E","T"],"character_chosen":"DEFECT","items_purchased":["Vajra","Rebound"],"campfire_rested":0,"item_purchase_floors":[8,8],"current_hp_per_floor":[62,60,45,45,45,45,45,45,45,37,37,0],"gold":77,"neow_bonus":"HUNDRED_GOLD","is_prod":false,"is_daily":false,"chose_seed":false,"campfire_upgraded":1,"win_rate":0,"timestamp":1537472352,"path_taken":["M","?","?","?","?","R","?","?","T","E","?","M"],"build_version":"2018-09-06","purchased_purges":0,"victory":false,"max_hp_per_floor":[75,75,75,75,75,75,75,75,75,75,75,75],"card_choices":[{"not_picked":["Static Discharge","Go for the Eyes"],"picked":"Gash","floor":1},{"not_picked":["Glacier","White Noise"],"picked":"Gash","floor":2},{"not_picked":["Storm","Stack"],"picked":"Go for the Eyes","floor":7},{"not_picked":["Sweeping Beam","Steam Power"],"picked":"Beam Cell","floor":10}],"player_experience":211816,"relics_obtained":[{"floor":9,"key":"Darkstone Periapt"},{"floor":10,"key":"Happy Flower"},{"floor":11,"key":"Potion Belt"}],"event_choices":[{"event_name":"Shining Light","player_choice":"Entered Light","floor":3,"damage_taken":0},{"event_name":"Match and Keep!","player_choice":"2 cards matched","floor":4,"damage_taken":0},{"event_name":"The Cleric","player_choice":"Card Removal","floor":5,"damage_taken":0}],"is_beta":false,"boss_relics":[],"items_purged_floors":[],"is_endless":false,"potions_floor_spawned":[1,2],"killed_by":"Gremlin Gang","ascension_level":8}