{"path_per_floor":["M","?","M","M","M","E","R","M","T","M","M","$","R","?","R"],"character_chosen":"IRONCLAD","items_purchased":["Magic Flower","Whirlwind"],"gold_per_floor":[117,292,308,322,335,362,362,372,396,414,427,4,4,4,4,4],"floor_reached":16,"campfire_rested":2,"playtime":926,"current_hp_per_floor":[73,73,75,81,71,47,47,31,31,25,19,19,45,33,59,0],"items_purged":["Doubt"],"gold":4,"score":166,"play_id":"a5e602d9-e960-468b-9ee3-fce931dc14cf","local_time":"20180327165028","is_prod":false,"is_daily":false,"is_ascension_mode":true,"campfire_upgraded":1,"timestamp":1522137028,"path_taken":["M","?","M","?","M","E","R","M","T","M","M","$","R","?","R","BOSS"],"build_version":"2018-03-22v2","purchased_purges":1,"victory":false,"master_deck":["Strike_R","Strike_R","Strike_R","Strike_R","Strike_R","Defend_R","Defend_R","Defend_R","Defend_R","Bash","AscendersBane","Disarm","Twin Strike","Cleave","Body Slam+1","Headbutt","Perfected Strike","Rage","Whirlwind"],"max_hp_per_floor":[88,88,88,88,88,88,88,88,88,88,88,88,88,88,88,88],"relics":["Burning Blood","Toolbox","Juzu Bracelet","Magic Flower","Meat on the Bone"],"card_choices":[{"not_picked":["Wild Strike","Havoc"],"picked":"Disarm","floor":1},{"not_picked":["Carnage","Headbutt"],"picked":"Twin Strike","floor":3},{"not_picked":["Clash","Pommel Strike"],"picked":"Cleave","floor":5},{"not_picked":["Seeing Red","Cleave"],"picked":"Body Slam","floor":6},{"not_picked":["Pommel Strike","Hemokinesis"],"picked":"Headbutt","floor":8},{"not_picked":["Twin Strike","Anger"],"picked":"Perfected Strike","floor":10},{"not_picked":["Uppercut","Twin Strike"],"picked":"Rage","floor":11}],"player_experience":367426,"potions_floor_usage":[6,10,11,16],"damage_taken":[{"damage":13,"enemies":"Jaw Worm","floor":1,"turns":5},{"damage":4,"enemies":"Small Slimes","floor":3,"turns":4},{"damage":0,"enemies":"Cultist","floor":4,"turns":3},{"damage":16,"enemies":"Looter","floor":5,"turns":5},{"damage":30,"enemies":"3 Sentries","floor":6,"turns":8},{"damage":22,"enemies":"2 Fungi Beasts","floor":8,"turns":4},{"damage":12,"enemies":"Large Slime","floor":10,"turns":4},{"damage":12,"enemies":"Lots of Slimes","floor":11,"turns":5},{"damage":61,"enemies":"Hexaghost","floor":16,"turns":11}],"event_choices":[{"event_name":"Liars Game","player_choice":"agreed","floor":2,"damage_taken":0},{"event_name":"Scrap Ooze","player_choice":"success","floor":14,"damage_taken":12}],"boss_relics":[],"potions_floor_spawned":[3,4,8,10],"seed_played":"3378241040293212059","killed_by":"Hexaghost","ascension_level":12,"is_trial":false}