{"path_per_floor":["M","M","M","$","?","R","E","R","T","M","R","M","E","$","R","B",null,"M","M","M","$","?","R","E","$","T","R","?","E","T","M","R"],"character_chosen":"IRONCLAD","items_purchased":["Burning Pact","Fire Potion","Fiend Fire","Evolve"],"gold_per_floor":[109,119,139,14,14,14,39,39,93,112,112,126,151,1,1,97,97,109,127,147,76,76,76,106,106,106,106,31,62,112,125,125,125],"floor_reached":33,"campfire_rested":3,"playtime":3037,"current_hp_per_floor":[72,72,69,69,69,69,54,54,54,60,60,66,56,56,56,37,63,46,49,46,46,30,51,48,48,48,69,69,45,45,43,64,0],"items_purged":[],"gold":125,"score":469,"play_id":"1ea0a8aa-6bd5-433c-8fca-fc1a02eb20f2","local_time":"20180327180135","is_prod":false,"is_daily":false,"is_ascension_mode":true,"campfire_upgraded":4,"timestamp":1522141295,"path_taken":["M","M","M","?","?","R","E","R","T","M","R","M","E","$","R","BOSS","M","M","M","?","?","R","E","$","T","R","?","E","?","M","R","BOSS"],"build_version":"2018-03-22v2","purchased_purges":2,"victory":false,"master_deck":["Strike_R+1","Strike_R","Strike_R","Strike_R","Strike_R","Defend_R","Defend_R","Defend_R+1","Defend_R","Bash+1","AscendersBane","Twin Strike","Headbutt+1","Clash","Burning Pact+1","Impervious+1","Thunderclap","Intimidate","Fiend Fire+1","Offering+1","Feel No Pain","Armaments+1","Evolve","Necronomicurse","True Grit","Doubt"],"max_hp_per_floor":[72,72,72,72,72,72,72,72,72,72,72,72,72,72,72,72,72,72,72,72,72,72,72,72,72,72,72,72,72,72,72,72,72],"relics":["Burning Blood","Bird Faced Urn","Ancient Tea Set","Whetstone","Meat on the Bone","Cursed Key","Necronomicon","Bronze Scales","War Paint","Lantern","Art of War"],"card_choices":[{"not_picked":["True Grit","Cleave"],"picked":"Twin Strike","floor":1},{"not_picked":["Carnage","Wild Strike"],"picked":"Headbutt","floor":2},{"not_picked":["Flex","Wild Strike"],"picked":"Clash","floor":3},{"not_picked":["Seeing Red","Reckless Charge"],"picked":"Impervious","floor":7},{"not_picked":["Heavy Blade","Disarm"],"picked":"Thunderclap","floor":10},{"not_picked":["Havoc","Reckless Charge"],"picked":"Intimidate","floor":13},{"not_picked":["Barricade","Demon Form"],"picked":"Offering","floor":16},{"not_picked":["Anger","Entrench"],"picked":"Feel No Pain","floor":19},{"not_picked":["Havoc","Shockwave"],"picked":"Armaments","floor":20},{"not_picked":["Combust","Flame Barrier"],"picked":"True Grit","floor":24}],"player_experience":369516,"potions_floor_usage":[7,13,13,13,29,29],"damage_taken":[{"damage":1,"enemies":"Cultist","floor":1,"turns":4},{"damage":0,"enemies":"Small Slimes","floor":2,"turns":3},{"damage":9,"enemies":"2 Louse","floor":3,"turns":3},{"damage":21,"enemies":"Gremlin Nob","floor":7,"turns":4},{"damage":0,"enemies":"Looter","floor":10,"turns":2},{"damage":0,"enemies":"Lots of Slimes","floor":12,"turns":3},{"damage":25,"enemies":"Lagavulin","floor":13,"turns":6},{"damage":37,"enemies":"Slime Boss","floor":16,"turns":11},{"damage":23,"enemies":"Shell Parasite","floor":18,"turns":3},{"damage":15,"enemies":"Spheric Guardian","floor":19,"turns":3},{"damage":21,"enemies":"Cultist and Chosen","floor":20,"turns":4},{"damage":25,"enemies":"Slavers","floor":24,"turns":8},{"damage":34,"enemies":"Gremlin Leader","floor":29,"turns":6},{"damage":22,"enemies":"Snecko","floor":31,"turns":4},{"damage":70,"enemies":"Collector","floor":33,"turns":6}],"event_choices":[{"event_name":"The Cleric","player_choice":"Leave","floor":5,"damage_taken":0},{"event_name":"Cursed Tome","player_choice":"Obtained Book","floor":22,"damage_taken":0},{"event_name":"Beggar","player_choice":"Gave Gold","floor":28,"damage_taken":0}],"boss_relics":[{"not_picked":["Mark of Pain","Ectoplasm"],"picked":"Cursed Key"}],"potions_floor_spawned":[2,7,12,19,24],"seed_played":"621431728356028877","killed_by":"Collector","ascension_level":12,"is_trial":false}