{"gold_per_floor":[111,111,2,2,152,152,217,142,142,166,199,199],"floor_reached":12,"playtime":333,"items_purged":[],"score":168,"play_id":"ebed93b6-e1d8-4407-bd3f-f906c3d98a39","local_time":"20190302104237","is_ascension_mode":true,"campfire_choices":[{"data":"Chaos","floor":6.0,"key":"SMITH"}],"neow_cost":"NONE","seed_source_timestamp":95161978910741,"circlet_count":0,"master_deck":["AscendersBane","Zap","Dualcast","Sweeping Beam","Tempest","Storm","Force Field","Force Field","Leap","Go for the Eyes","Chaos+1","Cold Snap","Static Discharge","Sweeping Beam","Steam","Ball Lightning","Ball Lightning"],"special_seed":0,"relics":["Pandora\u0027s Box","Pantograph","Golden Idol","Tiny Chest","Centennial Puzzle"],"potions_floor_usage":[],"damage_taken":[{"damage":12.0,"enemies":"Small Slimes","floor":1.0,"turns":4.0},{"damage":20.0,"enemies":"Gremlin Nob","floor":7.0,"turns":4.0},{"damage":7.0,"enemies":"Jaw Worm","floor":10.0,"turns":4.0},{"damage":9.0,"enemies":"Lagavulin","floor":11.0,"turns":6.0},{"damage":12,"enemies":"2 Louse","floor":12,"turns":1}],"seed_played":"-6689947850647062824","potions_obtained":[{"floor":1.0,"key":"Dexterity Potion"},{"floor":7.0,"key":"Block Potion"}],"is_trial":false,"path_per_floor":["M","?","$","?","?","R","E","?","T","M","E","M"],"character_chosen":"DEFECT","items_purchased":["Static Discharge","Sweeping Beam"],"campfire_rested":0,"item_purchase_floors":[3,3],"current_hp_per_floor":[52,41,41,41,41,41,21,21,21,14,5,0],"gold":199,"neow_bonus":"BOSS_RELIC","is_prod":false,"is_daily":false,"chose_seed":false,"campfire_upgraded":1,"win_rate":0,"timestamp":1551541357,"path_taken":["M","?","$","?","?","R","E","?","T","M","E","M"],"build_version":"2019-01-23","purchased_purges":0,"victory":false,"max_hp_per_floor":[71,71,71,64,64,64,64,64,64,64,64,64],"card_choices":[{"not_picked":["Coolheaded","Steam Power"],"picked":"Cold Snap","floor":1.0},{"not_picked":["Barrage","Conserve Battery"],"picked":"Steam","floor":7.0},{"not_picked":["Chill","Sweeping Beam"],"picked":"Ball Lightning","floor":10.0},{"not_picked":["Fusion","Compile Driver"],"picked":"Ball Lightning","floor":11.0}],"player_experience":639835,"relics_obtained":[{"floor":7.0,"key":"Tiny Chest"},{"floor":11.0,"key":"Centennial Puzzle"}],"event_choices":[{"damage_healed":0.0,"max_hp_gain":0.0,"max_hp_loss":0.0,"gold_gain":0.0,"event_name":"Scrap Ooze","player_choice":"Success","floor":2.0,"gold_loss":0.0,"damage_taken":11.0,"relics_obtained":["Pantograph"]},{"damage_healed":0.0,"max_hp_gain":0.0,"max_hp_loss":7.0,"gold_gain":0.0,"event_name":"Golden Idol","player_choice":"Lose Max HP","floor":4.0,"gold_loss":0.0,"damage_taken":0.0,"relics_obtained":["Golden Idol"]},{"damage_healed":0.0,"max_hp_gain":0.0,"max_hp_loss":0.0,"gold_gain":150.0,"event_name":"Liars Game","player_choice":"AGREE","floor":5.0,"gold_loss":0.0,"damage_taken":0.0,"cards_obtained":["Doubt"]},{"cards_removed":["Doubt"],"damage_healed":0.0,"max_hp_gain":0.0,"max_hp_loss":0.0,"gold_gain":0.0,"event_name":"The Cleric","player_choice":"Card Removal","floor":8.0,"gold_loss":75.0,"damage_taken":0.0}],"is_beta":false,"boss_relics":[],"items_purged_floors":[],"is_endless":false,"potions_floor_spawned":[1,7],"killed_by":"2 Louse","ascension_level":20}