{"gold_per_floor":[19,38,3,15,28,56,56,56,81,81,91,104,104],"floor_reached":13,"playtime":640,"items_purged":[],"score":170,"play_id":"b368bf57-088a-4a23-b2cd-ece5867a7c64","local_time":"20190206002254","is_ascension_mode":true,"campfire_choices":[{"floor":8,"key":"REST"},{"data":"Defragment","floor":10,"key":"SMITH"}],"neow_cost":"NO_GOLD","seed_source_timestamp":280802286765399,"circlet_count":0,"master_deck":["AscendersBane","Strike_B","Strike_B","Defend_B","Defend_B","Defend_B","Defend_B","Zap","Dualcast","Compile Driver","Capacitor","Defragment+1","Leap","Hologram","Compile Driver","Compile Driver","Seek","White Noise"],"relics":["Cracked Core","Happy Flower","Strawberry"],"potions_floor_usage":[11,13,13],"damage_taken":[{"damage":3,"enemies":"2 Louse","floor":1,"turns":5},{"damage":9,"enemies":"Jaw Worm","floor":2,"turns":4},{"damage":0,"enemies":"Cultist","floor":4,"turns":3},{"damage":10,"enemies":"Large Slime","floor":5,"turns":6},{"damage":43,"enemies":"3 Sentries","floor":6,"turns":9},{"damage":10,"enemies":"Exordium Thugs","floor":11,"turns":4},{"damage":10,"enemies":"3 Louse","floor":12,"turns":3},{"damage":25,"enemies":"Lagavulin","floor":13,"turns":3}],"seed_played":"-6200197148115591009","potions_obtained":[{"floor":4,"key":"Poison Potion"},{"floor":6,"key":"AttackPotion"},{"floor":11,"key":"SteroidPotion"},{"floor":12,"key":"Strength Potion"}],"is_trial":false,"path_per_floor":["M","M","?","M","M","E","$","R","T","R","M","M","E"],"character_chosen":"DEFECT","items_purchased":[],"campfire_rested":1,"item_purchase_floors":[],"current_hp_per_floor":[61,52,69,69,59,16,16,37,44,44,34,24,0],"gold":104,"neow_bonus":"TRANSFORM_TWO_CARDS","is_prod":false,"is_daily":false,"chose_seed":false,"campfire_upgraded":1,"win_rate":0,"timestamp":1549441374,"path_taken":["M","M","?","M","M","E","$","R","T","R","M","M","E"],"build_version":"2019-01-23","purchased_purges":0,"victory":false,"max_hp_per_floor":[71,71,71,71,71,71,71,71,78,78,78,78,78],"card_choices":[{"not_picked":["Beam Cell","Steam Power"],"picked":"Defragment","floor":1},{"not_picked":["Sweeping Beam","Compile Driver"],"picked":"Leap","floor":2},{"not_picked":["Sweeping Beam","Aggregate"],"picked":"Hologram","floor":4},{"not_picked":["Aggregate","Turbo"],"picked":"Compile Driver","floor":5},{"not_picked":["Go for the Eyes","Leap"],"picked":"Compile Driver","floor":6},{"not_picked":["Coolheaded","Steam"],"picked":"Seek","floor":11},{"not_picked":["Stack","Beam Cell"],"picked":"White Noise","floor":12}],"player_experience":634332,"relics_obtained":[{"floor":6,"key":"Happy Flower"},{"floor":9,"key":"Strawberry"}],"event_choices":[{"damage_healed":17,"gold_gain":0,"player_choice":"Healed","damage_taken":0,"max_hp_gain":0,"max_hp_loss":0,"event_name":"The Cleric","floor":3,"gold_loss":35}],"is_beta":false,"boss_relics":[],"items_purged_floors":[],"is_endless":false,"potions_floor_spawned":[4,6,11,12],"killed_by":"Lagavulin","ascension_level":19}