{"gold_per_floor":[368,11,11,22,97,131,148,174,199,199,8,38,38,66,66,168,168,150,169,169,119,130,130],"floor_reached":23,"playtime":1353,"items_purged":[],"score":228,"play_id":"694e074a-8061-431d-aea0-493fa2e2c843","local_time":"20190228192922","is_ascension_mode":true,"campfire_choices":[{"floor":10,"key":"REST"},{"floor":13,"key":"REST"},{"floor":15,"key":"RECALL"}],"neow_cost":"PERCENT_DAMAGE","seed_source_timestamp":243803513494455,"circlet_count":0,"master_deck":["Strike_B","Strike_B","Strike_B","Strike_B","Defend_B","Defend_B","Defend_B","Defend_B","Zap","Dualcast","Conserve Battery","Static Discharge","Auto Shields","Redo","Creative AI","Capacitor","Thunder Strike","Heatsinks","Go for the Eyes+1"],"relics":["Cracked Core","Cables","Oddly Smooth Stone","Potion Belt","Meat on the Bone","StoneCalendar","Cursed Key"],"potions_floor_usage":[4,6,8,8,16,16,22],"damage_taken":[{"damage":0,"enemies":"Small Slimes","floor":1,"turns":2},{"damage":0,"enemies":"Cultist","floor":4,"turns":4},{"damage":8,"enemies":"3 Sentries","floor":6,"turns":6},{"damage":16,"enemies":"2 Louse","floor":7,"turns":3},{"damage":5,"enemies":"Gremlin Nob","floor":8,"turns":4},{"damage":16,"enemies":"Lagavulin","floor":14,"turns":6},{"damage":26,"enemies":"Hexaghost","floor":16,"turns":7},{"damage":24,"enemies":"2 Thieves","floor":18,"turns":4},{"damage":24,"enemies":"3 Byrds","floor":19,"turns":4},{"damage":35,"enemies":"Centurion and Healer","floor":22,"turns":7},{"damage":18,"enemies":"Slavers","floor":23,"turns":1}],"seed_played":"8356681943589588472","potions_obtained":[{"floor":3,"key":"Fire Potion"},{"floor":3,"key":"Weak Potion"},{"floor":3,"key":"SkillPotion"},{"floor":4,"key":"Weak Potion"},{"floor":8,"key":"FocusPotion"},{"floor":14,"key":"Strength Potion"},{"floor":19,"key":"Poison Potion"}],"is_trial":false,"path_per_floor":["M","$","?","M","?","E","M","E","T","R","$","?","R","E","R","B",null,"M","M","?","?","M","E"],"character_chosen":"DEFECT","items_purchased":["Static Discharge","Auto Shields","Cables","Thunder Strike","Heatsinks"],"campfire_rested":2,"item_purchase_floors":[2,2,2,11,11],"current_hp_per_floor":[54,54,54,54,43,35,19,14,14,36,36,36,58,42,42,28,75,51,39,39,39,16,0],"gold":130,"neow_bonus":"TWO_FIFTY_GOLD","is_prod":false,"is_daily":false,"chose_seed":false,"campfire_upgraded":0,"win_rate":0,"timestamp":1551392962,"path_taken":["M","$","?","?","?","E","M","E","T","R","$","?","R","E","R","BOSS","M","M","?","?","?","E"],"build_version":"2019-01-23","purchased_purges":0,"victory":false,"max_hp_per_floor":[75,75,75,75,75,75,75,75,75,75,75,75,75,75,75,75,75,75,75,75,75,75,75],"card_choices":[{"not_picked":["Streamline","Skim"],"picked":"Conserve Battery","floor":1},{"not_picked":["Compile Driver","Turbo"],"picked":"Redo","floor":4},{"not_picked":["Buffer","Hologram"],"picked":"Creative AI","floor":6},{"not_picked":["Coolheaded","Reprogram"],"picked":"Capacitor","floor":7},{"not_picked":["Leap","Compile Driver","Go for the Eyes"],"picked":"SKIP","floor":8},{"not_picked":["Biased Cognition","Beam Cell","Redo"],"picked":"SKIP","floor":14},{"not_picked":["Stack+1","Beam Cell","Hologram"],"picked":"SKIP","floor":18},{"not_picked":["Aggregate","Force Field+1"],"picked":"Go for the Eyes+1","floor":19},{"not_picked":["Barrage","Heatsinks","Skim"],"picked":"SKIP","floor":22}],"player_experience":141340,"relics_obtained":[{"floor":6,"key":"Oddly Smooth Stone"},{"floor":8,"key":"Potion Belt"},{"floor":14,"key":"StoneCalendar"}],"event_choices":[{"damage_healed":0,"gold_gain":0,"player_choice":"Got Potions","damage_taken":0,"max_hp_gain":0,"max_hp_loss":0,"event_name":"Lab","floor":3,"gold_loss":0},{"damage_healed":0,"gold_gain":75,"player_choice":"Gather Gold","damage_taken":11,"max_hp_gain":0,"max_hp_loss":0,"event_name":"World of Goop","floor":5,"gold_loss":0},{"damage_healed":0,"gold_gain":30,"player_choice":"Searched \u00273\u0027 times","damage_taken":0,"relics_obtained":["Meat on the Bone"],"max_hp_gain":0,"max_hp_loss":0,"event_name":"Dead Adventurer","floor":12,"gold_loss":0},{"damage_healed":0,"gold_gain":0,"player_choice":"Ignored","damage_taken":0,"max_hp_gain":0,"max_hp_loss":0,"event_name":"Ghosts","floor":20,"gold_loss":0},{"damage_healed":0,"gold_gain":0,"player_choice":"Bet on Murderer","damage_taken":0,"max_hp_gain":0,"max_hp_loss":0,"event_name":"The Joust","floor":21,"gold_loss":50}],"is_beta":false,"boss_relics":[{"not_picked":["Runic Pyramid","Busted Crown"],"picked":"Cursed Key"}],"items_purged_floors":[],"is_endless":false,"potions_floor_spawned":[4,8,14,19],"killed_by":"Slavers","ascension_level":2}