{"gold_per_floor":[112,112,62,73,73,73,101,117,117,117,133,144,160,109,109,214,214,224,239,239,239,140,140,169,169,219,219,233,244,244,254,254,351,351,371,471,471,471,489,522,522,522,522,4,18,32,32,32,32,32],"floor_reached":51,"playtime":2246,"items_purged":[],"score":1080,"play_id":"5051f165-6705-466c-8001-9a4b2e34d77c","local_time":"20190216181806","is_ascension_mode":true,"campfire_choices":[{"data":"Neutralize","floor":6,"key":"SMITH"},{"data":"Sucker Punch","floor":15,"key":"SMITH"},{"data":"Deflect","floor":23,"key":"SMITH"},{"data":"Infinite Blades","floor":25,"key":"SMITH"},{"data":"Sucker Punch","floor":32,"key":"SMITH"},{"floor":41,"key":"REST"},{"data":"Deep Breath","floor":49,"key":"SMITH"}],"neow_cost":"NONE","seed_source_timestamp":1116358659762708,"circlet_count":0,"master_deck":["AscendersBane","Defend_G+1","Defend_G+1","Defend_G+1","Defend_G+1","Strike_G+1","Strike_G+1","Strike_G+1","Survivor","Neutralize+1","Backstab","All Out Attack","Deflect+1","Infinite Blades+1","Sucker Punch+1","Slice","Burst+1","Leg Sweep+1","Blade Dance+1","Riddle With Holes","Footwork","Dodge and Roll","Terror+1","Sucker Punch+1","Adrenaline","Cloak And Dagger+1","Escape Plan","Blade Dance+1","Deep Breath+1"],"relics":["Ring of the Snake","NeowsBlessing","Paper Crane","Singing Bowl","Kunai","Shuriken","Philosopher\u0027s Stone","Darkstone Periapt","Vajra","WristBlade","Nunchaku","The Courier","Sundial","Bag of Marbles","Gambling Chip","War Paint"],"potions_floor_usage":[24,24,29,33,50,50,50],"damage_taken":[{"damage":0,"enemies":"2 Louse","floor":1,"turns":1},{"damage":0,"enemies":"Small Slimes","floor":4,"turns":1},{"damage":0,"enemies":"Gremlin Nob","floor":7,"turns":1},{"damage":0,"enemies":"Cultist","floor":8,"turns":3},{"damage":2,"enemies":"Looter","floor":11,"turns":3},{"damage":0,"enemies":"2 Fungi Beasts","floor":12,"turns":2},{"damage":0,"enemies":"3 Louse","floor":13,"turns":3},{"damage":5,"enemies":"The Guardian","floor":16,"turns":10},{"damage":19,"enemies":"Spheric Guardian","floor":18,"turns":4},{"damage":3,"enemies":"3 Byrds","floor":19,"turns":7},{"damage":24,"enemies":"Slavers","floor":24,"turns":5},{"damage":14,"enemies":"Snake Plant","floor":28,"turns":6},{"damage":3,"enemies":"Chosen and Byrds","floor":29,"turns":4},{"damage":3,"enemies":"Centurion and Healer","floor":31,"turns":7},{"damage":13,"enemies":"Automaton","floor":33,"turns":8},{"damage":5,"enemies":"3 Shapes","floor":35,"turns":6},{"damage":0,"enemies":"Mind Bloom Boss Battle","floor":36,"turns":6},{"damage":23,"enemies":"3 Darklings","floor":39,"turns":3},{"damage":8,"enemies":"Reptomancer","floor":40,"turns":5},{"damage":0,"enemies":"Maw","floor":45,"turns":5},{"damage":0,"enemies":"Transient","floor":46,"turns":5},{"damage":20,"enemies":"Awakened One","floor":50,"turns":11}],"seed_played":"8677210406878003830","potions_obtained":[{"floor":1,"key":"Fire Potion"},{"floor":12,"key":"PowerPotion"},{"floor":13,"key":"Regen Potion"},{"floor":28,"key":"SkillPotion"},{"floor":29,"key":"GhostInAJar"},{"floor":31,"key":"FearPotion"},{"floor":35,"key":"Strength Potion"}],"is_trial":false,"path_per_floor":["M","?","?","M","?","R","E","M","T","T","M","M","M","$","R","B",null,"M","M","?","?","$","R","E","R","T","?","M","M","?","M","R","B",null,"M","?","?","?","M","E","R","?","T","$","M","M","?","?","R","B",null],"character_chosen":"THE_SILENT","items_purchased":["Slice","Footwork","Dodge and Roll","Escape Plan","Bag of Marbles","Gambling Chip","War Paint"],"campfire_rested":1,"item_purchase_floors":[14,22,22,44,44,44,44],"current_hp_per_floor":[63,56,56,56,31,31,33,35,35,35,33,33,33,33,33,28,63,44,41,41,41,41,41,33,33,33,33,21,18,18,15,15,2,59,56,56,56,56,35,29,54,54,54,54,56,56,56,56,56,36],"gold":32,"neow_bonus":"THREE_ENEMY_KILL","is_prod":false,"is_daily":false,"chose_seed":false,"campfire_upgraded":6,"win_rate":0,"timestamp":1550301486,"path_taken":["M","?","?","M","?","R","E","M","T","?","M","?","M","$","R","BOSS","M","M","?","?","$","R","E","R","T","?","M","M","?","?","R","BOSS","M","?","?","?","M","E","R","?","T","?","M","?","?","?","R","BOSS"],"build_version":"2019-01-23","purchased_purges":0,"victory":true,"max_hp_per_floor":[70,70,70,70,70,70,72,74,74,74,74,74,74,74,74,74,74,74,74,74,74,74,74,76,76,76,76,78,78,78,78,78,78,78,80,80,80,80,82,84,84,80,80,80,82,82,82,82,82,82],"card_choices":[{"not_picked":["Quick Slash","Deadly Poison"],"picked":"Backstab","floor":1},{"not_picked":["Caltrops","PiercingWail"],"picked":"All Out Attack","floor":4},{"not_picked":["Skewer","Setup","Deflect"],"picked":"Singing Bowl","floor":7},{"not_picked":["Bane","Poisoned Stab","Deadly Poison"],"picked":"Singing Bowl","floor":8},{"not_picked":["Doppelganger","Well Laid Plans"],"picked":"Deflect","floor":11},{"not_picked":["Quick Slash","Flying Knee"],"picked":"Infinite Blades","floor":12},{"not_picked":["All Out Attack","Accuracy"],"picked":"Sucker Punch","floor":13},{"not_picked":["Night Terror","Grand Finale"],"picked":"Burst","floor":16},{"not_picked":["Dodge and Roll","Prepared"],"picked":"Leg Sweep","floor":18},{"not_picked":["Dagger Throw","Prepared"],"picked":"Blade Dance+1","floor":19},{"not_picked":["Slice+1","Bullet Time","Bane+1"],"picked":"Singing Bowl","floor":24},{"not_picked":["Dodge and Roll","Riddle With Holes+1","Distraction"],"picked":"Singing Bowl","floor":28},{"not_picked":["Bouncing Flask+1","Heel Hook"],"picked":"Terror+1","floor":29},{"not_picked":["Poisoned Stab+1","Dagger Throw+1"],"picked":"Sucker Punch","floor":31},{"not_picked":["Storm of Steel","Wraith Form v2"],"picked":"Adrenaline","floor":33},{"not_picked":["Underhanded Strike","Flying Knee+1","Riddle With Holes+1"],"picked":"Singing Bowl","floor":35},{"not_picked":["Outmaneuver+1","Terror+1"],"picked":"Cloak And Dagger+1","floor":36},{"not_picked":["Backflip+1","Bane","Dagger Throw"],"picked":"Singing Bowl","floor":39},{"not_picked":["Dagger Throw+1","Slice","Dagger Spray+1"],"picked":"Singing Bowl","floor":40},{"not_picked":["Underhanded Strike+1","Eviscerate+1","Infinite Blades+1"],"picked":"Singing Bowl","floor":45},{"not_picked":["All Out Attack","Poisoned Stab+1"],"picked":"Blade Dance+1","floor":46},{"not_picked":["Madness","Dark Shackles"],"picked":"Deep Breath","floor":48}],"player_experience":719451,"relics_obtained":[{"floor":7,"key":"Singing Bowl"},{"floor":9,"key":"Kunai"},{"floor":10,"key":"Shuriken"},{"floor":24,"key":"Darkstone Periapt"},{"floor":26,"key":"Vajra"},{"floor":36,"key":"Nunchaku"},{"floor":40,"key":"The Courier"},{"floor":43,"key":"Sundial"}],"event_choices":[{"cards_removed":["Strike_G"],"damage_healed":0,"gold_gain":0,"player_choice":"Card Removal","damage_taken":7,"max_hp_gain":0,"max_hp_loss":0,"event_name":"Golden Wing","floor":2,"gold_loss":0},{"cards_removed":["Strike_G"],"damage_healed":0,"gold_gain":0,"player_choice":"Card Removal","damage_taken":0,"max_hp_gain":0,"max_hp_loss":0,"event_name":"The Cleric","floor":3,"gold_loss":50},{"damage_healed":0,"gold_gain":0,"player_choice":"Success","damage_taken":25,"relics_obtained":["Paper Crane"],"max_hp_gain":0,"max_hp_loss":0,"event_name":"Scrap Ooze","floor":5,"gold_loss":0},{"damage_healed":0,"gold_gain":0,"player_choice":"Read","damage_taken":0,"max_hp_gain":0,"max_hp_loss":0,"event_name":"The Library","floor":20,"gold_loss":0,"cards_obtained":["Riddle With Holes"]},{"damage_healed":0,"gold_gain":0,"player_choice":"Ignored","damage_taken":0,"max_hp_gain":0,"max_hp_loss":0,"event_name":"Ghosts","floor":21,"gold_loss":0},{"damage_healed":0,"gold_gain":0,"player_choice":"Simplicity","damage_taken":0,"max_hp_gain":0,"max_hp_loss":0,"event_name":"Back to Basics","floor":27,"gold_loss":0,"cards_upgraded":["Defend_G","Defend_G","Defend_G","Defend_G","Defend_G","Strike_G","Strike_G","Strike_G"]},{"damage_healed":0,"gold_gain":0,"player_choice":"Ignored","damage_taken":0,"max_hp_gain":0,"max_hp_loss":0,"event_name":"Cursed Tome","floor":30,"gold_loss":0},{"damage_healed":0,"gold_gain":0,"player_choice":"Fight","damage_taken":0,"max_hp_gain":0,"max_hp_loss":0,"event_name":"MindBloom","floor":36,"gold_loss":0},{"damage_healed":0,"gold_gain":0,"player_choice":"Ignored","damage_taken":0,"max_hp_gain":0,"max_hp_loss":0,"event_name":"Mysterious Sphere","floor":37,"gold_loss":0},{"cards_removed":["Defend_G"],"damage_healed":0,"gold_gain":0,"player_choice":"Removed Skill","damage_taken":0,"max_hp_gain":0,"max_hp_loss":0,"event_name":"Falling","floor":38,"gold_loss":0},{"damage_healed":0,"gold_gain":0,"player_choice":"Max HP","damage_taken":0,"max_hp_gain":0,"max_hp_loss":4,"event_name":"Winding Halls","floor":42,"gold_loss":0},{"damage_healed":0,"gold_gain":0,"player_choice":"Ignored","damage_taken":0,"max_hp_gain":0,"max_hp_loss":0,"event_name":"Tomb of Lord Red Mask","floor":47,"gold_loss":0},{"damage_healed":0,"gold_gain":0,"player_choice":"Memory 1","damage_taken":0,"max_hp_gain":0,"max_hp_loss":0,"event_name":"SensoryStone","floor":48,"gold_loss":0}],"is_beta":false,"boss_relics":[{"not_picked":["Eternal Feather","Fusion Hammer"],"picked":"Philosopher\u0027s Stone"},{"not_picked":["Orrery","Velvet Choker"],"picked":"WristBlade"}],"items_purged_floors":[],"is_endless":false,"potions_floor_spawned":[1,12,13,16,28,29,31,35,45],"ascension_level":10}