{"gold_per_floor":[117,127,52,227,245,245,245,245,245,278,298,298,309,335,335,335],"floor_reached":16,"playtime":576,"items_purged":[],"score":110,"play_id":"bffb17fd-9b1e-47a9-844e-ff7f5d679770","local_time":"20190226170442","is_ascension_mode":false,"campfire_choices":[{"data":"Corruption","floor":6.0,"key":"SMITH"},{"data":"Feel No Pain","floor":8.0,"key":"SMITH"},{"floor":12.0,"key":"REST"},{"data":"Second Wind","floor":15.0,"key":"SMITH"}],"neow_cost":"NONE","seed_source_timestamp":1196983767408987,"circlet_count":0,"master_deck":["Strike_R","Strike_R","Strike_R","Strike_R","Strike_R","Defend_R","Defend_R","Defend_R","Defend_R","Bash","Headbutt","Corruption+1","Feel No Pain+1","Doubt","Headbutt","Intimidate","Second Wind+1"],"special_seed":0,"relics":["Burning Blood","NeowsBlessing","FossilizedHelix","Frozen Egg 2","Omamori","Unceasing Top"],"potions_floor_usage":[16],"damage_taken":[{"damage":0.0,"enemies":"2 Louse","floor":1.0,"turns":1.0},{"damage":0.0,"enemies":"Jaw Worm","floor":2.0,"turns":1.0},{"damage":0.0,"enemies":"Small Slimes","floor":5.0,"turns":1.0},{"damage":36.0,"enemies":"Gremlin Nob","floor":10.0,"turns":6.0},{"damage":9.0,"enemies":"Exordium Wildlife","floor":11.0,"turns":3.0},{"damage":0.0,"enemies":"Looter","floor":13.0,"turns":3.0},{"damage":9.0,"enemies":"3 Sentries","floor":14.0,"turns":6.0},{"damage":80,"enemies":"The Guardian","floor":16,"turns":15}],"seed_played":"-4939138727587557346","potions_obtained":[{"floor":10.0,"key":"LiquidBronze"},{"floor":13.0,"key":"Explosive Potion"},{"floor":14.0,"key":"Weak Potion"}],"is_trial":false,"path_per_floor":["M","M","$","?","M","R","T","R","T","E","M","R","M","E","R","B"],"character_chosen":"IRONCLAD","items_purchased":["Feel No Pain"],"campfire_rested":1,"item_purchase_floors":[3],"current_hp_per_floor":[80,80,80,80,80,80,80,80,80,50,47,71,77,74,74,0],"gold":335,"neow_bonus":"THREE_ENEMY_KILL","is_prod":false,"is_daily":false,"chose_seed":false,"campfire_upgraded":3,"win_rate":0,"timestamp":1551218682,"path_taken":["M","M","$","?","M","R","?","R","T","E","M","R","M","E","R","BOSS"],"build_version":"2019-01-23","purchased_purges":0,"victory":false,"max_hp_per_floor":[80,80,80,80,80,80,80,80,80,80,80,80,80,80,80,80],"card_choices":[{"not_picked":["Armaments","True Grit"],"picked":"Headbutt","floor":1.0},{"not_picked":["Headbutt","Reaper"],"picked":"Corruption","floor":2.0},{"not_picked":["Sword Boomerang","True Grit","Perfected Strike"],"picked":"SKIP","floor":5.0},{"not_picked":["Searing Blow","Metallicize+1"],"picked":"Headbutt","floor":10.0},{"not_picked":["Havoc","Clash","Rampage"],"picked":"SKIP","floor":11.0},{"not_picked":["Clothesline","Rampage"],"picked":"Intimidate","floor":13.0},{"not_picked":["Thunderclap","Sword Boomerang"],"picked":"Second Wind","floor":14.0}],"player_experience":487978,"relics_obtained":[{"floor":7.0,"key":"FossilizedHelix"},{"floor":9.0,"key":"Frozen Egg 2"},{"floor":10.0,"key":"Omamori"},{"floor":14.0,"key":"Unceasing Top"}],"event_choices":[{"damage_healed":0.0,"max_hp_gain":0.0,"max_hp_loss":0.0,"gold_gain":175.0,"event_name":"Liars Game","player_choice":"AGREE","floor":4.0,"gold_loss":0.0,"damage_taken":0.0,"cards_obtained":["Doubt"]}],"is_beta":false,"boss_relics":[],"items_purged_floors":[],"is_endless":false,"potions_floor_spawned":[10,13,14],"killed_by":"The Guardian","ascension_level":0}