{"path_per_floor":["M","?","?","M","M","E","?","M","T","M","R","?","?","M","R","B",null,"M","?","$","?","M","R","M"],"character_chosen":"THE_SILENT","items_purchased":["Tough Bandages","Backflip"],"gold_per_floor":[118,118,193,203,222,248,248,259,259,278,278,278,278,294,294,372,372,383,433,55,55,70,70,86,86],"floor_reached":25,"campfire_rested":1,"playtime":1144,"current_hp_per_floor":[63,63,52,52,52,29,29,28,28,20,20,20,43,36,36,18,57,37,37,37,37,21,42,6,35],"items_purged":["Strike_G"],"gold":86,"score":335,"play_id":"480e2d43-9aaa-4d10-a194-d2ad5d30e851","local_time":"20180330124107","is_prod":false,"is_daily":false,"is_ascension_mode":true,"campfire_upgraded":2,"timestamp":1522381267,"path_taken":["M","?","?","?","M","E","?","M","T","M","R","?","?","M","R","BOSS","M","?","$","?","M","R","M","E"],"build_version":"2018-03-29","purchased_purges":1,"victory":false,"master_deck":["Defend_G","Defend_G","Defend_G","Defend_G","Defend_G+1","Strike_G","Strike_G","Strike_G","Survivor+1","Neutralize","AscendersBane","Deadly Poison+1","Flying Knee","Slice","Well Laid Plans+1","Backstab","Choke+1","A Thousand Cuts","Calculated Gamble","Backflip","After Image","Cloak And Dagger"],"max_hp_per_floor":[70,70,70,70,70,70,70,70,70,70,70,70,70,70,70,70,70,70,70,70,70,70,70,70,70],"relics":["Ring of the Snake","NeowsBlessing","Juzu Bracelet","War Paint","Lizard Tail","Tough Bandages"],"card_choices":[{"not_picked":["Finisher","PiercingWail"],"picked":"Deadly Poison","floor":1},{"not_picked":["Sucker Punch","Dodge and Roll"],"picked":"Flying Knee","floor":4},{"not_picked":["Accuracy","Bane"],"picked":"Slice","floor":5},{"not_picked":["Quick Slash","Expertise"],"picked":"Well Laid Plans","floor":6},{"not_picked":["Bane","Deflect"],"picked":"Backstab","floor":8},{"not_picked":["Deflect","Slice"],"picked":"Choke","floor":10},{"not_picked":["Doppelganger","Tools of the Trade"],"picked":"A Thousand Cuts","floor":16},{"not_picked":["Deadly Poison","Flying Knee"],"picked":"Calculated Gamble","floor":18},{"not_picked":["Outmaneuver","Deadly Poison"],"picked":"After Image","floor":22},{"not_picked":["Slice","Quick Slash"],"picked":"Cloak And Dagger","floor":24}],"player_experience":382758,"potions_floor_usage":[16,16,22,24,25],"damage_taken":[{"damage":0,"enemies":"Small Slimes","floor":1,"turns":1},{"damage":0,"enemies":"Cultist","floor":4,"turns":1},{"damage":0,"enemies":"2 Louse","floor":5,"turns":1},{"damage":23,"enemies":"3 Sentries","floor":6,"turns":12},{"damage":1,"enemies":"2 Fungi Beasts","floor":8,"turns":4},{"damage":8,"enemies":"3 Louse","floor":10,"turns":2},{"damage":7,"enemies":"Exordium Thugs","floor":14,"turns":3},{"damage":30,"enemies":"Hexaghost","floor":16,"turns":10},{"damage":20,"enemies":"Shell Parasite","floor":18,"turns":6},{"damage":16,"enemies":"Spheric Guardian","floor":22,"turns":5},{"damage":36,"enemies":"Chosen and Byrds","floor":24,"turns":8},{"damage":13,"enemies":"Gremlin Leader","floor":25,"turns":9}],"event_choices":[{"event_name":"Bonfire Elementals","player_choice":"BASIC","floor":2,"damage_taken":0},{"event_name":"World of Goop","player_choice":"Gather Gold","floor":3,"damage_taken":0},{"event_name":"Living Wall","player_choice":"Grow","floor":7,"damage_taken":0},{"event_name":"Shining Light","player_choice":"Ignored","floor":12,"damage_taken":0},{"event_name":"Big Fish","player_choice":"Banana","floor":13,"damage_taken":0},{"event_name":"The Joust","player_choice":"Bet on Murderer","floor":19,"damage_taken":0},{"event_name":"Vampires","player_choice":"Ignored","floor":21,"damage_taken":0}],"boss_relics":[{"not_picked":["Calling Bell","White Beast Statue"],"picked":"Lizard Tail"}],"potions_floor_spawned":[1,8,10,16,22],"seed_played":"-7186217196397870068","killed_by":"Gremlin Leader","ascension_level":13,"is_trial":false}