{"gold_per_floor":[109,122,142,154,164,190,190,225,252,269,280,280,297,314,314,390,390,330,24,24,24,24,24,24,24,24,24,24,24,24,24,24,24,24,24,24,24,24,24,24,24,24,24,24,24,24,24],"floor_reached":47,"playtime":1772,"items_purged":["Strike_R"],"score":929,"play_id":"dc38480c-92c9-42b5-8a12-4d33dae98aea","local_time":"20180827233121","is_ascension_mode":true,"campfire_choices":[{"data":"Demon Form","floor":7,"key":"SMITH"},{"data":"Spot Weakness","floor":12,"key":"SMITH"},{"data":"Second Wind","floor":15,"key":"SMITH"},{"data":"Whirlwind","floor":23,"key":"SMITH"},{"data":"Feel No Pain","floor":25,"key":"SMITH"},{"floor":27,"key":"REST"},{"floor":32,"key":"REST"},{"data":"Evolve","floor":40,"key":"SMITH"},{"floor":44,"key":"REST"}],"neow_cost":"NONE","seed_source_timestamp":39335936408247,"circlet_count":0,"master_deck":["Strike_R","Defend_R","Defend_R","Defend_R","Bash","AscendersBane","Wild Strike","Spot Weakness+1","Feel No Pain+1","Twin Strike","Demon Form+1","Shrug It Off","Battle Trance","Second Wind+1","Fiend Fire","Necronomicurse","Whirlwind+1","Evolve+1","Entrench+1","Iron Wave+1","Uppercut+1","Writhe"],"relics":["Burning Blood","Bottled Tornado","Orichalcum","Strawberry","Ectoplasm","Pen Nib","Necronomicon","Juzu Bracelet","The Courier","Boot","MutagenicStrength","Astrolabe","Pear"],"potions_floor_usage":[6,6,16,18,24],"damage_taken":[{"damage":1,"enemies":"Cultist","floor":1,"turns":4},{"damage":6,"enemies":"2 Louse","floor":2,"turns":4},{"damage":0,"enemies":"Small Slimes","floor":3,"turns":3},{"damage":11,"enemies":"2 Fungi Beasts","floor":4,"turns":4},{"damage":14,"enemies":"Red Slaver","floor":5,"turns":5},{"damage":7,"enemies":"Gremlin Nob","floor":6,"turns":3},{"damage":35,"enemies":"Lagavulin","floor":8,"turns":6},{"damage":8,"enemies":"Looter","floor":10,"turns":3},{"damage":3,"enemies":"2 Fungi Beasts","floor":11,"turns":3},{"damage":3,"enemies":"Blue Slaver","floor":13,"turns":3},{"damage":18,"enemies":"Lots of Slimes","floor":14,"turns":6},{"damage":0,"enemies":"Slime Boss","floor":16,"turns":7},{"damage":22,"enemies":"2 Thieves","floor":18,"turns":4},{"damage":4,"enemies":"Chosen","floor":20,"turns":4},{"damage":8,"enemies":"Centurion and Healer","floor":22,"turns":5},{"damage":26,"enemies":"Slavers","floor":24,"turns":2},{"damage":29,"enemies":"Gremlin Leader","floor":28,"turns":4},{"damage":18,"enemies":"Snake Plant","floor":30,"turns":3},{"damage":1,"enemies":"Collector","floor":33,"turns":6},{"damage":34,"enemies":"Flame Bruiser 1 Orb","floor":35,"turns":5},{"damage":30,"enemies":"3 Shapes","floor":39,"turns":3},{"damage":15,"enemies":"3 Darklings","floor":41,"turns":3},{"damage":15,"enemies":"Maw","floor":42,"turns":5},{"damage":52,"enemies":"4 Shapes","floor":46,"turns":3},{"damage":25,"enemies":"2 Orb Walkers","floor":47,"turns":1}],"seed_played":"4505823801024044151","potions_obtained":[{"floor":1,"key":"FearPotion"},{"floor":2,"key":"SteroidPotion"},{"floor":8,"key":"PowerPotion"},{"floor":11,"key":"Poison Potion"},{"floor":14,"key":"BloodPotion"},{"floor":18,"key":"FearPotion"},{"floor":30,"key":"Strength Potion"}],"is_trial":false,"path_per_floor":["M","M","M","M","M","E","R","E","T","M","M","R","M","M","R","B",null,"M","$","M","?","M","R","E","R","T","R","E","?","M","?","R","B",null,"M","?","?","?","M","R","M","M","T","R","$","M"],"character_chosen":"IRONCLAD","items_purchased":["Pen Nib","BloodPotion"],"campfire_rested":3,"item_purchase_floors":[19,19],"current_hp_per_floor":[73,73,75,70,62,61,61,32,39,37,40,40,43,31,31,37,71,63,63,65,44,42,42,30,30,30,54,31,31,19,35,59,64,78,50,50,66,66,42,42,33,24,34,61,61,15,0],"gold":24,"neow_bonus":"REMOVE_CARD","is_prod":false,"is_daily":false,"chose_seed":false,"campfire_upgraded":6,"win_rate":0,"timestamp":1535380281,"path_taken":["M","M","?","M","M","E","R","E","T","M","M","R","M","M","R","BOSS","M","$","M","?","M","R","E","R","T","R","E","?","M","?","R","BOSS","M","?","?","?","M","R","M","M","T","R","$","M","E"],"build_version":"2018-08-23v2","purchased_purges":1,"victory":false,"max_hp_per_floor":[75,75,75,75,75,75,75,75,82,82,82,82,82,82,82,82,82,82,82,82,82,82,82,82,82,82,82,82,82,82,82,82,82,82,82,82,82,82,82,82,82,82,92,92,92,92,92],"card_choices":[{"not_picked":["Intimidate","Pummel"],"picked":"Wild Strike","floor":1},{"not_picked":["Infernal Blade","Sword Boomerang","Wild Strike"],"picked":"SKIP","floor":2},{"not_picked":["Sever Soul","Dual Wield"],"picked":"Spot Weakness","floor":3},{"not_picked":["Sword Boomerang","Intimidate"],"picked":"Feel No Pain","floor":4},{"not_picked":["Warcry","Infernal Blade"],"picked":"Twin Strike","floor":5},{"not_picked":["Twin Strike","Iron Wave"],"picked":"Demon Form","floor":6},{"not_picked":["Sword Boomerang","Feel No Pain"],"picked":"Shrug It Off","floor":8},{"not_picked":["Inflame","Anger"],"picked":"Battle Trance","floor":10},{"not_picked":["Pommel Strike","Exhume","Flex"],"picked":"SKIP","floor":11},{"not_picked":["Wild Strike","Shrug It Off"],"picked":"Second Wind","floor":13},{"not_picked":["Wild Strike","Iron Wave","Pommel Strike"],"picked":"SKIP","floor":14},{"not_picked":["Juggernaut","Dark Embrace"],"picked":"Fiend Fire","floor":16},{"not_picked":["Seeing Red","Clothesline","Headbutt"],"picked":"SKIP","floor":18},{"not_picked":["Sword Boomerang","Pommel Strike","Metallicize"],"picked":"SKIP","floor":20},{"not_picked":["Sentinel","Flex"],"picked":"Whirlwind","floor":22},{"not_picked":["Wild Strike","True Grit","Cleave"],"picked":"SKIP","floor":24},{"not_picked":["Reckless Charge","Warcry"],"picked":"Evolve","floor":28},{"not_picked":["Headbutt","Rampage","Inflame"],"picked":"SKIP","floor":30},{"not_picked":["Wild Strike","Evolve","Clothesline"],"picked":"SKIP","floor":35},{"not_picked":["Cleave","Anger","Warcry"],"picked":"SKIP","floor":39},{"not_picked":["Corruption+1","Cleave","Warcry"],"picked":"SKIP","floor":41},{"not_picked":["Battle Trance","Pommel Strike","True Grit"],"picked":"SKIP","floor":42},{"not_picked":["Demon Form","Headbutt","Perfected Strike+1"],"picked":"SKIP","floor":46}],"player_experience":614315,"relics_obtained":[{"floor":6,"key":"Bottled Tornado"},{"floor":8,"key":"Orichalcum"},{"floor":9,"key":"Strawberry"},{"floor":21,"key":"Necronomicon"},{"floor":24,"key":"Juzu Bracelet"},{"floor":26,"key":"The Courier"},{"floor":28,"key":"Boot"},{"floor":43,"key":"Pear"}],"event_choices":[{"event_name":"Cursed Tome","player_choice":"Obtained Book","floor":21,"damage_taken":0},{"event_name":"Drug Dealer","player_choice":"Inject Mutagens","floor":29,"damage_taken":0},{"event_name":"The Library","player_choice":"Heal","floor":31,"damage_taken":0},{"event_name":"Match and Keep!","player_choice":"0 cards matched","floor":36,"damage_taken":0},{"event_name":"Winding Halls","player_choice":"Writhe","floor":37,"damage_taken":0},{"event_name":"Mysterious Sphere","player_choice":"Ignore","floor":38,"damage_taken":0}],"is_beta":false,"boss_relics":[{"not_picked":["Philosopher\u0027s Stone","White Beast Statue"],"picked":"Ectoplasm"},{"not_picked":["Orrery","Black Star"],"picked":"Astrolabe"}],"items_purged_floors":[19],"is_endless":false,"potions_floor_spawned":[1,2,3,8,11,14,18,30,33,41,46],"killed_by":"2 Orb Walkers","ascension_level":15}