{"path_per_floor":["M","M","$","?","M","E","$","R","T","M","M","E","?","M","R","B",null,"M","$","?","M","M","R","M"],"character_chosen":"IRONCLAD","items_purchased":["Armaments","Iron Wave"],"gold_per_floor":[114,133,13,13,25,59,11,11,11,28,38,71,71,96,96,224,224,245,145,145,159,184,184,198,198],"floor_reached":25,"campfire_rested":3,"playtime":1622,"current_hp_per_floor":[72,77,77,77,80,63,63,80,80,74,72,47,47,53,74,21,74,65,65,65,59,49,71,19,0],"items_purged":["Defend_R","Strike_R"],"gold":198,"score":247,"play_id":"d8d4b106-7b1a-4772-add0-165ef0ba87c4","local_time":"20180507190351","is_prod":false,"is_daily":false,"chose_seed":false,"is_ascension_mode":true,"campfire_upgraded":0,"timestamp":1525741431,"path_taken":["M","M","$","?","M","E","$","R","T","M","M","E","?","M","R","BOSS","M","$","?","M","M","R","M","E"],"build_version":"2018-05-03","seed_source_timestamp":2259537227387046,"purchased_purges":2,"victory":false,"master_deck":["Strike_R","Strike_R","Strike_R","Strike_R","Defend_R","Defend_R","Defend_R","Bash","Body Slam","Disarm","Armaments+1","Entrench","True Grit","Iron Wave","Body Slam","Feel No Pain","Intimidate","Juggernaut","Shrug It Off","Bash","Battle Trance+1"],"max_hp_per_floor":[80,80,80,80,80,80,80,80,80,80,80,80,74,74,74,74,74,74,74,74,74,74,74,74,74],"relics":["Burning Blood","Meat on the Bone","Question Card","Oddly Smooth Stone","Golden Idol","Runic Cube"],"card_choices":[{"not_picked":["Sever Soul","Perfected Strike"],"picked":"Body Slam","floor":1},{"not_picked":["Perfected Strike","Headbutt"],"picked":"Disarm","floor":2},{"not_picked":["Clothesline","Fire Breathing"],"picked":"Entrench","floor":5},{"not_picked":["Second Wind","Flame Barrier"],"picked":"True Grit","floor":6},{"not_picked":["Whirlwind","Twin Strike","Iron Wave"],"picked":"Body Slam","floor":11},{"not_picked":["Sentinel","True Grit","Anger"],"picked":"Feel No Pain","floor":12},{"not_picked":["Anger","Perfected Strike","Whirlwind"],"picked":"Intimidate","floor":14},{"not_picked":["Berserk","Double Tap","Limit Break"],"picked":"Juggernaut","floor":16},{"not_picked":["Anger","Headbutt","Uppercut"],"picked":"Shrug It Off","floor":18},{"not_picked":["Sever Soul","Clash","Twin Strike"],"picked":"Battle Trance","floor":24}],"player_experience":337101,"potions_floor_usage":[5,11,16,24],"damage_taken":[{"damage":14,"enemies":"Small Slimes","floor":1,"turns":5},{"damage":1,"enemies":"Cultist","floor":2,"turns":3},{"damage":2,"enemies":"Jaw Worm","floor":5,"turns":3},{"damage":23,"enemies":"3 Sentries","floor":6,"turns":8},{"damage":12,"enemies":"Exordium Wildlife","floor":10,"turns":4},{"damage":8,"enemies":"Gremlin Gang","floor":11,"turns":7},{"damage":43,"enemies":"Lagavulin","floor":12,"turns":9},{"damage":0,"enemies":"Looter","floor":14,"turns":2},{"damage":71,"enemies":"Slime Boss","floor":16,"turns":21},{"damage":15,"enemies":"Chosen","floor":18,"turns":8},{"damage":12,"enemies":"Shell Parasite","floor":21,"turns":11},{"damage":28,"enemies":"Snecko","floor":22,"turns":8},{"damage":70,"enemies":"Cultist and Chosen","floor":24,"turns":9},{"damage":23,"enemies":"Book of Stabbing","floor":25,"turns":4}],"event_choices":[{"event_name":"Upgrade Shrine","player_choice":"Upgraded","floor":4,"damage_taken":0},{"event_name":"Golden Idol","player_choice":"Lose Max HP","floor":13,"damage_taken":0},{"event_name":"Match and Keep!","player_choice":"1 cards matched","floor":20,"damage_taken":0}],"boss_relics":[{"not_picked":["Runic Dome","Runic Pyramid"],"picked":"Runic Cube"}],"potions_floor_spawned":[1,5,10,12,18],"seed_played":"6998177840210275873","killed_by":"Book of Stabbing","ascension_level":3,"is_trial":false}