{"gold_per_floor":[113,113,113,125,200,375,394,418,468,485,502,502],"floor_reached":12,"playtime":291,"items_purged":[],"score":109,"play_id":"828cd375-41fe-42d4-bd2e-3a6e3adb7a97","local_time":"20181104152602","is_ascension_mode":true,"campfire_choices":[],"neow_cost":"NONE","seed_source_timestamp":72630578585126,"circlet_count":0,"master_deck":["AscendersBane","Strike_B","Strike_B","Strike_B","Defend_B","Defend_B","Defend_B","Defend_B","Zap","Dualcast","Coolheaded","Hello World","Doubt","Sunder","Sweeping Beam","Aggregate"],"relics":["Runic Dome","Lantern","Smiling Mask","Blood Vial"],"potions_floor_usage":[11],"damage_taken":[{"damage":13,"enemies":"Small Slimes","floor":1,"turns":4},{"damage":6,"enemies":"Jaw Worm","floor":4,"turns":4},{"damage":10,"enemies":"2 Louse","floor":7,"turns":3},{"damage":8,"enemies":"2 Fungi Beasts","floor":10,"turns":3},{"damage":9,"enemies":"Red Slaver","floor":11,"turns":4},{"damage":6,"enemies":"Large Slime","floor":12,"turns":1}],"seed_played":"-866689958765106848","potions_obtained":[{"floor":10,"key":"SpeedPotion"}],"is_trial":false,"path_per_floor":["M","?","?","M","?","?","M","T","T","M","M","M"],"character_chosen":"DEFECT","items_purchased":[],"campfire_rested":0,"item_purchase_floors":[],"current_hp_per_floor":[55,48,41,35,24,24,14,14,14,8,1,0],"gold":502,"neow_bonus":"BOSS_RELIC","is_prod":false,"is_daily":false,"chose_seed":false,"campfire_upgraded":0,"win_rate":0,"timestamp":1541373962,"path_taken":["M","?","?","M","?","?","?","?","T","M","M","M"],"build_version":"2018-11-01","purchased_purges":0,"victory":false,"max_hp_per_floor":[75,75,75,75,75,75,75,75,75,75,75,75],"card_choices":[{"not_picked":["Redo","Sweeping Beam"],"picked":"Coolheaded","floor":1},{"not_picked":["Cold Snap","Coolheaded"],"picked":"Hello World","floor":4},{"not_picked":["Ball Lightning","Stack"],"picked":"Sunder","floor":7},{"not_picked":["Barrage","Compile Driver"],"picked":"Sweeping Beam","floor":10},{"not_picked":["Rebound","Compile Driver"],"picked":"Aggregate","floor":11}],"player_experience":339837,"relics_obtained":[{"floor":8,"key":"Smiling Mask"},{"floor":9,"key":"Blood Vial"}],"event_choices":[{"damage_healed":0,"gold_gain":0,"player_choice":"Success","damage_taken":7,"relics_obtained":["Lantern"],"max_hp_gain":0,"max_hp_loss":0,"event_name":"Scrap Ooze","floor":2,"gold_loss":0},{"cards_removed":["Strike_B"],"damage_healed":0,"gold_gain":0,"player_choice":"Card Removal","damage_taken":7,"max_hp_gain":0,"max_hp_loss":0,"event_name":"Golden Wing","floor":3,"gold_loss":0},{"damage_healed":0,"gold_gain":75,"player_choice":"Gather Gold","damage_taken":11,"max_hp_gain":0,"max_hp_loss":0,"event_name":"World of Goop","floor":5,"gold_loss":0},{"damage_healed":0,"gold_gain":175,"player_choice":"AGREE","damage_taken":0,"max_hp_gain":0,"max_hp_loss":0,"event_name":"Liars Game","floor":6,"gold_loss":0,"cards_obtained":["Doubt"]}],"is_beta":false,"boss_relics":[],"items_purged_floors":[],"is_endless":false,"potions_floor_spawned":[10],"killed_by":"Large Slime","ascension_level":11}