{"path_per_floor":["M","M","?","M","M","R","E","R","T","R","?","M","M","M","R","B",null,"M","?","M","M","M","R","M","?","T","R","M","$","?","M","R","B",null,"M","?","?","M","?","R","M","M","T","R","?","M","R","$","R","B"],"character_chosen":"THE_SILENT","items_purchased":["Master of Strategy","Mercury Hourglass"],"gold_per_floor":[16,36,36,54,67,67,96,96,145,145,245,258,277,297,297,400,400,419,344,355,366,382,382,397,297,297,297,317,61,61,76,76,172,172,185,185,185,200,300,300,320,340,340,340,340,351,351,7,7,7],"floor_reached":51,"campfire_rested":5,"playtime":6040,"current_hp_per_floor":[70,67,60,59,36,36,32,32,32,32,32,32,32,21,57,26,70,48,48,45,8,6,42,21,21,21,21,7,7,7,4,40,21,70,61,61,51,43,43,43,40,32,32,32,32,11,47,47,70,67],"items_purged":["Strike_G","Writhe"],"gold":7,"play_id":"dfcbb08c-e3cf-4ece-9fbd-b1c6fcc8cf06","is_prod":false,"is_daily":false,"is_ascension_mode":false,"campfire_upgraded":6,"path_taken":["M","M","?","M","M","R","E","R","T","R","?","M","?","M","R","BOSS","M","?","M","M","M","R","M","?","T","R","M","$","?","M","R","BOSS","M","?","?","M","?","R","M","M","T","R","?","?","R","$","R","BOSS"],"build_version":"2018-02-01-PROD3","purchased_purges":2,"victory":true,"master_deck":["Defend_G","Defend_G","Defend_G","Defend_G","Strike_G","Survivor","Neutralize+1","Acrobatics+1","Quick Slash","Terror+1","Tactician","Infinite Blades","Storm of Steel+1","Outmaneuver","PiercingWail","Noxious Fumes","Backstab","Escape Plan","J.A.X.","Cloak And Dagger+1","Master of Strategy","Noxious Fumes+1","Escape Plan","Madness","Madness","Acrobatics+1","Footwork+1","After Image+1"],"max_hp_per_floor":[70,70,70,70,70,70,70,70,70,70,70,70,70,70,70,70,70,70,70,70,70,70,70,70,70,70,70,70,70,70,70,70,70,70,70,70,70,70,70,70,70,70,70,70,70,70,70,70,70,70],"relics":["Ring of the Snake","Calipers","Regal Pillow","Sozu","Gambling Chip","Kunai","Dead Branch","Mercury Hourglass"],"card_choices":[{"not_picked":["Slice","Endless Agony"],"picked":"Acrobatics"},{"not_picked":["Predator","Caltrops"],"picked":"Quick Slash"},{"not_picked":["Dagger Spray","Acrobatics"],"picked":"Terror"},{"not_picked":["Glass Knife","Infinite Blades"],"picked":"Tactician"},{"not_picked":["Bane","Finisher"],"picked":"Infinite Blades"},{"not_picked":["Corpse Explosion","Wraith Form"],"picked":"Storm of Steel"},{"not_picked":["Sucker Punch","All Out Attack"],"picked":"Outmaneuver"},{"not_picked":["Quick Slash","Prepared"],"picked":"PiercingWail"},{"not_picked":["Deadly Poison","Sucker Punch"],"picked":"Noxious Fumes"},{"not_picked":["Dagger Spray","Riddle With Holes"],"picked":"Backstab"},{"not_picked":["Underhanded Strike","Caltrops"],"picked":"Escape Plan"},{"not_picked":["Poisoned Stab","Acrobatics"],"picked":"Cloak And Dagger"},{"not_picked":["Blade Dance","Dodge and Roll"],"picked":"Noxious Fumes"},{"not_picked":["Masterful Stab","Choke"],"picked":"Escape Plan"},{"not_picked":["Setup","Outmaneuver"],"picked":"Acrobatics"},{"not_picked":["Bouncing Flask","Slice"],"picked":"Footwork"},{"not_picked":["Setup","Acrobatics"],"picked":"After Image"}],"player_experience":142446,"potions_floor_usage":[7,7,16],"damage_taken":[{"damage":0,"enemies":"Cultist","floor":1,"turns":4},{"damage":3,"enemies":"Small Slimes","floor":2,"turns":4},{"damage":1,"enemies":"2 Louse","floor":4,"turns":3},{"damage":23,"enemies":"Exordium Thugs","floor":5,"turns":8},{"damage":19,"enemies":"3 Sentries","floor":7,"turns":9},{"damage":0,"enemies":"2 Fungi Beasts","floor":12,"turns":3},{"damage":0,"enemies":"Red Slaver","floor":13,"turns":4},{"damage":11,"enemies":"3 Louse","floor":14,"turns":3},{"damage":31,"enemies":"Hexaghost","floor":16,"turns":10},{"damage":22,"enemies":"Spheric Guardian","floor":18,"turns":4},{"damage":3,"enemies":"3 Byrds","floor":20,"turns":5},{"damage":37,"enemies":"Cultist and Chosen","floor":21,"turns":12},{"damage":2,"enemies":"Centurion and Healer","floor":22,"turns":6},{"damage":21,"enemies":"Snecko","floor":24,"turns":4},{"damage":14,"enemies":"Chosen and Byrds","floor":28,"turns":6},{"damage":3,"enemies":"Snake Plant","floor":31,"turns":4},{"damage":19,"enemies":"Champ","floor":33,"turns":10},{"damage":9,"enemies":"Orb Walker","floor":35,"turns":4},{"damage":8,"enemies":"3 Darklings","floor":38,"turns":6},{"damage":3,"enemies":"Maw","floor":41,"turns":7},{"damage":8,"enemies":"4 Shapes","floor":42,"turns":6},{"damage":21,"enemies":"Sphere and 2 Shapes","floor":46,"turns":5},{"damage":3,"enemies":"Donu and Deca","floor":50,"turns":9}],"event_choices":[{"event_name":"Golden Wing","player_choice":"Card Removal","floor":3,"damage_taken":0},{"event_name":"Golden Shrine","player_choice":"Pray","floor":11,"damage_taken":0},{"event_name":"Beggar","player_choice":"Gave Gold","floor":19,"damage_taken":0},{"event_name":"Drug Dealer","player_choice":"Got JAXXED","floor":25,"damage_taken":0},{"event_name":"The Mausoleum","player_choice":"Yes","floor":30,"damage_taken":0},{"event_name":"Mysterious Sphere","player_choice":"Ignore","floor":36,"damage_taken":0},{"event_name":"Winding Halls","player_choice":"Embrace Madness","floor":37,"damage_taken":0},{"event_name":"Golden Shrine","player_choice":"Pray","floor":39,"damage_taken":0},{"event_name":"The Moai Head","player_choice":"Ignored","floor":45,"damage_taken":0}],"boss_relics":[{"not_picked":["Runic Dome","Orrery"],"picked":"Sozu"},{"not_picked":["White Beast Statue","Calling Bell","Runic Pyramid"]}],"potions_floor_spawned":[2,5,14,16,18,21,24,35,41,42],"seed_played":"3774113585928427822","ascension_level":0,"is_trial":false}