{"gold_per_floor":[114,114,64,79,94,94,124,124,124,124,139,139,169,244,244,344,344,359,374,389,464,479,479,494,509,509,524,524,539,554,569,569,669,669,684,684,684,684,684,684,684],"floor_reached":41,"playtime":2178,"items_purged":[],"score":530,"play_id":"867ee1fb-a040-482a-850b-8ae1a9b20c8c","local_time":"20190306183016","daily_mods":["Chimera","Hoarder","Terminal"],"is_ascension_mode":false,"campfire_choices":[{"data":"Armaments","floor":6.0,"key":"SMITH"},{"data":"Armaments","floor":8.0,"key":"SMITH"},{"data":"Armaments","floor":12.0,"key":"SMITH"},{"floor":15.0,"key":"REST"},{"data":"Flex","floor":23.0,"key":"SMITH"},{"data":"Flex","floor":28.0,"key":"SMITH"},{"data":"Flex","floor":32.0,"key":"SMITH"},{"data":"Havoc","floor":40.0,"key":"SMITH"}],"neow_cost":"","seed_source_timestamp":0,"circlet_count":0,"master_deck":["Bash","Survivor","Zap","Strike_R","Strike_G+1","Strike_B","Defend_G","Defend_B","Pummel","Pummel","Pummel","Twin Strike","Twin Strike+1","Twin Strike","Armaments+1","Armaments+1","Armaments+1","Headbutt","Headbutt","Headbutt","Pummel","Pummel","Pummel","Exhume","Exhume","Exhume","Sword Boomerang","Sword Boomerang","Sword Boomerang","Spot Weakness+1","Spot Weakness+1","Spot Weakness+1","Flex+1","Flex+1","Flex+1","Pommel Strike","Pommel Strike","Pommel Strike","Heavy Blade+1","Heavy Blade+1","Heavy Blade+1","Pommel Strike","Pommel Strike","Pommel Strike","Limit Break","Limit Break","Limit Break","Havoc+1","Havoc+1","Havoc+1","Havoc+1","Havoc","Seeing Red","Seeing Red","Seeing Red"],"special_seed":17960,"relics":["Burning Blood","Omamori","Whetstone","Magic Flower","Orichalcum","Coffee Dripper","Question Card","Runic Pyramid","Juzu Bracelet"],"potions_floor_usage":[],"damage_taken":[{"damage":0.0,"enemies":"Small Slimes","floor":1.0,"turns":4.0},{"damage":0.0,"enemies":"2 Louse","floor":4.0,"turns":2.0},{"damage":1.0,"enemies":"Cultist","floor":5.0,"turns":3.0},{"damage":18.0,"enemies":"Gremlin Nob","floor":7.0,"turns":4.0},{"damage":11.0,"enemies":"Large Slime","floor":11.0,"turns":3.0},{"damage":19.0,"enemies":"Lagavulin","floor":13.0,"turns":5.0},{"damage":15.0,"enemies":"Slime Boss","floor":16.0,"turns":7.0},{"damage":2.0,"enemies":"3 Byrds","floor":18.0,"turns":4.0},{"damage":3.0,"enemies":"2 Thieves","floor":19.0,"turns":4.0},{"damage":4.0,"enemies":"Chosen and Byrds","floor":20.0,"turns":4.0},{"damage":15.0,"enemies":"Centurion and Healer","floor":22.0,"turns":4.0},{"damage":24.0,"enemies":"Shelled Parasite and Fungi","floor":24.0,"turns":3.0},{"damage":0.0,"enemies":"Chosen and Byrds","floor":25.0,"turns":3.0},{"damage":23.0,"enemies":"Snecko","floor":27.0,"turns":6.0},{"damage":7.0,"enemies":"Shelled Parasite and Fungi","floor":29.0,"turns":2.0},{"damage":0.0,"enemies":"Cultist and Chosen","floor":30.0,"turns":4.0},{"damage":10.0,"enemies":"Snake Plant","floor":31.0,"turns":2.0},{"damage":24.0,"enemies":"Automaton","floor":33.0,"turns":6.0},{"damage":8.0,"enemies":"Orb Walker","floor":35.0,"turns":3.0},{"damage":15.0,"enemies":"2 Orb Walkers","floor":39.0,"turns":2.0},{"damage":55,"enemies":"Nemesis","floor":41,"turns":4}],"seed_played":"-7796585460280550823","potions_obtained":[{"floor":1.0,"key":"Block Potion"},{"floor":7.0,"key":"LiquidBronze"},{"floor":11.0,"key":"Strength Potion"},{"floor":16.0,"key":"Regen Potion"},{"floor":20.0,"key":"SpeedPotion"},{"floor":29.0,"key":"SmokeBomb"},{"floor":30.0,"key":"EssenceOfSteel"},{"floor":31.0,"key":"Dexterity Potion"},{"floor":33.0,"key":"SkillPotion"}],"is_trial":false,"path_per_floor":["M","?","?","M","M","R","E","R","T","?","M","R","E","?","R","B",null,"M","M","M","?","M","R","M","M","T","M","R","M","M","M","R","B",null,"M","?","?","?","?","R","E"],"character_chosen":"IRONCLAD","items_purchased":[],"campfire_rested":1,"item_purchase_floors":[],"current_hp_per_floor":[78,77,76,75,74,73,61,61,61,54,52,52,42,31,50,44,62,61,60,59,54,57,56,41,50,50,36,36,38,47,46,46,31,45,44,43,42,41,35,35,0],"gold":684,"neow_bonus":"","is_prod":false,"is_daily":true,"chose_seed":false,"campfire_upgraded":7,"win_rate":0,"timestamp":1551864616,"path_taken":["M","?","?","M","M","R","E","R","T","?","M","R","E","?","R","BOSS","M","M","M","?","?","R","M","M","T","M","R","M","M","M","R","BOSS","M","?","?","?","?","R","E"],"build_version":"2019-01-23","purchased_purges":0,"victory":false,"max_hp_per_floor":[78,77,76,75,74,73,72,71,70,69,68,67,66,65,64,63,62,61,60,59,58,57,56,55,54,53,52,51,50,49,48,47,46,45,44,43,42,41,40,39,39],"card_choices":[{"not_picked":["Heavy Blade","Clothesline"],"picked":"Pummel","floor":1.0},{"not_picked":["Ghostly Armor","Rupture"],"picked":"Twin Strike","floor":4.0},{"not_picked":["Pommel Strike","Anger"],"picked":"Armaments","floor":5.0},{"not_picked":["Entrench","Second Wind"],"picked":"Headbutt","floor":7.0},{"not_picked":["True Grit","Ghostly Armor"],"picked":"Pummel","floor":11.0},{"not_picked":["Blood for Blood","Shrug It Off","True Grit"],"picked":"SKIP","floor":13.0},{"not_picked":["Impervious","Fiend Fire"],"picked":"Exhume","floor":16.0},{"not_picked":["Clothesline","Blood for Blood"],"picked":"Sword Boomerang","floor":18.0},{"not_picked":["Clothesline","Metallicize"],"picked":"Spot Weakness+1","floor":19.0},{"not_picked":["Iron Wave","Heavy Blade"],"picked":"Flex","floor":20.0},{"not_picked":["Ghostly Armor","Heavy Blade"],"picked":"Pommel Strike","floor":22.0},{"not_picked":["Shockwave+1","Entrench"],"picked":"Heavy Blade+1","floor":24.0},{"not_picked":["Body Slam","True Grit"],"picked":"Pommel Strike","floor":25.0},{"not_picked":["Fire Breathing+1","Flex","Spot Weakness+1"],"picked":"Limit Break","floor":27.0},{"not_picked":["Warcry+1","Twin Strike+1","Pommel Strike"],"picked":"Havoc+1","floor":29.0},{"not_picked":["Clash","Feel No Pain","Heavy Blade","Anger"],"picked":"SKIP","floor":30.0},{"not_picked":["Twin Strike","Disarm","Wild Strike"],"picked":"Havoc","floor":31.0},{"not_picked":["Sword Boomerang","Perfected Strike+1","Pommel Strike"],"picked":"Seeing Red","floor":35.0}],"player_experience":125821,"relics_obtained":[{"floor":7.0,"key":"Omamori"},{"floor":9.0,"key":"Whetstone"},{"floor":13.0,"key":"Orichalcum"},{"floor":26.0,"key":"Question Card"}],"event_choices":[{"damage_healed":0.0,"max_hp_gain":0.0,"max_hp_loss":0.0,"gold_gain":0.0,"event_name":"Liars Game","player_choice":"Ignored","floor":2.0,"gold_loss":0.0,"damage_taken":0.0},{"cards_removed":["Defend_R"],"damage_healed":0.0,"max_hp_gain":0.0,"max_hp_loss":0.0,"gold_gain":0.0,"event_name":"The Cleric","player_choice":"Card Removal","floor":3.0,"gold_loss":50.0,"damage_taken":0.0},{"damage_healed":0.0,"max_hp_gain":0.0,"max_hp_loss":0.0,"gold_gain":0.0,"event_name":"Scrap Ooze","player_choice":"Success","floor":10.0,"gold_loss":0.0,"damage_taken":7.0,"relics_obtained":["Magic Flower"]},{"damage_healed":0.0,"max_hp_gain":0.0,"max_hp_loss":0.0,"gold_gain":75.0,"event_name":"World of Goop","player_choice":"Gather Gold","floor":14.0,"gold_loss":0.0,"damage_taken":11.0},{"damage_healed":0.0,"max_hp_gain":0.0,"max_hp_loss":0.0,"gold_gain":75.0,"event_name":"FaceTrader","player_choice":"Touch","floor":21.0,"gold_loss":0.0,"damage_taken":5.0},{"cards_removed":["Havoc"],"damage_healed":0.0,"max_hp_gain":0.0,"max_hp_loss":0.0,"gold_gain":0.0,"event_name":"Falling","player_choice":"Removed Skill","floor":36.0,"gold_loss":0.0,"damage_taken":0.0},{"damage_healed":0.0,"max_hp_gain":0.0,"max_hp_loss":0.0,"gold_gain":0.0,"event_name":"WeMeetAgain","player_choice":"Gave Potion","floor":37.0,"gold_loss":0.0,"damage_taken":0.0,"relics_obtained":["Juzu Bracelet"]},{"damage_healed":0.0,"max_hp_gain":0.0,"max_hp_loss":0.0,"gold_gain":0.0,"event_name":"Tomb of Lord Red Mask","player_choice":"Ignored","floor":38.0,"gold_loss":0.0,"damage_taken":0.0},{"damage_healed":0.0,"max_hp_gain":0.0,"max_hp_loss":0.0,"gold_gain":0.0,"event_name":"Mysterious Sphere","player_choice":"Fight","floor":39.0,"gold_loss":0.0,"damage_taken":0.0}],"is_beta":false,"boss_relics":[{"not_picked":["Mark of Pain","Empty Cage"],"picked":"Coffee Dripper"},{"not_picked":["Snecko Eye","Calling Bell"],"picked":"Runic Pyramid"}],"items_purged_floors":[],"is_endless":false,"potions_floor_spawned":[1,7,11,16,20,29,30,31,33],"killed_by":"Nemesis","ascension_level":0}