{"gold_per_floor":[117,45,61,78,78,78,106,134,134,134,36,36,54,54,54,153,153,165,89,75,75,86,86,47,64,64,64,64,77,77,77,77,174,174,187,206,206,6,6,6,6,25,25,25,25],"floor_reached":45,"playtime":2994,"items_purged":["Strike_G","Writhe"],"score":409,"play_id":"4f41d126-04d5-4f90-b678-af60abc2a1d5","local_time":"20190306171351","is_ascension_mode":false,"campfire_choices":[{"data":"Footwork","floor":6,"key":"SMITH"},{"data":"Backstab","floor":10,"key":"SMITH"},{"data":"Dagger Spray","floor":12,"key":"SMITH"},{"floor":15,"key":"REST"},{"data":"Malaise","floor":23,"key":"SMITH"},{"data":"Night Terror","floor":27,"key":"SMITH"},{"data":"Backflip","floor":30,"key":"SMITH"},{"floor":32,"key":"REST"},{"data":"Bullet Time","floor":41,"key":"SMITH"},{"floor":44,"key":"REST"}],"neow_cost":"NONE","seed_source_timestamp":19540007346518,"circlet_count":0,"master_deck":["Defend_G+1","Defend_G","Defend_G+1","Defend_G","Defend_G","Strike_G","Strike_G","Survivor+1","Neutralize","Deflect","Footwork+1","Caltrops+1","Backstab+1","Acrobatics","Dagger Spray+1","Dodge and Roll","Malaise+1","Backflip+1","Deflect","Dagger Throw","Dagger Spray","Cloak And Dagger","Night Terror+1","Backflip","Blur","Noxious Fumes+1","Bullet Time+1","Prepared+1","Concentrate+1"],"relics":["Ring of the Snake","NeowsBlessing","Odd Mushroom","Question Card","Bottled Lightning","Orrery","Juzu Bracelet","Smiling Mask","Eternal Feather","War Paint","Bottled Tornado"],"potions_floor_usage":[8,8,20,20,25,25,35,36],"damage_taken":[{"damage":0,"enemies":"Cultist","floor":1,"turns":1},{"damage":0,"enemies":"2 Louse","floor":3,"turns":1},{"damage":0,"enemies":"Jaw Worm","floor":4,"turns":1},{"damage":15,"enemies":"The Mushroom Lair","floor":7,"turns":8},{"damage":19,"enemies":"Lagavulin","floor":8,"turns":12},{"damage":2,"enemies":"Exordium Wildlife","floor":13,"turns":3},{"damage":22,"enemies":"Hexaghost","floor":16,"turns":13},{"damage":0,"enemies":"Shell Parasite","floor":18,"turns":7},{"damage":13,"enemies":"2 Thieves","floor":20,"turns":4},{"damage":15,"enemies":"Shelled Parasite and Fungi","floor":22,"turns":10},{"damage":6,"enemies":"Snecko","floor":25,"turns":8},{"damage":4,"enemies":"Centurion and Healer","floor":29,"turns":16},{"damage":32,"enemies":"Champ","floor":33,"turns":23},{"damage":65,"enemies":"3 Darklings","floor":35,"turns":6},{"damage":3,"enemies":"Orb Walker","floor":36,"turns":5},{"damage":24,"enemies":"Sphere and 2 Shapes","floor":42,"turns":8},{"damage":71,"enemies":"Transient","floor":45,"turns":5}],"seed_played":"8236876778209029220","potions_obtained":[{"floor":1,"key":"FearPotion"},{"floor":4,"key":"Energy Potion"},{"floor":7,"key":"Energy Potion"},{"floor":16,"key":"Ancient Potion"},{"floor":18,"key":"LiquidBronze"},{"floor":22,"key":"Poison Potion"},{"floor":29,"key":"Regen Potion"},{"floor":35,"key":"AttackPotion"}],"is_trial":false,"path_per_floor":["M","$","M","M","?","R","?","E","T","R","$","R","M","?","R","B",null,"M","$","M","?","M","R","$","M","T","R","$","M","R","?","R","B",null,"M","M","?","$","?","?","R","M","T","R","M"],"character_chosen":"THE_SILENT","items_purchased":["Footwork","Dagger Spray","Night Terror","Blur","War Paint"],"campfire_rested":3,"item_purchase_floors":[2,11,19,24,38],"current_hp_per_floor":[70,70,70,70,75,75,60,41,41,41,41,41,39,24,46,24,75,75,75,62,62,47,47,47,41,41,41,41,37,37,37,59,27,75,22,19,19,19,19,19,34,10,10,47,0],"gold":25,"neow_bonus":"THREE_ENEMY_KILL","is_prod":false,"is_daily":false,"chose_seed":false,"campfire_upgraded":7,"win_rate":0,"timestamp":1551921231,"path_taken":["M","$","M","?","?","R","?","E","T","R","?","R","?","?","R","BOSS","M","$","M","?","M","R","?","M","T","R","$","M","R","?","R","BOSS","M","M","?","$","?","?","R","M","T","R","M"],"build_version":"2019-01-23","purchased_purges":2,"victory":false,"max_hp_per_floor":[70,70,70,70,75,75,75,75,75,75,75,75,75,75,75,75,75,75,75,75,75,75,75,75,75,75,75,75,75,75,75,75,75,75,75,75,75,75,75,75,75,75,75,75,75],"card_choices":[{"not_picked":["Sucker Punch","Acrobatics"],"picked":"Deflect","floor":1},{"not_picked":["Deflect","Slice","Doppelganger"],"picked":"SKIP","floor":3},{"not_picked":["Outmaneuver","Setup"],"picked":"Caltrops","floor":4},{"not_picked":["Poisoned Stab","Cloak And Dagger"],"picked":"Backstab","floor":7},{"not_picked":["Deadly Poison","Slice"],"picked":"Acrobatics","floor":8},{"not_picked":["PiercingWail","Deadly Poison","Blade Dance"],"picked":"Dodge and Roll","floor":13},{"not_picked":["Bullet Time","Tools of the Trade","Envenom"],"picked":"Malaise","floor":16},{"not_picked":["Dodge and Roll","Predator","Escape Plan"],"picked":"Backflip","floor":17},{"not_picked":["Setup","Riddle With Holes","Expertise"],"picked":"Deflect","floor":17},{"not_picked":["PiercingWail","Prepared","Wraith Form v2"],"picked":"Dagger Throw","floor":17},{"not_picked":["Escape Plan","Dodge and Roll","Flying Knee"],"picked":"Dagger Spray","floor":17},{"not_picked":["Flying Knee","Deflect","Setup"],"picked":"Cloak And Dagger","floor":18},{"not_picked":["Leg Sweep","Cloak And Dagger","Reflex+1"],"picked":"Backflip","floor":20},{"not_picked":["Underhanded Strike","Bouncing Flask+1","Flying Knee","PiercingWail"],"picked":"SKIP","floor":22},{"not_picked":["Underhanded Strike","Sucker Punch","Venomology"],"picked":"Noxious Fumes+1","floor":25},{"not_picked":["Bane","Poisoned Stab","Cloak And Dagger","Riddle With Holes"],"picked":"SKIP","floor":29},{"not_picked":["Phantasmal Killer","Unload","Storm of Steel"],"picked":"Bullet Time","floor":33},{"not_picked":["Poisoned Stab","Choke","Quick Slash+1"],"picked":"Prepared+1","floor":35},{"not_picked":["Masterful Stab+1","All Out Attack+1","Backflip+1","Finisher"],"picked":"SKIP","floor":36},{"not_picked":["Caltrops","Infinite Blades+1","Setup"],"picked":"Concentrate+1","floor":42}],"player_experience":309924,"relics_obtained":[{"floor":7,"key":"Odd Mushroom"},{"floor":8,"key":"Question Card"},{"floor":9,"key":"Bottled Lightning"},{"floor":26,"key":"Juzu Bracelet"},{"floor":43,"key":"Bottled Tornado"}],"event_choices":[{"damage_healed":0,"gold_gain":0,"player_choice":"Donut","damage_taken":0,"max_hp_gain":5,"max_hp_loss":0,"event_name":"Big Fish","floor":5,"gold_loss":0},{"damage_healed":0,"gold_gain":0,"player_choice":"Fought Mushrooms","damage_taken":0,"max_hp_gain":0,"max_hp_loss":0,"event_name":"Mushrooms","floor":7,"gold_loss":0},{"damage_healed":0,"gold_gain":0,"player_choice":"Entered Light","damage_taken":15,"max_hp_gain":0,"max_hp_loss":0,"event_name":"Shining Light","floor":14,"gold_loss":0,"cards_upgraded":["Caltrops","Defend_G"]},{"damage_healed":0,"gold_gain":0,"player_choice":"Ignored","damage_taken":0,"max_hp_gain":0,"max_hp_loss":0,"event_name":"NoteForYourself","floor":21,"gold_loss":0},{"damage_healed":0,"gold_gain":0,"player_choice":"Opened","damage_taken":0,"relics_obtained":["Smiling Mask"],"max_hp_gain":0,"max_hp_loss":0,"event_name":"The Mausoleum","floor":31,"gold_loss":0,"cards_obtained":["Writhe"]},{"cards_removed":["Strike_G"],"damage_healed":0,"gold_gain":0,"player_choice":"Card Removal","damage_taken":0,"max_hp_gain":0,"max_hp_loss":0,"event_name":"Wheel of Change","floor":37,"gold_loss":0},{"damage_healed":0,"gold_gain":0,"player_choice":"Ignored","damage_taken":0,"max_hp_gain":0,"max_hp_loss":0,"event_name":"SecretPortal","floor":39,"gold_loss":0},{"cards_removed":["Strike_G"],"damage_healed":0,"gold_gain":0,"player_choice":"Purged","damage_taken":0,"max_hp_gain":0,"max_hp_loss":0,"event_name":"Purifier","floor":40,"gold_loss":0}],"is_beta":false,"boss_relics":[{"not_picked":["Coffee Dripper","White Beast Statue"],"picked":"Orrery"},{"not_picked":["Cursed Key","Tiny House"],"picked":"Eternal Feather"}],"items_purged_floors":[11,38],"is_endless":false,"potions_floor_spawned":[1,4,7,16,18,22,29,35],"killed_by":"Transient","ascension_level":0}