{"gold_per_floor":[111,126,139,149,168,168,168,168,247,247,271,309,323,323,323,451,451,475,475,488,488,512,552,651,294,320,320,345,359,359,359,359,459,459,476,121,121,145,161,194,194,65,91,23,68,68,83,94,94,94],"floor_reached":50,"playtime":4271,"items_purged":["Finisher+1"],"score":567,"play_id":"66986036-2014-4abf-a15e-65597bda3104","local_time":"20190205224838","is_ascension_mode":false,"campfire_choices":[{"data":"Crippling Poison","floor":6,"key":"SMITH"},{"data":"Bane","floor":8,"key":"SMITH"},{"data":"Survivor","floor":10,"key":"SMITH"},{"floor":15,"key":"REST"},{"data":"After Image","floor":30,"key":"SMITH"},{"floor":32,"key":"REST"},{"data":"Bouncing Flask","floor":41,"key":"SMITH"},{"data":"Noxious Fumes","floor":49,"key":"SMITH"}],"neow_cost":"NONE","seed_source_timestamp":452658395490536,"circlet_count":0,"master_deck":["Defend_G","Defend_G","Defend_G","Defend_G","Defend_G","Survivor+1","Crippling Poison+1","Sucker Punch","Bane+1","Distraction","Deadly Poison","Dagger Throw+1","Leg Sweep","Bouncing Flask+1","After Image+1","Necronomicurse","Heel Hook+1","Bite+1","Bite+1","Bite+1","Bite+1","Bite+1","Bane+1","Bane+1","Deflect","Dagger Spray+1","Deflect","Die Die Die+1","Deadly Poison","Poisoned Stab+1","Sucker Punch+1","Poisoned Stab+1","Noxious Fumes+1","Terror","Writhe"],"relics":["Ring of the Snake","Bloody Idol","Molten Egg 2","Tough Bandages","Lizard Tail","Necronomicon","Strawberry","PreservedInsect","Snake Skull","Velvet Choker","Oddly Smooth Stone","Bronze Scales","Ornamental Fan","Centennial Puzzle","Bird Faced Urn"],"potions_floor_usage":[12,18,18,23,23,28,28,33,39,40,45,47,47,48,50],"damage_taken":[{"damage":2,"enemies":"2 Louse","floor":1,"turns":3},{"damage":0,"enemies":"Small Slimes","floor":2,"turns":4},{"damage":3,"enemies":"Jaw Worm","floor":3,"turns":5},{"damage":6,"enemies":"Blue Slaver","floor":4,"turns":6},{"damage":6,"enemies":"Looter","floor":5,"turns":4},{"damage":4,"enemies":"2 Fungi Beasts","floor":11,"turns":2},{"damage":23,"enemies":"Gremlin Nob","floor":12,"turns":4},{"damage":0,"enemies":"3 Louse","floor":13,"turns":3},{"damage":32,"enemies":"The Guardian","floor":16,"turns":9},{"damage":2,"enemies":"3 Byrds","floor":18,"turns":3},{"damage":11,"enemies":"2 Thieves","floor":20,"turns":4},{"damage":7,"enemies":"Snake Plant","floor":22,"turns":4},{"damage":60,"enemies":"Gremlin Leader","floor":23,"turns":6},{"damage":3,"enemies":"Snecko","floor":28,"turns":4},{"damage":10,"enemies":"3 Cultists","floor":29,"turns":5},{"damage":62,"enemies":"Collector","floor":33,"turns":10},{"damage":26,"enemies":"3 Darklings","floor":35,"turns":5},{"damage":26,"enemies":"3 Shapes","floor":39,"turns":4},{"damage":20,"enemies":"Reptomancer","floor":40,"turns":5},{"damage":28,"enemies":"2 Orb Walkers","floor":45,"turns":4},{"damage":5,"enemies":"Jaw Worm Horde","floor":47,"turns":3},{"damage":8,"enemies":"Sphere and 2 Shapes","floor":48,"turns":4},{"damage":102,"enemies":"Time Eater","floor":50,"turns":10}],"seed_played":"-6571720937761563345","potions_obtained":[{"floor":1,"key":"Poison Potion"},{"floor":5,"key":"Weak Potion"},{"floor":12,"key":"Explosive Potion"},{"floor":16,"key":"SkillPotion"},{"floor":20,"key":"Block Potion"},{"floor":28,"key":"Ancient Potion"},{"floor":29,"key":"Fire Potion"},{"floor":33,"key":"SneckoOil"},{"floor":39,"key":"GhostInAJar"},{"floor":45,"key":"Dexterity Potion"},{"floor":47,"key":"PowerPotion"}],"is_trial":false,"path_per_floor":["M","M","M","M","M","R","?","R","T","R","M","E","M","?","R","B",null,"M","?","M","?","M","E","?","$","T","?","M","M","R","?","R","B",null,"M","$","?","T","M","E","R","$","T","$","?","?","M","M","R","B"],"character_chosen":"THE_SILENT","items_purchased":["Bane+1","PreservedInsect","Deflect","Block Potion","Poison Potion","Fruit Juice","Poisoned Stab+1","Oddly Smooth Stone","Noxious Fumes","AttackPotion","Terror"],"campfire_rested":2,"item_purchase_floors":[25,25,25,25,25,36,36,36,42,42,44],"current_hp_per_floor":[75,75,72,66,60,60,41,41,41,41,37,14,14,19,43,11,82,80,64,53,53,57,13,13,13,13,13,22,24,24,24,43,41,64,52,52,52,57,50,47,47,47,52,52,38,55,57,68,68,0],"gold":94,"neow_bonus":"TEN_PERCENT_HP_BONUS","is_prod":false,"is_daily":false,"chose_seed":false,"campfire_upgraded":6,"win_rate":0.0,"timestamp":1549414118,"path_taken":["M","M","M","M","M","R","?","R","T","R","M","E","M","?","R","BOSS","M","?","M","?","M","E","?","$","T","?","M","M","R","?","R","BOSS","M","$","?","?","M","E","R","$","T","?","?","?","M","?","R","BOSS"],"build_version":"2019-01-23","purchased_purges":1,"victory":false,"max_hp_per_floor":[77,77,77,77,77,77,77,77,77,77,77,77,77,82,82,82,82,82,82,82,57,57,64,64,64,64,64,64,64,64,64,64,64,64,64,64,64,64,69,69,69,69,69,69,69,69,69,69,69,69],"card_choices":[{"not_picked":["Masterful Stab","Dagger Spray"],"picked":"Crippling Poison","floor":1},{"not_picked":["Expertise","PiercingWail"],"picked":"Sucker Punch","floor":2},{"not_picked":["Outmaneuver","All Out Attack"],"picked":"Bane","floor":3},{"not_picked":["Acrobatics","Blade Dance"],"picked":"Distraction","floor":4},{"not_picked":["Infinite Blades","Bane"],"picked":"Deadly Poison","floor":5},{"not_picked":["Endless Agony+1","Choke+1"],"picked":"Dagger Throw+1","floor":11},{"not_picked":["Deflect","Slice+1"],"picked":"Leg Sweep","floor":12},{"not_picked":["Heel Hook+1","Quick Slash+1"],"picked":"Bouncing Flask","floor":13},{"not_picked":["Burst","Die Die Die+1"],"picked":"After Image","floor":16},{"not_picked":["All Out Attack+1","Reflex","Sucker Punch+1"],"picked":"SKIP","floor":18},{"not_picked":["Flying Knee+1","Prepared+1"],"picked":"Heel Hook+1","floor":20},{"not_picked":["Quick Slash+1","Dagger Throw+1"],"picked":"Bane+1","floor":22},{"not_picked":["Tactician","Underhanded Strike+1"],"picked":"Finisher+1","floor":23},{"not_picked":["Finisher+1","Outmaneuver"],"picked":"Dagger Spray+1","floor":28},{"not_picked":["Sucker Punch+1","Escape Plan"],"picked":"Deflect","floor":29},{"not_picked":["Unload+1","Glass Knife+1"],"picked":"Die Die Die+1","floor":33},{"not_picked":["Eviscerate+1","PiercingWail"],"picked":"Deadly Poison","floor":35},{"not_picked":["PiercingWail+1","Acrobatics+1"],"picked":"Sucker Punch+1","floor":39},{"not_picked":["Calculated Gamble+1","Wraith Form v2"],"picked":"Poisoned Stab+1","floor":40},{"not_picked":["Accuracy+1","Masterful Stab+1","Blade Dance"],"picked":"SKIP","floor":47},{"not_picked":["Quick Slash+1","Underhanded Strike+1","Bane+1"],"picked":"SKIP","floor":48}],"player_experience":59804,"relics_obtained":[{"floor":9,"key":"Molten Egg 2"},{"floor":12,"key":"Tough Bandages"},{"floor":19,"key":"Necronomicon"},{"floor":23,"key":"Strawberry"},{"floor":26,"key":"Snake Skull"},{"floor":38,"key":"Bronze Scales"},{"floor":40,"key":"Ornamental Fan"},{"floor":43,"key":"Centennial Puzzle"},{"floor":45,"key":"Bird Faced Urn"}],"event_choices":[{"damage_healed":0,"gold_gain":0,"player_choice":"Take Damage","damage_taken":19,"relics_obtained":["Golden Idol"],"max_hp_gain":0,"max_hp_loss":0,"event_name":"Golden Idol","floor":7,"gold_loss":0},{"damage_healed":0,"gold_gain":0,"player_choice":"Donut","damage_taken":0,"max_hp_gain":5,"max_hp_loss":0,"event_name":"Big Fish","floor":14,"gold_loss":0},{"damage_healed":0,"gold_gain":0,"player_choice":"Obtained Book","damage_taken":16,"max_hp_gain":0,"max_hp_loss":0,"event_name":"Cursed Tome","floor":19,"gold_loss":0},{"damage_healed":0,"gold_gain":0,"player_choice":"Became a vampire","damage_taken":0,"max_hp_gain":0,"max_hp_loss":25,"event_name":"Vampires","floor":21,"gold_loss":0,"cards_obtained":["Bite","Bite","Bite","Bite","Bite"]},{"damage_healed":0,"gold_gain":99,"player_choice":"Stole From Cult","damage_taken":0,"max_hp_gain":0,"max_hp_loss":0,"event_name":"Nest","floor":24,"gold_loss":0},{"damage_healed":0,"gold_gain":0,"player_choice":"Ignored","damage_taken":0,"max_hp_gain":0,"max_hp_loss":0,"event_name":"Beggar","floor":27,"gold_loss":0},{"damage_healed":0,"gold_gain":0,"player_choice":"Gave Idol","damage_taken":0,"relics_obtained":["Bloody Idol"],"max_hp_gain":0,"max_hp_loss":0,"event_name":"Forgotten Altar","floor":31,"relics_lost":["Golden Idol"],"gold_loss":0},{"cards_removed":["Neutralize"],"damage_healed":0,"gold_gain":0,"player_choice":"Removed Attack","damage_taken":0,"max_hp_gain":0,"max_hp_loss":0,"event_name":"Falling","floor":37,"gold_loss":0},{"damage_healed":0,"gold_gain":0,"player_choice":"Fight","damage_taken":0,"max_hp_gain":0,"max_hp_loss":0,"event_name":"Mysterious Sphere","floor":45,"gold_loss":0},{"damage_healed":17,"gold_gain":0,"player_choice":"Writhe","damage_taken":0,"max_hp_gain":0,"max_hp_loss":0,"event_name":"Winding Halls","floor":46,"gold_loss":0,"cards_obtained":["Writhe"]}],"is_beta":false,"boss_relics":[{"not_picked":["Tiny House","Cursed Key"],"picked":"Lizard Tail"},{"not_picked":["Black Star","Philosopher\u0027s Stone"],"picked":"Velvet Choker"}],"items_purged_floors":[36],"is_endless":false,"potions_floor_spawned":[1,5,12,16,20,28,29,33,39,45,47],"killed_by":"Time Eater","ascension_level":0}