{"gold_per_floor":[115,131,148,148,148,148,148,148,148,158,170,186,201,100,100,197,197,214,247,257,207,257,257,272,272,272,285,303,172,172,195,195,195],"floor_reached":33,"playtime":1684,"items_purged":["Strike_B","Defend_B","Storm+1"],"score":239,"play_id":"14d0c2e9-7cde-49ab-8207-26b588c6176b","local_time":"20190105204938","is_ascension_mode":false,"campfire_choices":[{"data":"Zap","floor":6,"key":"SMITH"},{"data":"Streamline","floor":8,"key":"SMITH"},{"data":"Hologram","floor":15,"key":"SMITH"},{"data":"FTL","floor":23,"key":"SMITH"},{"data":"Barrage","floor":25,"key":"SMITH"},{"floor":32,"key":"REST"}],"neow_cost":"NONE","seed_source_timestamp":1753326150573112,"circlet_count":0,"master_deck":["Strike_B","Strike_B","Strike_B","Defend_B","Defend_B","Defend_B+1","Zap+1","Dualcast","Beam Cell","Streamline+1","Cold Snap","Barrage+1","BootSequence","Cold Snap","Hologram+1","Electrodynamics","Leap+1","FTL+1","Loop+1","Ball Lightning","Fusion"],"relics":["Cracked Core","NeowsBlessing","Smiling Mask","Nuclear Battery","Red Mask","Mummified Hand","Bottled Tornado","Happy Flower"],"potions_floor_usage":[28,33],"damage_taken":[{"damage":0,"enemies":"Cultist","floor":1,"turns":1},{"damage":0,"enemies":"2 Louse","floor":2,"turns":1},{"damage":0,"enemies":"Small Slimes","floor":3,"turns":1},{"damage":9,"enemies":"3 Louse","floor":10,"turns":3},{"damage":8,"enemies":"Lots of Slimes","floor":11,"turns":5},{"damage":8,"enemies":"Red Slaver","floor":12,"turns":3},{"damage":0,"enemies":"Exordium Wildlife","floor":13,"turns":2},{"damage":18,"enemies":"Slime Boss","floor":16,"turns":6},{"damage":9,"enemies":"2 Thieves","floor":18,"turns":4},{"damage":0,"enemies":"Masked Bandits","floor":19,"turns":2},{"damage":0,"enemies":"3 Byrds","floor":20,"turns":3},{"damage":7,"enemies":"3 Cultists","floor":24,"turns":5},{"damage":12,"enemies":"Centurion and Healer","floor":27,"turns":4},{"damage":37,"enemies":"Snake Plant","floor":28,"turns":4},{"damage":42,"enemies":"Champ","floor":33,"turns":9}],"seed_played":"-7571346169322218408","potions_obtained":[{"floor":1,"key":"Dexterity Potion"},{"floor":3,"key":"FearPotion"},{"floor":13,"key":"PowerPotion"},{"floor":18,"key":"LiquidBronze"}],"is_trial":false,"path_per_floor":["M","M","M","?","?","R","?","R","T","M","M","M","M","$","R","B",null,"M","?","M","$","?","R","M","R","T","M","M","$","T","T","R","B"],"character_chosen":"DEFECT","items_purchased":["Hologram","Fusion"],"campfire_rested":1,"item_purchase_floors":[14,29],"current_hp_per_floor":[75,75,75,60,75,75,75,75,75,66,58,50,50,50,50,32,75,66,66,66,66,66,66,59,59,59,47,10,10,10,10,32,0],"gold":195,"neow_bonus":"THREE_ENEMY_KILL","is_prod":false,"is_daily":false,"chose_seed":false,"campfire_upgraded":5,"win_rate":0.0,"timestamp":1546739378,"path_taken":["M","M","M","?","?","R","?","R","T","M","M","?","M","$","R","BOSS","M","?","M","$","?","R","?","R","T","M","M","$","?","?","R","BOSS"],"build_version":"2019-01-03v4","purchased_purges":3,"victory":false,"max_hp_per_floor":[75,75,75,75,75,75,75,75,75,75,75,75,75,75,75,75,75,75,75,75,75,75,75,75,75,75,75,75,75,75,75,75,75],"card_choices":[{"not_picked":["Tempest","Reinforced Body"],"picked":"Beam Cell","floor":1},{"not_picked":["Compile Driver","BootSequence"],"picked":"Storm","floor":2},{"not_picked":["Stack","Rip and Tear"],"picked":"Streamline","floor":3},{"not_picked":["Beam Cell","Force Field"],"picked":"Cold Snap","floor":10},{"not_picked":["Auto Shields","Force Field"],"picked":"Barrage","floor":11},{"not_picked":["Stack","Self Repair"],"picked":"BootSequence","floor":12},{"not_picked":["Conserve Battery","Skim"],"picked":"Cold Snap","floor":13},{"not_picked":["Multi-Cast","Creative AI"],"picked":"Electrodynamics","floor":16},{"not_picked":["Darkness+1","Steam"],"picked":"Leap+1","floor":18},{"not_picked":["Coolheaded","Chill"],"picked":"FTL","floor":20},{"not_picked":["Hologram","Chill"],"picked":"Loop+1","floor":24},{"not_picked":["Storm","Sweeping Beam"],"picked":"Ball Lightning","floor":27},{"not_picked":["Leap","Reboot","Chaos"],"picked":"SKIP","floor":28}],"player_experience":12534,"relics_obtained":[{"floor":9,"key":"Smiling Mask"},{"floor":19,"key":"Red Mask"},{"floor":26,"key":"Mummified Hand"},{"floor":30,"key":"Bottled Tornado"},{"floor":31,"key":"Happy Flower"}],"event_choices":[{"damage_healed":0,"gold_gain":0,"player_choice":"Entered Light","damage_taken":15,"max_hp_gain":0,"max_hp_loss":0,"event_name":"Shining Light","floor":4,"gold_loss":0,"cards_upgraded":["Storm","Defend_B"]},{"damage_healed":25,"gold_gain":0,"player_choice":"Banana","damage_taken":0,"max_hp_gain":0,"max_hp_loss":0,"event_name":"Big Fish","floor":5,"gold_loss":0},{"damage_healed":0,"gold_gain":0,"player_choice":"Ignored","damage_taken":0,"max_hp_gain":0,"max_hp_loss":0,"event_name":"NoteForYourself","floor":7,"gold_loss":0},{"damage_healed":0,"gold_gain":0,"player_choice":"Fought Bandits","damage_taken":0,"max_hp_gain":0,"max_hp_loss":0,"event_name":"Masked Bandits","floor":19,"gold_loss":0},{"damage_healed":0,"gold_gain":100,"player_choice":"Bet on Murderer","damage_taken":0,"max_hp_gain":0,"max_hp_loss":0,"event_name":"The Joust","floor":22,"gold_loss":50}],"is_beta":false,"boss_relics":[{"not_picked":["Inserter","Sozu"],"picked":"Nuclear Battery"}],"items_purged_floors":[14,21,29],"is_endless":false,"potions_floor_spawned":[1,3,13,18,24],"killed_by":"Champ","ascension_level":0}