{"gold_per_floor":[119,129,129,129,109,150,180,13,39,52,52,68,88,13,13,138,138,163,186,80],"floor_reached":20,"playtime":1452,"items_purged":[],"score":174,"play_id":"8ca9cb72-f5a0-41f0-bbd6-4da98369724c","local_time":"20190303192055","is_ascension_mode":false,"campfire_choices":[{"floor":11,"key":"REST"},{"data":"Consume","floor":15,"key":"SMITH"}],"neow_cost":"PERCENT_DAMAGE","seed_source_timestamp":3236139872962,"circlet_count":0,"master_deck":["Strike_B","Strike_B+1","Defend_B+1","Defend_B","Defend_B","Defend_B","Zap","Dualcast","Chill","Compile Driver","Auto Shields","Redo","Hologram","Consume+1","Glacier","Doom and Gloom","All For One","Beam Cell","Hologram","Go for the Eyes","Hologram"],"relics":["Cracked Core","Golden Idol","Blood Vial","Tiny Chest","Orichalcum","Black Star"],"potions_floor_usage":[16,16],"damage_taken":[{"damage":0,"enemies":"Jaw Worm","floor":1,"turns":4},{"damage":0,"enemies":"2 Louse","floor":2,"turns":3},{"damage":22,"enemies":"3 Sentries","floor":6,"turns":10},{"damage":0,"enemies":"Small Slimes","floor":10,"turns":3},{"damage":9,"enemies":"2 Fungi Beasts","floor":12,"turns":4},{"damage":0,"enemies":"Large Slime","floor":13,"turns":6},{"damage":30,"enemies":"The Guardian","floor":16,"turns":11},{"damage":39,"enemies":"3 Byrds","floor":18,"turns":7},{"damage":0,"enemies":"Chosen","floor":19,"turns":6}],"seed_played":"-8810856906017297827","potions_obtained":[{"floor":10,"key":"Block Potion"},{"floor":12,"key":"Explosive Potion"},{"floor":16,"key":"SpeedPotion"},{"floor":19,"key":"PowerPotion"}],"is_trial":false,"path_per_floor":["M","M","?","?","?","E","?","$","T","M","R","M","M","$","R","B",null,"M","M","$"],"character_chosen":"DEFECT","items_purchased":["Tiny Chest","Redo","Doom and Gloom","Go for the Eyes","Hologram"],"campfire_rested":1,"item_purchase_floors":[8,8,14,20,20],"current_hp_per_floor":[54,54,54,40,40,18,18,18,18,20,40,33,35,35,35,7,69,30,32,32],"gold":80,"neow_bonus":"REMOVE_TWO","is_prod":false,"is_daily":false,"chose_seed":false,"campfire_upgraded":1,"win_rate":0.0,"timestamp":1551608455,"path_taken":["M","M","?","?","?","E","?","$","T","M","R","M","M","$","R","BOSS","M","M","$"],"build_version":"2019-01-23","purchased_purges":0,"victory":false,"max_hp_per_floor":[75,75,69,69,69,69,69,69,69,69,69,69,69,69,69,69,69,69,69,69],"card_choices":[{"not_picked":["Go for the Eyes","Ball Lightning"],"picked":"Chill","floor":1},{"not_picked":["Conserve Battery","BootSequence"],"picked":"Compile Driver","floor":2},{"not_picked":["Streamline","Stack"],"picked":"Auto Shields","floor":6},{"not_picked":["Go for the Eyes","Heatsinks"],"picked":"Hologram","floor":10},{"not_picked":["Hologram","Cold Snap"],"picked":"Consume","floor":12},{"not_picked":["Beam Cell","Ball Lightning"],"picked":"Glacier","floor":13},{"not_picked":["Machine Learning","Core Surge"],"picked":"All For One","floor":16},{"not_picked":["Melter","Self Repair+1"],"picked":"Beam Cell","floor":18},{"not_picked":["Leap","Barrage+1"],"picked":"Hologram","floor":19}],"player_experience":28217,"relics_obtained":[{"floor":6,"key":"Blood Vial"},{"floor":9,"key":"Orichalcum"}],"event_choices":[{"damage_healed":0,"gold_gain":0,"player_choice":"Lose Max HP","damage_taken":0,"relics_obtained":["Golden Idol"],"max_hp_gain":0,"max_hp_loss":6,"event_name":"Golden Idol","floor":3,"gold_loss":0},{"damage_healed":0,"gold_gain":0,"player_choice":"Entered Light","damage_taken":14,"max_hp_gain":0,"max_hp_loss":0,"event_name":"Shining Light","floor":4,"gold_loss":0,"cards_upgraded":["Defend_B","Strike_B"]},{"damage_healed":0,"gold_gain":0,"player_choice":"Left Gold","damage_taken":0,"max_hp_gain":0,"max_hp_loss":0,"event_name":"World of Goop","floor":5,"gold_loss":20},{"damage_healed":0,"gold_gain":30,"player_choice":"Searched \u00271\u0027 times","damage_taken":0,"max_hp_gain":0,"max_hp_loss":0,"event_name":"Dead Adventurer","floor":7,"gold_loss":0}],"is_beta":false,"boss_relics":[{"not_picked":["Sozu","Busted Crown"],"picked":"Black Star"}],"items_purged_floors":[],"is_endless":false,"potions_floor_spawned":[10,12,16,19],"ascension_level":0}