{"gold_per_floor":[117,128,128,128,128,167,167,208,508,508],"floor_reached":10,"playtime":347,"items_purged":[],"score":133,"play_id":"cf5cff29-0a02-4946-9e56-23a3f190762b","local_time":"20180909135851","is_ascension_mode":true,"campfire_choices":[{"floor":7,"key":"REST"}],"neow_cost":"NONE","seed_source_timestamp":885851234117598,"circlet_count":0,"master_deck":["Strike_B","Strike_B","Strike_B","Strike_B","Defend_B","Defend_B","Defend_B","Defend_B","Zap","Dualcast","AscendersBane","Lockon","Cold Snap","Barrage","Rebound"],"relics":["Cracked Core","Golden Idol","Girya","Blue Candle","Old Coin"],"potions_floor_usage":[6],"damage_taken":[{"damage":8,"enemies":"2 Louse","floor":1,"turns":3},{"damage":7,"enemies":"Jaw Worm","floor":2,"turns":3},{"damage":22,"enemies":"Gremlin Nob","floor":6,"turns":4},{"damage":16,"enemies":"3 Sentries","floor":8,"turns":9},{"damage":31,"enemies":"Lagavulin","floor":10,"turns":5}],"seed_played":"-3567953646109665437","potions_obtained":[{"floor":1,"key":"FearPotion"},{"floor":2,"key":"Ancient Potion"}],"is_trial":false,"path_per_floor":["M","M","?","?","?","E","R","E","T"],"character_chosen":"DEFECT","items_purchased":[],"campfire_rested":1,"item_purchase_floors":[],"current_hp_per_floor":[56,49,49,49,49,27,46,30,30,0],"gold":508,"neow_bonus":"THREE_CARDS","is_prod":false,"is_daily":false,"chose_seed":false,"campfire_upgraded":0,"win_rate":0,"timestamp":1536494331,"path_taken":["M","M","?","?","?","E","R","E","T","E"],"build_version":"2018-09-06","purchased_purges":0,"victory":false,"max_hp_per_floor":[71,71,64,64,64,64,64,64,64,64],"card_choices":[{"not_picked":["Hologram","Turbo"],"picked":"Lockon","floor":0},{"not_picked":["Coolheaded","Turbo"],"picked":"Cold Snap","floor":1},{"not_picked":["Lockon","Sunder"],"picked":"Barrage","floor":2},{"not_picked":["Gash","Sunder"],"picked":"Rebound","floor":6},{"not_picked":["Stack","Static Discharge","Beam Cell"],"picked":"SKIP","floor":8}],"player_experience":975824,"relics_obtained":[{"floor":6,"key":"Girya"},{"floor":8,"key":"Blue Candle"},{"floor":9,"key":"Old Coin"}],"event_choices":[{"event_name":"Golden Idol","player_choice":"Lose Max HP","floor":3,"damage_taken":0},{"event_name":"Liars Game","player_choice":"disagreed","floor":4,"damage_taken":0},{"event_name":"Scrap Ooze","player_choice":"unsuccessful","floor":5,"damage_taken":0}],"is_beta":false,"boss_relics":[],"items_purged_floors":[],"is_endless":false,"potions_floor_spawned":[1,2],"killed_by":"Lagavulin","ascension_level":16}