{"gold_per_floor":[210,230,18,37,37,68,80,126,164,176,208,220,232],"floor_reached":13,"playtime":430,"items_purged":[],"score":177,"play_id":"7e5b8b57-7458-42a5-8860-8875a314afa6","local_time":"20190119203905","is_ascension_mode":true,"campfire_choices":[{"data":"Doom and Gloom","floor":7,"key":"SMITH"},{"data":"Zap","floor":10,"key":"SMITH"},{"data":"Loop","floor":12,"key":"SMITH"}],"neow_cost":"NONE","seed_source_timestamp":793241566994600,"circlet_count":0,"master_deck":["AscendersBane","Strike_B","Strike_B","Strike_B","Defend_B","Defend_B","Defend_B","Defend_B","Zap+1","Dualcast","Cold Snap","Coolheaded","Doom and Gloom+1","Ball Lightning","Loop+1","Hologram"],"relics":["Cracked Core","Sling","MawBank","Vajra","Boot"],"potions_floor_usage":[6],"damage_taken":[{"damage":4,"enemies":"Small Slimes","floor":1,"turns":3},{"damage":4,"enemies":"Jaw Worm","floor":2,"turns":3},{"damage":3,"enemies":"2 Louse","floor":4,"turns":2},{"damage":12,"enemies":"Gremlin Nob","floor":6,"turns":3},{"damage":10,"enemies":"3 Sentries","floor":8,"turns":6},{"damage":2,"enemies":"Blue Slaver","floor":11,"turns":3},{"damage":22,"enemies":"Gremlin Gang","floor":13,"turns":2}],"seed_played":"3960515731003221348","potions_obtained":[{"floor":4,"key":"Fire Potion"},{"floor":8,"key":"SteroidPotion"},{"floor":11,"key":"FearPotion"}],"is_trial":false,"path_per_floor":["M","M","$","M","?","E","R","E","T","R","M","R","M"],"character_chosen":"DEFECT","items_purchased":["Sling"],"campfire_rested":0,"item_purchase_floors":[3],"current_hp_per_floor":[60,56,56,53,46,34,34,24,24,24,22,22,0],"gold":232,"neow_bonus":"HUNDRED_GOLD","is_prod":false,"is_daily":false,"chose_seed":false,"campfire_upgraded":3,"win_rate":0,"timestamp":1547959145,"path_taken":["M","M","$","M","?","E","R","E","T","R","M","R","M"],"build_version":"2019-01-17v2","purchased_purges":0,"victory":false,"max_hp_per_floor":[71,71,71,71,71,71,71,71,71,71,71,71,71],"card_choices":[{"not_picked":["Compile Driver","Conserve Battery"],"picked":"Cold Snap","floor":1},{"not_picked":["Aggregate","Darkness"],"picked":"Coolheaded","floor":2},{"not_picked":["Steam","Aggregate"],"picked":"Doom and Gloom","floor":4},{"not_picked":["Redo","Steam Power"],"picked":"Ball Lightning","floor":6},{"not_picked":["Go for the Eyes","Tempest"],"picked":"Loop","floor":8},{"not_picked":["Sweeping Beam","Fusion"],"picked":"Hologram","floor":11}],"player_experience":555169,"relics_obtained":[{"floor":6,"key":"MawBank"},{"floor":8,"key":"Vajra"},{"floor":9,"key":"Boot"}],"event_choices":[{"cards_removed":["Strike_B"],"damage_healed":0,"gold_gain":0,"player_choice":"Card Removal","damage_taken":7,"max_hp_gain":0,"max_hp_loss":0,"event_name":"Golden Wing","floor":5,"gold_loss":0}],"is_beta":false,"boss_relics":[],"items_purged_floors":[],"is_endless":false,"potions_floor_spawned":[4,8,11],"killed_by":"Gremlin Gang","ascension_level":18}