{"path_per_floor":["M","?","M","M","M","E","R","E","T","E","$","?","R","M","R","B",null,"M","M","?","?","T","R","$","E","T","$","R","?","$","E","R"],"character_chosen":"DEFECT","items_purchased":["Hologram","FearPotion"],"gold_per_floor":[114,114,128,146,160,193,193,228,254,279,204,204,204,221,221,317,317,335,355,270,270,270,270,66,94,149,149,149,149,24,55,55,55],"floor_reached":33,"campfire_rested":2,"playtime":2670,"current_hp_per_floor":[36,61,52,45,44,24,46,28,28,14,14,32,32,13,35,15,75,69,69,69,69,69,69,69,56,56,56,56,72,72,50,50,0],"items_purged":["Strike_B","Strike_B","Strike_B"],"gold":55,"score":344,"play_id":"d1161bad-3b9d-408f-9adc-c99de6b8a147","local_time":"20180518160141","is_prod":false,"is_daily":false,"chose_seed":false,"is_ascension_mode":true,"campfire_upgraded":3,"timestamp":1526626901,"campfire_choices":[{"floor":7,"key":"REST"},{"data":"Beam Cell","floor":13,"key":"SMITH"},{"floor":15,"key":"REST"},{"data":"Parasite","floor":23,"key":"PURGE"},{"data":"Hyperbeam","floor":28,"key":"SMITH"},{"data":"Streamline","floor":32,"key":"SMITH"}],"path_taken":["M","?","M","M","M","E","R","E","T","E","$","?","R","?","R","BOSS","M","M","?","?","?","R","$","E","T","?","R","?","$","E","R","BOSS"],"build_version":"2018-05-17","seed_source_timestamp":337428523310746,"purchased_purges":4,"victory":false,"master_deck":["Strike_B","Defend_B","Defend_B","Defend_B","Defend_B","Zap","Dualcast","Streamline+1","Beam Cell+1","Ball Lightning","Streamline","Skim","Hyperbeam+1","Beam Cell","Hologram","Streamline+1"],"max_hp_per_floor":[75,75,75,75,75,75,75,75,75,75,75,75,75,75,75,75,75,75,75,75,75,75,72,72,72,72,72,72,72,72,74,74,74],"relics":["Cracked Core","Ice Cream","Potion Belt","Orichalcum","Boot","Dream Catcher","Velvet Choker","Torii","Peace Pipe","Singing Bowl","Vajra","Ginger"],"card_choices":[{"not_picked":["Steam Power","Scrape"],"picked":"Streamline","floor":1},{"not_picked":["Reinforced Body","Turbo"],"picked":"Beam Cell","floor":3},{"not_picked":["Redo","Rebound"],"picked":"Ball Lightning","floor":4},{"not_picked":["Beam Cell","Force Field"],"picked":"Streamline","floor":5},{"not_picked":["Genetic Algorithm","Stack","Heatsinks"],"picked":"SKIP","floor":6},{"not_picked":["Streamline","Reinforced Body","Stack"],"picked":"SKIP","floor":8},{"not_picked":["Sweeping Beam","Beam Cell"],"picked":"Skim","floor":10},{"not_picked":["Axe Kick","Genetic Algorithm","Steam"],"picked":"SKIP","floor":14},{"not_picked":["Seek","Electrodynamics"],"picked":"Hyperbeam","floor":16},{"not_picked":["Reprogram","Consume"],"picked":"Beam Cell","floor":18},{"not_picked":["Steam Power+1","Barrage+1","Aggregate"],"picked":"SKIP","floor":19},{"not_picked":["Stack","Steam+1"],"picked":"Streamline+1","floor":25},{"not_picked":["Doom and Gloom","Glacier","Hologram"],"picked":"Singing Bowl","floor":31}],"player_experience":490670,"potions_floor_usage":[6,8,10,25,25],"damage_taken":[{"damage":2,"enemies":"2 Louse","floor":1,"turns":2},{"damage":9,"enemies":"Small Slimes","floor":3,"turns":3},{"damage":7,"enemies":"Jaw Worm","floor":4,"turns":2},{"damage":1,"enemies":"Looter","floor":5,"turns":2},{"damage":20,"enemies":"Lagavulin","floor":6,"turns":5},{"damage":18,"enemies":"Gremlin Nob","floor":8,"turns":4},{"damage":28,"enemies":"Lagavulin","floor":10,"turns":5},{"damage":19,"enemies":"Exordium Thugs","floor":14,"turns":3},{"damage":20,"enemies":"Hexaghost","floor":16,"turns":8},{"damage":6,"enemies":"Shell Parasite","floor":18,"turns":2},{"damage":0,"enemies":"Chosen","floor":19,"turns":3},{"damage":13,"enemies":"Gremlin Leader","floor":25,"turns":4},{"damage":24,"enemies":"Slavers","floor":31,"turns":4},{"damage":64,"enemies":"Automaton","floor":33,"turns":6}],"relics_obtained":[{"floor":6,"key":"Potion Belt"},{"floor":8,"key":"Orichalcum"},{"floor":9,"key":"Boot"},{"floor":10,"key":"Dream Catcher"},{"floor":22,"key":"Peace Pipe"},{"floor":25,"key":"Singing Bowl"},{"floor":26,"key":"Vajra"},{"floor":31,"key":"Ginger"}],"event_choices":[{"event_name":"Big Fish","player_choice":"Banana","floor":2,"damage_taken":0},{"event_name":"Mushrooms","player_choice":"Healed and dodged fight","floor":12,"damage_taken":0},{"event_name":"Addict","player_choice":"Obtained Relic","floor":20,"damage_taken":0},{"event_name":"Ghosts","player_choice":"Ignored","floor":21,"damage_taken":0},{"event_name":"The Library","player_choice":"Heal","floor":29,"damage_taken":0}],"boss_relics":[{"not_picked":["Eternal Feather","Inserter"],"picked":"Velvet Choker"}],"potions_floor_spawned":[1,3,8,16,19],"seed_played":"-4039859150026495738","killed_by":"Automaton","ascension_level":3,"potions_obtained":[{"floor":1,"key":"PowerPotion"},{"floor":3,"key":"SpeedPotion"},{"floor":8,"key":"Regen Potion"},{"floor":16,"key":"Strength Potion"},{"floor":19,"key":"Swift Potion"}],"is_trial":false}