{"gold_per_floor":[111,124,137,150,225,254,254,268,292,310,326,341,352,363,363,363],"floor_reached":16,"playtime":378,"items_purged":[],"score":135,"play_id":"4a875367-dad1-4a44-81a5-f710788a72e4","local_time":"20180914194834","daily_mods":["Draft"],"is_ascension_mode":false,"campfire_choices":[{"data":"Perfected Strike","floor":7,"key":"SMITH"},{"data":"Perfected Strike","floor":15,"key":"SMITH"}],"neow_cost":"","seed_source_timestamp":142069131632588,"circlet_count":0,"master_deck":["Anger","Anger","Anger","Wild Strike","Flex","Clash","Pommel Strike","Heavy Blade","Perfected Strike+1","Whirlwind","Pommel Strike","Cleave","Seeing Red","Body Slam","Sword Boomerang","Seeing Red","Twin Strike","Spot Weakness","Perfected Strike+1","Rage","Whirlwind","Anger","Anger"],"relics":["Burning Blood","Blue Candle","PreservedInsect"],"potions_floor_usage":[6,6,8,14],"damage_taken":[{"damage":0,"enemies":"Cultist","floor":1,"turns":2},{"damage":0,"enemies":"2 Louse","floor":2,"turns":1},{"damage":0,"enemies":"Jaw Worm","floor":3,"turns":1},{"damage":5,"enemies":"Lots of Slimes","floor":4,"turns":2},{"damage":18,"enemies":"Lagavulin","floor":6,"turns":3},{"damage":0,"enemies":"Large Slime","floor":8,"turns":2},{"damage":12,"enemies":"Blue Slaver","floor":10,"turns":2},{"damage":14,"enemies":"Exordium Thugs","floor":11,"turns":3},{"damage":11,"enemies":"Large Slime","floor":12,"turns":2},{"damage":0,"enemies":"Exordium Wildlife","floor":13,"turns":2},{"damage":6,"enemies":"3 Louse","floor":14,"turns":3},{"damage":0,"enemies":"Slime Boss","floor":16,"turns":1}],"seed_played":"5047043758860890547","potions_obtained":[{"floor":3,"key":"AttackPotion"},{"floor":4,"key":"FearPotion"},{"floor":6,"key":"Explosive Potion"},{"floor":8,"key":"Weak Potion"}],"is_trial":true,"path_per_floor":["M","M","M","M","?","E","R","M","T","M","M","M","M","M","R"],"character_chosen":"IRONCLAD","items_purchased":[],"campfire_rested":0,"item_purchase_floors":[],"current_hp_per_floor":[80,80,80,80,69,57,57,63,63,57,49,44,50,50,50,50],"gold":363,"neow_bonus":"","is_prod":false,"is_daily":false,"chose_seed":false,"campfire_upgraded":2,"win_rate":0,"timestamp":1536968914,"path_taken":["M","M","M","M","?","E","R","M","T","M","M","M","?","M","R","BOSS"],"build_version":"2018-09-06","purchased_purges":0,"victory":false,"max_hp_per_floor":[80,80,80,80,80,80,80,80,80,80,80,80,80,80,80,80],"card_choices":[{"not_picked":["Warcry","Shockwave"],"picked":"Anger","floor":0},{"not_picked":["Shrug It Off","Body Slam"],"picked":"Anger","floor":0},{"not_picked":["Bloodletting","Warcry"],"picked":"Anger","floor":0},{"not_picked":["Body Slam","Rampage"],"picked":"Wild Strike","floor":0},{"not_picked":["Body Slam","Fire Breathing"],"picked":"Flex","floor":0},{"not_picked":["Shrug It Off","Warcry"],"picked":"Clash","floor":0},{"not_picked":["Thunderclap","Sword Boomerang"],"picked":"Pommel Strike","floor":0},{"not_picked":["Sword Boomerang","Rampage"],"picked":"Heavy Blade","floor":0},{"not_picked":["Rampage","Cleave"],"picked":"Perfected Strike","floor":0},{"not_picked":["Pummel","Twin Strike"],"picked":"Whirlwind","floor":0},{"not_picked":["Cleave","Armaments"],"picked":"Pommel Strike","floor":0},{"not_picked":["Battle Trance","Clothesline"],"picked":"Cleave","floor":0},{"not_picked":["Warcry","Burning Pact"],"picked":"Seeing Red","floor":0},{"not_picked":["Warcry","Sever Soul"],"picked":"Body Slam","floor":0},{"not_picked":["Cleave","Iron Wave"],"picked":"Sword Boomerang","floor":0},{"not_picked":["Clothesline","Cleave"],"picked":"Seeing Red","floor":1},{"not_picked":["Heavy Blade","Headbutt"],"picked":"Twin Strike","floor":2},{"not_picked":["Clothesline","Shrug It Off"],"picked":"Spot Weakness","floor":3},{"not_picked":["Shockwave","Thunderclap"],"picked":"Perfected Strike","floor":4},{"not_picked":["Armaments","Impervious"],"picked":"Rage","floor":6},{"not_picked":["Burning Pact","Shrug It Off","Dual Wield"],"picked":"SKIP","floor":8},{"not_picked":["Flex","Reckless Charge"],"picked":"Whirlwind","floor":10},{"not_picked":["Cleave","Disarm","Clothesline"],"picked":"SKIP","floor":11},{"not_picked":["Bloodletting","Thunderclap"],"picked":"Anger","floor":12},{"not_picked":["Burning Pact","Iron Wave","Blood for Blood"],"picked":"SKIP","floor":13},{"not_picked":["Power Through","Body Slam"],"picked":"Anger","floor":14}],"player_experience":140886,"relics_obtained":[{"floor":6,"key":"Blue Candle"},{"floor":9,"key":"PreservedInsect"}],"event_choices":[{"event_name":"World of Goop","player_choice":"Gather Gold","floor":5,"damage_taken":0}],"is_beta":false,"boss_relics":[],"items_purged_floors":[],"is_endless":false,"potions_floor_spawned":[3,4,6,8],"killed_by":"Slime Boss","ascension_level":0}