{"gold_per_floor":[213,213,227,240,9,39,39,56,56,56,56,56,89,89],"floor_reached":14,"playtime":557,"items_purged":["Defend_R"],"score":103,"play_id":"6c3273cb-e00c-4a13-be8c-2a306ae805f4","local_time":"20190125170036","is_ascension_mode":true,"campfire_choices":[{"data":"Bash","floor":7,"key":"SMITH"},{"floor":12,"key":"REST"}],"neow_cost":"NONE","seed_source_timestamp":1431689237910036,"circlet_count":0,"master_deck":["Strike_R","Strike_R","Strike_R","Strike_R","Defend_R","Defend_R","Defend_R","Bash+1","Limit Break"],"relics":["Burning Blood","Letter Opener","Girya","Nunchaku"],"potions_floor_usage":[14],"damage_taken":[{"damage":7,"enemies":"2 Louse","floor":1,"turns":5},{"damage":6,"enemies":"Jaw Worm","floor":3,"turns":3},{"damage":10,"enemies":"Small Slimes","floor":4,"turns":4},{"damage":51,"enemies":"3 Sentries","floor":6,"turns":15},{"damage":4,"enemies":"Gremlin Gang","floor":8,"turns":7},{"damage":50,"enemies":"Lagavulin","floor":13,"turns":6},{"damage":20,"enemies":"Large Slime","floor":14,"turns":6}],"seed_played":"-2754563980316728364","potions_obtained":[{"floor":1,"key":"Ancient Potion"},{"floor":4,"key":"LiquidBronze"},{"floor":13,"key":"GamblersBrew"}],"is_trial":false,"path_per_floor":["M","?","M","M","$","E","R","M","T","$","?","R","E","M"],"character_chosen":"IRONCLAD","items_purchased":["Limit Break"],"campfire_rested":1,"item_purchase_floors":[5],"current_hp_per_floor":[79,79,79,75,75,30,30,32,32,32,32,56,12,0],"gold":89,"neow_bonus":"HUNDRED_GOLD","is_prod":false,"is_daily":false,"chose_seed":false,"campfire_upgraded":1,"win_rate":0,"timestamp":1548453636,"path_taken":["M","?","M","M","$","E","R","M","T","$","?","R","E","M"],"build_version":"2019-01-23","purchased_purges":1,"victory":false,"max_hp_per_floor":[80,80,80,80,80,80,80,80,80,80,80,80,80,80],"card_choices":[{"not_picked":["Hemokinesis","Infernal Blade","Cleave"],"picked":"SKIP","floor":1},{"not_picked":["Reckless Charge","Clash","Hemokinesis"],"picked":"SKIP","floor":3},{"not_picked":["Shrug It Off","Thunderclap","Clash"],"picked":"SKIP","floor":4},{"not_picked":["Power Through","Sword Boomerang","Juggernaut"],"picked":"SKIP","floor":6},{"not_picked":["Seeing Red","Pommel Strike","Blood for Blood"],"picked":"SKIP","floor":8},{"not_picked":["Flex","Entrench","Rampage"],"picked":"SKIP","floor":13}],"player_experience":507114,"relics_obtained":[{"floor":6,"key":"Letter Opener"},{"floor":9,"key":"Girya"},{"floor":13,"key":"Nunchaku"}],"event_choices":[{"cards_removed":["Strike_R"],"damage_healed":0,"gold_gain":0,"player_choice":"Forget","damage_taken":0,"max_hp_gain":0,"max_hp_loss":0,"event_name":"Living Wall","floor":2,"gold_loss":0},{"damage_healed":0,"gold_gain":0,"player_choice":"Ignored","damage_taken":0,"max_hp_gain":0,"max_hp_loss":0,"event_name":"Liars Game","floor":11,"gold_loss":0}],"is_beta":true,"boss_relics":[],"items_purged_floors":[5],"is_endless":false,"potions_floor_spawned":[1,4,13],"killed_by":"Large Slime","ascension_level":1}