{"gold_per_floor":[110,129,43,43,56,56,131,158,158,172,172,199,21,31,31,110,110,129,54,54,54,54,83,83,83,83,27,27,27,40,70,70,146,146,164,64,64,64,77,77,90,40,95,113,131,159,171,202,214,226,238],"floor_reached":52,"playtime":2292,"items_purged":["Strike_G","Strike_G"],"score":1932,"play_id":"a2c21909-23d5-4767-8cfc-a3b75d2e6c2d","local_time":"20181103122956","is_ascension_mode":true,"campfire_choices":[{"data":"Bouncing Flask","floor":6,"key":"SMITH"},{"floor":11,"key":"REST"},{"floor":15,"key":"REST"},{"floor":25,"key":"REST"},{"data":"Footwork","floor":28,"key":"SMITH"},{"data":"Dash","floor":32,"key":"SMITH"},{"data":"Defend_G","floor":40,"key":"SMITH"},{"floor":47,"key":"REST"},{"floor":49,"key":"REST"}],"neow_cost":"NONE","seed_source_timestamp":142924348457277,"circlet_count":0,"master_deck":["AscendersBane","Defend_G+1","Defend_G+1","Defend_G","Defend_G","Strike_G+1","Survivor+1","Quick Slash","Bouncing Flask+1","Leg Sweep+1","Dash+1","Crippling Poison+1","Footwork+1","Backflip+1","Bouncing Flask+1","Adrenaline+1","Tools of the Trade+1","Expertise+1","Eviscerate+1","Blur+1","Leg Sweep+1","Shame","Bouncing Flask+1","Acrobatics+1","Backflip+1","Burst+1","Underhanded Strike"],"relics":["Snecko Eye","Toxic Egg 2","Bottled Lightning","Odd Mushroom","Astrolabe","Snake Skull","Ornamental Fan","Shuriken","Singing Bowl","Runic Dome","Centennial Puzzle","MawBank"],"potions_floor_usage":[8,12,23,23,33,50,50],"damage_taken":[{"damage":3,"enemies":"Cultist","floor":1,"turns":5},{"damage":2,"enemies":"2 Louse","floor":2,"turns":2},{"damage":0,"enemies":"Small Slimes","floor":5,"turns":3},{"damage":41,"enemies":"3 Sentries","floor":8,"turns":14},{"damage":0,"enemies":"2 Fungi Beasts","floor":10,"turns":4},{"damage":1,"enemies":"The Mushroom Lair","floor":12,"turns":4},{"damage":9,"enemies":"Large Slime","floor":14,"turns":7},{"damage":8,"enemies":"Hexaghost","floor":16,"turns":6},{"damage":2,"enemies":"Chosen","floor":18,"turns":4},{"damage":23,"enemies":"Slavers","floor":23,"turns":5},{"damage":0,"enemies":"3 Byrds","floor":30,"turns":2},{"damage":0,"enemies":"Gremlin Leader","floor":31,"turns":4},{"damage":4,"enemies":"Champ","floor":33,"turns":7},{"damage":15,"enemies":"3 Darklings","floor":35,"turns":4},{"damage":0,"enemies":"3 Shapes","floor":39,"turns":3},{"damage":0,"enemies":"Sphere and 2 Shapes","floor":41,"turns":3},{"damage":3,"enemies":"Jaw Worm Horde","floor":44,"turns":3},{"damage":28,"enemies":"Spire Growth","floor":45,"turns":4},{"damage":0,"enemies":"Giant Head","floor":46,"turns":5},{"damage":0,"enemies":"Maw","floor":48,"turns":5},{"damage":29,"enemies":"Awakened One","floor":50,"turns":15},{"damage":50,"enemies":"Time Eater","floor":51,"turns":11}],"seed_played":"-3390864762184484623","potions_obtained":[{"floor":2,"key":"Poison Potion"},{"floor":8,"key":"Swift Potion"},{"floor":10,"key":"LiquidBronze"},{"floor":16,"key":"Ancient Potion"},{"floor":18,"key":"AttackPotion"},{"floor":23,"key":"Weak Potion"},{"floor":31,"key":"AttackPotion"},{"floor":35,"key":"AttackPotion"},{"floor":46,"key":"PowerPotion"},{"floor":48,"key":"SkillPotion"}],"is_trial":false,"path_per_floor":["M","M","$","?","M","R","?","E","T","M","R","?","$","M","R","B",null,"M","$","?","?","?","E","$","R","T","$","R","?","M","E","R","B",null,"M","$","?","?","M","R","M","?","T","M","M","E","R","M","R","B","B",null],"character_chosen":"THE_SILENT","items_purchased":["Bouncing Flask","Crippling Poison+1","Footwork","Backflip+1","Acrobatics+1"],"campfire_rested":5,"item_purchase_floors":[3,13,13,13,27],"current_hp_per_floor":[56,54,54,59,59,59,48,7,7,7,28,27,27,18,39,31,61,59,59,59,59,59,36,36,57,57,57,57,57,57,57,57,53,67,54,54,54,54,56,56,58,58,58,57,31,33,57,57,81,52,2],"gold":250,"neow_bonus":"BOSS_RELIC","is_prod":false,"is_daily":false,"chose_seed":false,"campfire_upgraded":4,"win_rate":0,"timestamp":1541273396,"path_taken":["M","M","$","?","M","R","?","E","T","M","R","?","$","M","R","BOSS","M","$","?","?","?","E","$","R","T","$","R","?","M","E","R","BOSS","M","$","?","?","?","R","M","?","T","M","M","E","R","?","R","BOSS","BOSS"],"build_version":"2018-11-01","purchased_purges":2,"victory":true,"max_hp_per_floor":[66,66,66,71,71,71,71,71,71,71,71,71,71,71,71,71,71,71,71,71,71,71,71,71,71,71,71,71,71,71,71,71,71,71,73,73,73,73,75,75,77,77,77,79,81,83,83,83,83,83,83],"card_choices":[{"not_picked":["Escape Plan","Bane"],"picked":"Quick Slash","floor":1},{"not_picked":["Catalyst","Quick Slash","Setup"],"picked":"SKIP","floor":2},{"not_picked":["Deflect","Quick Slash","Dagger Throw"],"picked":"SKIP","floor":5},{"not_picked":["Cloak And Dagger","Deadly Poison"],"picked":"Leg Sweep","floor":8},{"not_picked":["Poisoned Stab","Outmaneuver+1","Dagger Throw"],"picked":"SKIP","floor":10},{"not_picked":["Blade Dance+1","Tools of the Trade"],"picked":"Dash","floor":12},{"not_picked":["Prepared+1","Footwork"],"picked":"Bouncing Flask+1","floor":14},{"not_picked":["Phantasmal Killer+1","Wraith Form v2"],"picked":"Adrenaline+1","floor":16},{"not_picked":["Blade Dance+1","Acrobatics+1"],"picked":"Blur+1","floor":18},{"not_picked":["Envenom","Dodge and Roll+1"],"picked":"Bouncing Flask+1","floor":23},{"not_picked":["PiercingWail+1","Backstab","Masterful Stab"],"picked":"SKIP","floor":30},{"not_picked":["Prepared+1","Flying Knee"],"picked":"Backflip+1","floor":31},{"not_picked":["Grand Finale","Doppelganger+1"],"picked":"Burst+1","floor":33},{"not_picked":["Quick Slash","Choke","Deadly Poison+1"],"picked":"Singing Bowl","floor":35},{"not_picked":["PiercingWail+1","Dagger Throw","Dodge and Roll+1"],"picked":"Singing Bowl","floor":39},{"not_picked":["Heel Hook","Poisoned Stab+1","Bane+1"],"picked":"Singing Bowl","floor":41},{"not_picked":["Prepared+1","Dagger Throw+1","Dodge and Roll+1"],"picked":"Singing Bowl","floor":44},{"not_picked":["Dagger Throw","Choke","After Image"],"picked":"Singing Bowl","floor":45},{"not_picked":["Tactician+1","Quick Slash+1","Cloak And Dagger+1"],"picked":"Singing Bowl","floor":46},{"not_picked":["Bane","Prepared+1"],"picked":"Underhanded Strike","floor":48}],"player_experience":602466,"relics_obtained":[{"floor":8,"key":"Toxic Egg 2"},{"floor":9,"key":"Bottled Lightning"},{"floor":12,"key":"Odd Mushroom"},{"floor":23,"key":"Ornamental Fan"},{"floor":26,"key":"Shuriken"},{"floor":31,"key":"Singing Bowl"},{"floor":43,"key":"Centennial Puzzle"},{"floor":46,"key":"MawBank"}],"event_choices":[{"damage_healed":0,"gold_gain":0,"player_choice":"Donut","damage_taken":0,"max_hp_gain":5,"max_hp_loss":0,"event_name":"Big Fish","floor":4,"gold_loss":0},{"damage_healed":0,"gold_gain":75,"player_choice":"Gather Gold","damage_taken":11,"max_hp_gain":0,"max_hp_loss":0,"event_name":"World of Goop","floor":7,"gold_loss":0},{"damage_healed":0,"gold_gain":0,"player_choice":"Fought Mushrooms","damage_taken":0,"max_hp_gain":0,"max_hp_loss":0,"event_name":"Mushrooms","floor":12,"gold_loss":0},{"damage_healed":0,"gold_gain":0,"player_choice":"Ignored","damage_taken":0,"max_hp_gain":0,"max_hp_loss":0,"event_name":"Beggar","floor":20,"gold_loss":0},{"damage_healed":0,"gold_gain":0,"player_choice":"Read","damage_taken":0,"max_hp_gain":0,"max_hp_loss":0,"event_name":"The Library","floor":21,"gold_loss":0,"cards_obtained":["Leg Sweep"]},{"damage_healed":0,"gold_gain":0,"player_choice":"Stole Relic","damage_taken":0,"relics_obtained":["Snake Skull"],"max_hp_gain":0,"max_hp_loss":0,"event_name":"Addict","floor":22,"gold_loss":0,"cards_obtained":["Shame"]},{"damage_healed":0,"gold_gain":0,"player_choice":"Ignored","damage_taken":0,"max_hp_gain":0,"max_hp_loss":0,"event_name":"Ghosts","floor":29,"gold_loss":0},{"cards_removed":["Neutralize"],"damage_healed":0,"gold_gain":0,"player_choice":"Removed Attack","damage_taken":0,"max_hp_gain":0,"max_hp_loss":0,"event_name":"Falling","floor":37,"gold_loss":0},{"damage_healed":0,"gold_gain":0,"player_choice":"Upgraded","damage_taken":0,"max_hp_gain":0,"max_hp_loss":0,"event_name":"Upgrade Shrine","floor":38,"gold_loss":0,"cards_upgraded":["Survivor"]},{"damage_healed":0,"gold_gain":0,"player_choice":"Upgraded Two","damage_taken":0,"max_hp_gain":0,"max_hp_loss":0,"event_name":"Designer","floor":42,"gold_loss":50,"cards_upgraded":["Strike_G","Defend_G"]}],"is_beta":false,"boss_relics":[{"not_picked":["Black Star","Velvet Choker"],"picked":"Astrolabe"},{"not_picked":["White Beast Statue","Eternal Feather"],"picked":"Runic Dome"}],"items_purged_floors":[19,36],"is_endless":false,"potions_floor_spawned":[2,8,10,16,18,23,31,35,46,48],"ascension_level":20}