{"gold_per_floor":[118,43,218,168,183,183,195,195,195,195,195,210,220,236,236,336,336,356,356,42,0,0,0,0,0,0,10,10,10,42,91,91,194,194,209,209,222,240,256,256,256],"floor_reached":41,"playtime":2338,"items_purged":["Strike_R","Defend_R"],"score":424,"play_id":"3ac40fb7-e5d4-4f04-89f4-71516152b851","local_time":"20190307034338","is_ascension_mode":false,"campfire_choices":[{"floor":6,"key":"RECALL"},{"data":"Whirlwind","floor":8,"key":"SMITH"},{"data":"Warcry","floor":10,"key":"SMITH"},{"data":"Flame Barrier","floor":15,"key":"SMITH"},{"data":"Body Slam","floor":23,"key":"SMITH"},{"floor":29,"key":"REST"},{"floor":32,"key":"REST"},{"floor":40,"key":"REST"}],"neow_cost":"NONE","seed_source_timestamp":31378053996064,"circlet_count":0,"master_deck":["Defend_R","Defend_R","Bash","Impervious+1","Reckless Charge+1","Thunderclap+1","Flame Barrier+1","Warcry+1","Whirlwind+1","Shrug It Off","Havoc","Feed","Juggernaut","Armaments","Demon Form","Body Slam+1","Feel No Pain","Barricade","Battle Trance","Shrug It Off+1","Havoc"],"relics":["Astrolabe","Paper Frog","Runic Pyramid","Nilry\u0027s Codex","Juzu Bracelet","Blood Vial","Black Star"],"potions_floor_usage":[12,28,28,28,33],"damage_taken":[{"damage":0,"enemies":"2 Louse","floor":1,"turns":3},{"damage":0,"enemies":"Jaw Worm","floor":5,"turns":3},{"damage":5,"enemies":"Small Slimes","floor":7,"turns":3},{"damage":0,"enemies":"Exordium Wildlife","floor":12,"turns":4},{"damage":0,"enemies":"3 Louse","floor":13,"turns":1},{"damage":0,"enemies":"Large Slime","floor":14,"turns":6},{"damage":40,"enemies":"Slime Boss","floor":16,"turns":12},{"damage":12,"enemies":"3 Byrds","floor":18,"turns":5},{"damage":24,"enemies":"2 Thieves","floor":27,"turns":3},{"damage":24,"enemies":"Colosseum Slavers","floor":28,"turns":4},{"damage":19,"enemies":"Gremlin Leader","floor":30,"turns":5},{"damage":17,"enemies":"Automaton","floor":33,"turns":8},{"damage":46,"enemies":"3 Darklings","floor":35,"turns":6},{"damage":23,"enemies":"Orb Walker","floor":37,"turns":5},{"damage":50,"enemies":"Transient","floor":38,"turns":5},{"damage":7,"enemies":"Sphere and 2 Shapes","floor":39,"turns":6},{"damage":46,"enemies":"Reptomancer","floor":41,"turns":2}],"seed_played":"-7041219846114160111","potions_obtained":[{"floor":1,"key":"Poison Potion"},{"floor":7,"key":"Fire Potion"},{"floor":13,"key":"Regen Potion"},{"floor":16,"key":"FearPotion"},{"floor":27,"key":"PowerPotion"},{"floor":30,"key":"Dexterity Potion"}],"is_trial":false,"path_per_floor":["M","$","?","?","M","R","M","R","T","R","?","M","M","M","R","B",null,"M","?","$","?","?","R","$","?","T","M","?","R","E","T","R","B",null,"M","?","M","M","M","R","E"],"character_chosen":"IRONCLAD","items_purchased":["Demon Form","Body Slam"],"campfire_rested":3,"item_purchase_floors":[20,20],"current_hp_per_floor":[80,80,80,80,80,80,75,75,75,75,68,68,68,68,68,31,83,71,55,55,55,55,55,55,55,55,31,19,43,27,27,52,41,90,44,79,56,8,3,26,0],"gold":256,"neow_bonus":"BOSS_RELIC","is_prod":false,"is_daily":false,"chose_seed":false,"campfire_upgraded":4,"win_rate":0,"timestamp":1551897818,"path_taken":["M","$","?","?","M","R","M","R","T","R","?","M","M","M","R","BOSS","M","?","$","?","?","R","$","?","T","?","?","R","E","?","R","BOSS","M","?","M","M","M","R","E"],"build_version":"2019-01-23","purchased_purges":2,"victory":false,"max_hp_per_floor":[80,80,80,80,80,80,80,80,80,80,80,80,80,80,80,83,83,83,83,83,83,83,83,83,83,83,83,83,83,86,86,86,90,90,90,79,79,79,79,79,79],"card_choices":[{"not_picked":["Bloodletting","Clash"],"picked":"Flame Barrier","floor":1},{"not_picked":["Clash","Uppercut"],"picked":"Warcry","floor":5},{"not_picked":["Clothesline","Twin Strike"],"picked":"Whirlwind","floor":7},{"not_picked":["Headbutt","Rupture"],"picked":"Shrug It Off","floor":12},{"not_picked":["Clothesline","Twin Strike"],"picked":"Havoc","floor":13},{"not_picked":["Pommel Strike","Body Slam"],"picked":"Feed","floor":14},{"not_picked":["Impervious","Exhume"],"picked":"Juggernaut","floor":16},{"not_picked":["Clothesline","Blood for Blood"],"picked":"Armaments","floor":18},{"not_picked":["Perfected Strike+1","Dual Wield","True Grit"],"picked":"SKIP","floor":27},{"not_picked":["Rupture","Sword Boomerang"],"picked":"Feel No Pain","floor":30},{"not_picked":["Reaper","Demon Form"],"picked":"Barricade","floor":33},{"not_picked":["Pommel Strike","Evolve"],"picked":"Battle Trance","floor":35},{"not_picked":["Clothesline","Anger","Twin Strike"],"picked":"SKIP","floor":37},{"not_picked":["Cleave","Searing Blow"],"picked":"Shrug It Off+1","floor":38},{"not_picked":["Anger","Shrug It Off+1"],"picked":"Havoc","floor":39}],"player_experience":152542,"relics_obtained":[{"floor":9,"key":"Paper Frog"},{"floor":19,"key":"Nilry\u0027s Codex"},{"floor":30,"key":"Juzu Bracelet"},{"floor":31,"key":"Blood Vial"}],"event_choices":[{"damage_healed":0,"gold_gain":175,"player_choice":"AGREE","damage_taken":0,"max_hp_gain":0,"max_hp_loss":0,"event_name":"Liars Game","floor":3,"gold_loss":0,"cards_obtained":["Doubt"]},{"cards_removed":["Doubt"],"damage_healed":0,"gold_gain":0,"player_choice":"Card Removal","damage_taken":0,"max_hp_gain":0,"max_hp_loss":0,"event_name":"The Cleric","floor":4,"gold_loss":50},{"cards_removed":["Strike_R"],"damage_healed":0,"gold_gain":0,"player_choice":"Card Removal","damage_taken":7,"max_hp_gain":0,"max_hp_loss":0,"event_name":"Golden Wing","floor":11,"gold_loss":0},{"damage_healed":0,"gold_gain":0,"player_choice":"Obtained Book","damage_taken":16,"max_hp_gain":0,"max_hp_loss":0,"event_name":"Cursed Tome","floor":19,"gold_loss":0},{"damage_healed":0,"gold_gain":0,"player_choice":"Paid Fearfully","damage_taken":0,"max_hp_gain":0,"max_hp_loss":0,"event_name":"Masked Bandits","floor":21,"gold_loss":42},{"damage_healed":0,"gold_gain":0,"player_choice":"Ignored","damage_taken":0,"max_hp_gain":0,"max_hp_loss":0,"event_name":"Ghosts","floor":22,"gold_loss":0},{"cards_removed":["Defend_R"],"damage_healed":0,"gold_gain":0,"player_choice":"Purged","damage_taken":0,"max_hp_gain":0,"max_hp_loss":0,"event_name":"Purifier","floor":25,"gold_loss":0},{"damage_healed":0,"gold_gain":0,"player_choice":"Fight","damage_taken":0,"max_hp_gain":0,"max_hp_loss":0,"event_name":"Colosseum","floor":28,"gold_loss":0},{"damage_healed":0,"gold_gain":0,"player_choice":"Fled From Nobs","damage_taken":0,"max_hp_gain":0,"max_hp_loss":0,"event_name":"Colosseum","floor":28,"gold_loss":0},{"damage_healed":79,"gold_gain":0,"player_choice":"Heal","damage_taken":0,"max_hp_gain":0,"max_hp_loss":11,"event_name":"The Moai Head","floor":36,"gold_loss":0}],"is_beta":false,"boss_relics":[{"not_picked":["Runic Cube","Velvet Choker"],"picked":"Runic Pyramid"},{"not_picked":["Runic Dome","Coffee Dripper"],"picked":"Black Star"}],"items_purged_floors":[2,20],"is_endless":false,"potions_floor_spawned":[1,7,13,16,27,28,30],"killed_by":"Reptomancer","ascension_level":0}