{"gold_per_floor":[116,127,127,29,29,29,44,44,112,112,128,128,128,152,152,276,276,289,289,189,104,104,104,123,123,174,174,174],"floor_reached":28,"playtime":870,"items_purged":["Strike_B","Doubt"],"score":317,"play_id":"7904ba94-5500-4524-9e9b-439ce2def422","local_time":"20180907160846","is_ascension_mode":true,"campfire_choices":[{"data":"Streamline","floor":6,"key":"SMITH"},{"data":"Hologram","floor":8,"key":"SMITH"},{"data":"Recycle","floor":15,"key":"SMITH"},{"data":"Streamline","floor":23,"key":"SMITH"},{"data":"Genetic Algorithm","floor":25,"key":"SMITH"},{"data":"Echo Form","floor":27,"key":"SMITH"}],"neow_cost":"NONE","seed_source_timestamp":71575180836477,"circlet_count":0,"master_deck":["Strike_B","Strike_B","Defend_B","Defend_B","Defend_B+1","Zap","Dualcast","Recycle+1","Lockon","Skim+1","Streamline+1","Hologram+1","Gash","Go for the Eyes","Echo Form+1","Writhe","Injury","Streamline+1","Genetic Algorithm+1"],"relics":["Cracked Core","Darkstone Periapt","Bloody Idol","NlothsMask","Calling Bell","Bronze Scales","Sundial","Turnip","The Courier","Frozen Egg 2","Dream Catcher"],"potions_floor_usage":[28,28],"damage_taken":[{"damage":1,"enemies":"Cultist","floor":1,"turns":3},{"damage":0,"enemies":"Small Slimes","floor":2,"turns":3},{"damage":0,"enemies":"Jaw Worm","floor":7,"turns":3},{"damage":10,"enemies":"2 Fungi Beasts","floor":11,"turns":3},{"damage":0,"enemies":"Exordium Wildlife","floor":14,"turns":2},{"damage":0,"enemies":"Slime Boss","floor":16,"turns":7},{"damage":39,"enemies":"Spheric Guardian","floor":18,"turns":6},{"damage":11,"enemies":"Shell Parasite","floor":24,"turns":6},{"damage":60,"enemies":"Slavers","floor":28,"turns":3}],"seed_played":"211089369218717665","potions_obtained":[{"floor":7,"key":"LiquidBronze"},{"floor":11,"key":"SpeedPotion"}],"is_trial":false,"path_per_floor":["M","M","?","$","?","R","M","R","T","?","M","?","T","M","R","B",null,"M","?","$","?","T","R","M","R","T","R"],"character_chosen":"DEFECT","items_purchased":["Streamline"],"campfire_rested":0,"item_purchase_floors":[4],"current_hp_per_floor":[74,74,59,59,59,59,59,59,59,41,31,31,31,31,31,31,93,54,54,54,54,54,54,48,48,53,53,0],"gold":174,"neow_bonus":"TRANSFORM_CARD","is_prod":false,"is_daily":false,"chose_seed":false,"campfire_upgraded":6,"win_rate":0,"timestamp":1536350926,"path_taken":["M","M","?","$","?","R","M","R","T","?","M","?","?","M","R","BOSS","M","?","$","?","?","R","M","R","T","R","E"],"build_version":"2018-09-06","purchased_purges":2,"victory":false,"max_hp_per_floor":[75,75,75,75,75,75,75,75,75,75,75,75,75,75,75,75,93,93,93,93,93,93,93,93,93,93,93,93],"card_choices":[{"not_picked":["Barrage","Turbo"],"picked":"Lockon","floor":1},{"not_picked":["Ball Lightning","Cold Snap"],"picked":"Skim","floor":2},{"not_picked":["Conserve Battery","Fusion"],"picked":"Hologram","floor":7},{"not_picked":["Steam","Consume"],"picked":"Gash","floor":11},{"not_picked":["Biased Cognition","Darkness"],"picked":"Go for the Eyes","floor":14},{"not_picked":["Amplify","Meteor Strike"],"picked":"Echo Form","floor":16},{"not_picked":["Beam Cell","Stack"],"picked":"Streamline","floor":18},{"not_picked":["Ball Lightning","Conserve Battery"],"picked":"Genetic Algorithm","floor":24}],"player_experience":167352,"relics_obtained":[{"floor":9,"key":"Darkstone Periapt"},{"floor":17,"key":"Bronze Scales"},{"floor":17,"key":"Sundial"},{"floor":17,"key":"Turnip"},{"floor":22,"key":"Frozen Egg 2"},{"floor":26,"key":"Dream Catcher"}],"event_choices":[{"event_name":"Shining Light","player_choice":"Entered Light","floor":3,"damage_taken":0},{"event_name":"Living Wall","player_choice":"Forget","floor":5,"damage_taken":0},{"event_name":"Golden Idol","player_choice":"Take Damage","floor":10,"damage_taken":0},{"event_name":"FaceTrader","player_choice":"Trade","floor":12,"damage_taken":0},{"event_name":"Forgotten Altar","player_choice":"Gave Idol","floor":19,"damage_taken":0},{"event_name":"Addict","player_choice":"Obtained Relic","floor":21,"damage_taken":0}],"is_beta":false,"boss_relics":[{"not_picked":["Pandora\u0027s Box","Ectoplasm"],"picked":"Calling Bell"}],"items_purged_floors":[4,20],"is_endless":false,"potions_floor_spawned":[7,11],"killed_by":"Slavers","ascension_level":3}