{"gold_per_floor":[112,123,123,198,198,198,38,38,38,49,106,122,132,32,32,132,132,149,149,166,166,166,166,166],"floor_reached":24,"playtime":1831,"items_purged":["Strike_R","Strike_R"],"score":184,"play_id":"47afe632-b241-4e99-bb64-daad215a8a8e","local_time":"20190306022050","is_ascension_mode":false,"campfire_choices":[{"floor":6.0,"key":"RECALL"},{"data":"Armaments","floor":8.0,"key":"SMITH"},{"data":"True Grit","floor":15.0,"key":"SMITH"},{"data":"Body Slam","floor":23.0,"key":"SMITH"}],"neow_cost":"NONE","seed_source_timestamp":0,"circlet_count":0,"master_deck":["Defend_R","Defend_R","Defend_R","Defend_R","Bash","Armaments+1","Body Slam+1","Metallicize","Whirlwind","True Grit","Entrench","True Grit+1","Limit Break","Headbutt+1","Ghostly Armor+1","Rage+1","Warcry"],"special_seed":0,"relics":["Burning Blood","Gambling Chip","Du-Vu Doll","Astrolabe","Regal Pillow"],"potions_floor_usage":[],"damage_taken":[{"damage":1.0,"enemies":"Cultist","floor":1.0,"turns":4.0},{"damage":7.0,"enemies":"Jaw Worm","floor":2.0,"turns":4.0},{"damage":0.0,"enemies":"2 Louse","floor":10.0,"turns":3.0},{"damage":21.0,"enemies":"3 Sentries","floor":11.0,"turns":12.0},{"damage":10.0,"enemies":"Large Slime","floor":12.0,"turns":12.0},{"damage":0.0,"enemies":"Blue Slaver","floor":13.0,"turns":6.0},{"damage":40.0,"enemies":"Hexaghost","floor":16.0,"turns":9.0},{"damage":27.0,"enemies":"Chosen","floor":18.0,"turns":12.0},{"damage":1.0,"enemies":"Shell Parasite","floor":20.0,"turns":14.0},{"damage":82,"enemies":"Book of Stabbing","floor":24,"turns":6}],"seed_played":"5778986548228779814","potions_obtained":[{"floor":1.0,"key":"LiquidBronze"},{"floor":10.0,"key":"PowerPotion"},{"floor":13.0,"key":"FearPotion"}],"is_trial":false,"path_per_floor":["M","M","?","?","?","R","$","R","T","M","?","M","M","$","R","B",null,"M","?","M","T","?","R","E"],"character_chosen":"IRONCLAD","items_purchased":["Body Slam","Metallicize"],"campfire_rested":0,"item_purchase_floors":[7,7],"current_hp_per_floor":[88,87,87,76,81,81,81,81,81,87,72,68,74,74,74,40,93,72,72,77,77,77,77,0],"gold":166,"neow_bonus":"TEN_PERCENT_HP_BONUS","is_prod":false,"is_daily":false,"chose_seed":false,"campfire_upgraded":3,"win_rate":0,"timestamp":1551806450,"path_taken":["M","?","?","?","?","R","?","R","T","?","?","M","M","$","R","BOSS","M","?","M","?","?","R","E"],"build_version":"2019-01-23","purchased_purges":2,"victory":false,"max_hp_per_floor":[88,88,88,88,93,93,93,93,93,93,93,93,93,93,93,93,93,93,93,93,93,93,93,93],"card_choices":[{"not_picked":["Hemokinesis","Heavy Blade"],"picked":"Armaments","floor":1.0},{"not_picked":["Havoc","Sword Boomerang","Fiend Fire"],"picked":"SKIP","floor":2.0},{"not_picked":["Heavy Blade","Iron Wave"],"picked":"Whirlwind","floor":10.0},{"not_picked":["Hemokinesis","Cleave"],"picked":"True Grit","floor":11.0},{"not_picked":["Heavy Blade","Fire Breathing"],"picked":"Entrench","floor":12.0},{"not_picked":["Armaments","Flex"],"picked":"True Grit","floor":13.0},{"not_picked":["Brutality","Immolate"],"picked":"Limit Break","floor":16.0},{"not_picked":["Twin Strike","Pommel Strike"],"picked":"Warcry","floor":18.0},{"not_picked":["Armaments","Carnage+1","Pommel Strike"],"picked":"SKIP","floor":20.0}],"player_experience":110058,"relics_obtained":[{"floor":9.0,"key":"Gambling Chip"},{"floor":11.0,"key":"Du-Vu Doll"}],"event_choices":[{"damage_healed":0.0,"max_hp_gain":0.0,"max_hp_loss":0.0,"gold_gain":0.0,"event_name":"Liars Game","player_choice":"Ignored","floor":3.0,"gold_loss":0.0,"damage_taken":0.0},{"damage_healed":0.0,"max_hp_gain":0.0,"max_hp_loss":0.0,"gold_gain":75.0,"event_name":"World of Goop","player_choice":"Gather Gold","floor":4.0,"gold_loss":0.0,"damage_taken":11.0},{"damage_healed":0.0,"max_hp_gain":5.0,"max_hp_loss":0.0,"gold_gain":0.0,"event_name":"Big Fish","player_choice":"Donut","floor":5.0,"gold_loss":0.0,"damage_taken":0.0},{"damage_healed":0.0,"max_hp_gain":0.0,"max_hp_loss":0.0,"gold_gain":0.0,"event_name":"Dead Adventurer","player_choice":"Searched \u00271\u0027 times","floor":11.0,"gold_loss":0.0,"damage_taken":0.0},{"damage_healed":0.0,"max_hp_gain":0.0,"max_hp_loss":0.0,"gold_gain":0.0,"event_name":"Ghosts","player_choice":"Ignored","floor":19.0,"gold_loss":0.0,"damage_taken":0.0},{"damage_healed":0.0,"max_hp_gain":0.0,"max_hp_loss":0.0,"gold_gain":0.0,"event_name":"The Mausoleum","player_choice":"Opened","floor":22.0,"gold_loss":0.0,"damage_taken":0.0,"relics_obtained":["Regal Pillow"]}],"is_beta":false,"boss_relics":[{"not_picked":["Ectoplasm","Mark of Pain"],"picked":"Astrolabe"}],"items_purged_floors":[7,14],"is_endless":false,"potions_floor_spawned":[1,10,13],"killed_by":"Book of Stabbing","ascension_level":0}