{"gold_per_floor":[117,134,144,159,174,174,204,204,204,214,232,232,232,245,245,343,343,359,378,48,63,3,3,28,42,42,42,375,385,405,320,320,320],"floor_reached":33,"playtime":2191,"items_purged":["Strike_G"],"score":438,"play_id":"c12425ee-02a5-433a-91e6-86ad87507340","local_time":"20190307125823","is_ascension_mode":true,"campfire_choices":[{"data":"Footwork","floor":6,"key":"SMITH"},{"data":"Neutralize","floor":8,"key":"SMITH"},{"data":"Acrobatics","floor":13,"key":"SMITH"},{"data":"Caltrops","floor":15,"key":"SMITH"},{"data":"After Image","floor":23,"key":"SMITH"},{"floor":27,"key":"REST"},{"floor":32,"key":"REST"}],"neow_cost":"NONE","seed_source_timestamp":39027904938046,"circlet_count":0,"master_deck":["Defend_G","Defend_G","Defend_G","Defend_G","Defend_G","Strike_G","Strike_G","Strike_G","Strike_G","Survivor","Neutralize+1","Blur","PiercingWail","Dagger Throw","Cloak And Dagger","Footwork+1","Corpse Explosion","Acrobatics+1","Caltrops+1","After Image+1","Caltrops","Blur","Prepared"],"relics":["Ring of the Snake","Strawberry","The Courier","Busted Crown","Lee\u0027s Waffle","Anchor","StoneCalendar","Old Coin","Blue Candle"],"potions_floor_usage":[4,4,7,16,24,24,25,29,33],"damage_taken":[{"damage":4,"enemies":"Jaw Worm","floor":1,"turns":6},{"damage":0,"enemies":"2 Louse","floor":2,"turns":4},{"damage":2,"enemies":"Small Slimes","floor":3,"turns":4},{"damage":1,"enemies":"Exordium Thugs","floor":4,"turns":9},{"damage":0,"enemies":"Large Slime","floor":5,"turns":8},{"damage":42,"enemies":"Lagavulin","floor":7,"turns":14},{"damage":11,"enemies":"Exordium Wildlife","floor":10,"turns":5},{"damage":0,"enemies":"3 Louse","floor":11,"turns":1},{"damage":5,"enemies":"Looter","floor":14,"turns":3},{"damage":33,"enemies":"The Guardian","floor":16,"turns":15},{"damage":0,"enemies":"Shell Parasite","floor":18,"turns":7},{"damage":0,"enemies":"3 Byrds","floor":19,"turns":3},{"damage":11,"enemies":"Centurion and Healer","floor":21,"turns":8},{"damage":41,"enemies":"Slavers","floor":24,"turns":4},{"damage":5,"enemies":"3 Cultists","floor":25,"turns":4},{"damage":1,"enemies":"Book of Stabbing","floor":28,"turns":5},{"damage":44,"enemies":"Cultist and Chosen","floor":29,"turns":5},{"damage":0,"enemies":"Snecko","floor":30,"turns":6},{"damage":71,"enemies":"Automaton","floor":33,"turns":12}],"seed_played":"7169474412725173755","potions_obtained":[{"floor":1,"key":"AttackPotion"},{"floor":3,"key":"GhostInAJar"},{"floor":4,"key":"GamblersBrew"},{"floor":10,"key":"Dexterity Potion"},{"floor":11,"key":"Swift Potion"},{"floor":18,"key":"Strength Potion"},{"floor":24,"key":"Poison Potion"},{"floor":25,"key":"SkillPotion"},{"floor":30,"key":"SteroidPotion"}],"is_trial":false,"path_per_floor":["M","M","M","M","M","R","E","R","T","M","M","?","R","M","R","B",null,"M","M","$","M","$","R","E","M","T","R","E","M","M","?","R","B"],"character_chosen":"THE_SILENT","items_purchased":["After Image","Lee\u0027s Waffle","Caltrops"],"campfire_rested":2,"item_purchase_floors":[20,20,20],"current_hp_per_floor":[66,66,64,63,63,63,28,28,28,17,17,45,45,40,40,7,65,65,65,91,80,80,80,39,34,34,61,60,16,16,16,43,0],"gold":320,"neow_bonus":"TEN_PERCENT_HP_BONUS","is_prod":false,"is_daily":false,"chose_seed":false,"campfire_upgraded":5,"win_rate":0,"timestamp":1551985103,"path_taken":["M","M","M","M","M","R","E","R","T","M","M","?","R","M","R","BOSS","M","M","$","M","$","R","E","M","T","R","E","M","M","?","R","BOSS"],"build_version":"2019-01-23","purchased_purges":1,"victory":false,"max_hp_per_floor":[77,77,77,77,77,77,84,84,84,84,84,84,84,84,84,84,84,84,84,91,91,91,91,91,91,91,91,91,91,91,91,91,91],"card_choices":[{"not_picked":["Deflect","Sucker Punch"],"picked":"Blur","floor":1},{"not_picked":["Concentrate","Sucker Punch"],"picked":"PiercingWail","floor":2},{"not_picked":["Riddle With Holes","Flying Knee"],"picked":"Dagger Throw","floor":3},{"not_picked":["Accuracy","Poisoned Stab"],"picked":"Cloak And Dagger","floor":4},{"not_picked":["Concentrate","Cloak And Dagger"],"picked":"Footwork","floor":5},{"not_picked":["Deadly Poison","Flying Knee"],"picked":"Corpse Explosion","floor":7},{"not_picked":["Slice","Flying Knee","Sucker Punch"],"picked":"SKIP","floor":10},{"not_picked":["Tactician","All Out Attack"],"picked":"Acrobatics","floor":11},{"not_picked":["Eviscerate","Dagger Spray"],"picked":"Caltrops","floor":14},{"not_picked":["Dagger Throw+1"],"picked":"SKIP","floor":18},{"not_picked":["Calculated Gamble"],"picked":"SKIP","floor":19},{"not_picked":["Acrobatics"],"picked":"SKIP","floor":21},{"not_picked":[],"picked":"Blur","floor":24},{"not_picked":["Flying Knee"],"picked":"SKIP","floor":25},{"not_picked":["Blade Dance"],"picked":"SKIP","floor":28},{"not_picked":[],"picked":"Prepared","floor":29},{"not_picked":["Sucker Punch+1"],"picked":"SKIP","floor":30}],"player_experience":260584,"relics_obtained":[{"floor":7,"key":"Strawberry"},{"floor":9,"key":"The Courier"},{"floor":24,"key":"Anchor"},{"floor":26,"key":"StoneCalendar"},{"floor":28,"key":"Old Coin"}],"event_choices":[{"damage_healed":28,"gold_gain":0,"player_choice":"Banana","damage_taken":0,"max_hp_gain":0,"max_hp_loss":0,"event_name":"Big Fish","floor":12,"gold_loss":0},{"damage_healed":0,"gold_gain":0,"player_choice":"Obtained Relic","damage_taken":0,"relics_obtained":["Blue Candle"],"max_hp_gain":0,"max_hp_loss":0,"event_name":"Addict","floor":31,"gold_loss":85}],"is_beta":false,"boss_relics":[{"not_picked":["WristBlade","Pandora\u0027s Box"],"picked":"Busted Crown"}],"items_purged_floors":[22],"is_endless":false,"potions_floor_spawned":[1,3,4,10,11,18,24,25,30],"killed_by":"Automaton","ascension_level":6}