{"gold_per_floor":[112,123,46,46,61,61,71,246,297,126,201,212,230,250,250,354,354,372,372,372,297,242,242,242,254,278,278,174,174,189,205,205,302,302,312,323,323,135,135,135,167,23,50,50,69,69,80,42,42,42],"floor_reached":50,"playtime":2806,"items_purged":["Doubt"],"score":510,"play_id":"a6c96565-162e-4645-bc6b-1abe36b3ce8f","local_time":"20180819025438","is_ascension_mode":false,"campfire_choices":[{"data":"Inflame","floor":6,"key":"SMITH"},{"data":"Double Tap","floor":15,"key":"SMITH"},{"data":"Shrug It Off","floor":23,"key":"SMITH"},{"data":"Feed","floor":27,"key":"SMITH"},{"data":"Shrug It Off","floor":29,"key":"SMITH"},{"data":"Armaments","floor":32,"key":"SMITH"},{"data":"Secret Technique","floor":40,"key":"SMITH"},{"floor":44,"key":"REST"},{"floor":46,"key":"REST"},{"data":"Limit Break","floor":49,"key":"SMITH"}],"neow_cost":"TEN_PERCENT_HP_LOSS","seed_source_timestamp":85795042081230,"circlet_count":0,"master_deck":["Double Tap+1","True Grit","Cleave","Inflame+1","Twin Strike","Warcry","Inflame","Shrug It Off","Infernal Blade","Battle Trance+1","Feed+1","Pommel Strike","Shrug It Off+1","Intimidate","Pommel Strike","Shrug It Off+1","True Grit","Flex+1","Sword Boomerang","Havoc+1","Inflame","Thunderclap+1","Twin Strike","Inflame","Pummel","Armaments+1","Offering","Shockwave","Pummel","Cleave","Pommel Strike+1","Twin Strike+1","True Grit+1","Secret Technique+1","Madness","Forethought","Whirlwind","Limit Break+1","Havoc+1","Warcry+1","Bloodletting"],"relics":["Burning Blood","Oddly Smooth Stone","Pen Nib","Pandora\u0027s Box","Tiny Chest","War Paint","Orrery","Anchor","Dream Catcher","Lantern","Orichalcum"],"potions_floor_usage":[13,33,33,41,41,45,50],"damage_taken":[{"damage":0,"enemies":"Small Slimes","floor":1,"turns":4},{"damage":10,"enemies":"Jaw Worm","floor":2,"turns":4},{"damage":6,"enemies":"Cultist","floor":5,"turns":3},{"damage":7,"enemies":"Blue Slaver","floor":7,"turns":4},{"damage":6,"enemies":"Large Slime","floor":12,"turns":6},{"damage":15,"enemies":"Exordium Thugs","floor":13,"turns":4},{"damage":1,"enemies":"Looter","floor":14,"turns":2},{"damage":27,"enemies":"The Guardian","floor":16,"turns":11},{"damage":2,"enemies":"Spheric Guardian","floor":18,"turns":3},{"damage":2,"enemies":"Shell Parasite","floor":25,"turns":4},{"damage":21,"enemies":"Sentry and Sphere","floor":30,"turns":5},{"damage":3,"enemies":"Centurion and Healer","floor":31,"turns":4},{"damage":50,"enemies":"Champ","floor":33,"turns":9},{"damage":10,"enemies":"3 Shapes","floor":35,"turns":3},{"damage":1,"enemies":"Orb Walker","floor":36,"turns":3},{"damage":25,"enemies":"2 Orb Walkers","floor":41,"turns":5},{"damage":24,"enemies":"Maw","floor":45,"turns":5},{"damage":6,"enemies":"Flame Bruiser 2 Orb","floor":47,"turns":7},{"damage":109,"enemies":"Donu and Deca","floor":50,"turns":7}],"seed_played":"-6764122158705570555","potions_obtained":[{"floor":1,"key":"Block Potion"},{"floor":2,"key":"SpeedPotion"},{"floor":7,"key":"Fire Potion"},{"floor":18,"key":"Weak Potion"},{"floor":30,"key":"Ancient Potion"},{"floor":33,"key":"AttackPotion"},{"floor":35,"key":"Fire Potion"},{"floor":41,"key":"FairyPotion"},{"floor":47,"key":"EssenceOfSteel"}],"is_trial":false,"path_per_floor":["M","M","$","?","M","R","M","?","T","$","?","M","M","M","R","B",null,"M","?","?","?","?","R","?","M","T","R","$","R","M","M","R","B",null,"M","M","?","$","?","R","E","$","T","R","M","R","M","$","R"],"character_chosen":"IRONCLAD","items_purchased":["Inflame","Inflame","Shrug It Off","Twin Strike","Inflame","Whirlwind","Anchor","Lantern","Bloodletting"],"campfire_rested":2,"item_purchase_floors":[3,10,10,28,28,38,38,42,48],"current_hp_per_floor":[72,68,68,65,65,65,64,64,64,64,53,53,44,49,49,28,72,72,72,72,72,72,72,72,75,75,75,75,75,60,63,63,19,75,75,83,73,73,73,73,54,54,54,78,60,83,83,83,83,0],"gold":42,"neow_bonus":"THREE_RARE_CARDS","is_prod":false,"is_daily":false,"chose_seed":false,"campfire_upgraded":8,"win_rate":0,"timestamp":1534661678,"path_taken":["M","M","$","?","M","R","M","?","T","$","?","M","M","M","R","BOSS","M","?","?","?","?","R","?","?","T","R","$","R","M","M","R","BOSS","M","M","?","$","?","R","E","$","T","R","M","R","?","?","R","BOSS"],"build_version":"2018-08-16","purchased_purges":1,"victory":false,"max_hp_per_floor":[72,72,72,72,72,72,72,72,72,72,72,72,72,72,72,72,72,72,72,72,72,72,72,72,75,75,75,75,75,75,75,75,75,75,79,83,83,83,83,83,83,83,83,83,83,83,83,83,83,83],"card_choices":[{"not_picked":["Fiend Fire","Juggernaut"],"picked":"Double Tap","floor":0},{"not_picked":["Entrench","Warcry"],"picked":"True Grit","floor":1},{"not_picked":["Thunderclap","Havoc"],"picked":"Cleave","floor":2},{"not_picked":["Dual Wield","Burning Pact"],"picked":"Twin Strike","floor":5},{"not_picked":["Havoc","Anger"],"picked":"Warcry","floor":7},{"not_picked":["Carnage","Dark Embrace","Rupture"],"picked":"SKIP","floor":12},{"not_picked":["Entrench","Armaments"],"picked":"Infernal Blade","floor":13},{"not_picked":["Shockwave","Anger"],"picked":"Battle Trance","floor":14},{"not_picked":["Reaper","Brutality"],"picked":"Feed","floor":16},{"not_picked":["Reckless Charge","True Grit"],"picked":"Havoc+1","floor":18},{"not_picked":["Headbutt","Double Tap"],"picked":"Thunderclap+1","floor":25},{"not_picked":["Clash","Disarm"],"picked":"Pummel","floor":30},{"not_picked":["Sentinel","Bloodletting"],"picked":"Armaments","floor":31},{"not_picked":["Fiend Fire","Barricade"],"picked":"Offering","floor":33},{"not_picked":["Corruption","Body Slam"],"picked":"Shockwave","floor":34},{"not_picked":["Havoc","Shrug It Off"],"picked":"Pummel","floor":34},{"not_picked":["Shrug It Off","Anger+1"],"picked":"Cleave","floor":34},{"not_picked":["True Grit","Dual Wield"],"picked":"Pommel Strike+1","floor":34},{"not_picked":["Thunderclap","Wild Strike"],"picked":"Twin Strike+1","floor":34},{"not_picked":["Wild Strike+1","Rampage","Perfected Strike"],"picked":"SKIP","floor":35},{"not_picked":["Perfected Strike","Shockwave+1"],"picked":"True Grit+1","floor":36},{"not_picked":["Trip","Mind Blast"],"picked":"Secret Technique","floor":37},{"not_picked":["Trip","Discovery"],"picked":"Madness","floor":37},{"not_picked":["Blind","Mind Blast"],"picked":"Forethought","floor":37},{"not_picked":["Anger","Clothesline","Perfected Strike+1"],"picked":"SKIP","floor":41},{"not_picked":["Thunderclap","Warcry"],"picked":"Limit Break","floor":44},{"not_picked":["Flame Barrier+1","Havoc","Clash"],"picked":"SKIP","floor":45},{"not_picked":["Entrench+1","Rage+1"],"picked":"Havoc+1","floor":46},{"not_picked":["Reckless Charge+1","Shrug It Off+1"],"picked":"Warcry+1","floor":47}],"player_experience":106769,"relics_obtained":[{"floor":9,"key":"Pen Nib"},{"floor":26,"key":"War Paint"},{"floor":41,"key":"Dream Catcher"},{"floor":43,"key":"Orichalcum"}],"event_choices":[{"event_name":"Scrap Ooze","player_choice":"success","floor":4,"damage_taken":3},{"event_name":"Liars Game","player_choice":"agreed","floor":8,"damage_taken":0},{"event_name":"World of Goop","player_choice":"Gather Gold","floor":11,"damage_taken":0},{"event_name":"Cursed Tome","player_choice":"Ignored","floor":19,"damage_taken":0},{"event_name":"The Library","player_choice":"Read","floor":20,"damage_taken":0},{"event_name":"Beggar","player_choice":"Gave Gold","floor":21,"damage_taken":0},{"event_name":"Addict","player_choice":"Obtained Relic","floor":22,"damage_taken":0},{"event_name":"Back to Basics","player_choice":"Elegance","floor":24,"damage_taken":0},{"event_name":"SensoryStone","player_choice":"Memory 3","floor":37,"damage_taken":0},{"event_name":"Tomb of Lord Red Mask","player_choice":"Ignored","floor":39,"damage_taken":0}],"is_beta":false,"boss_relics":[{"not_picked":["Tiny House","Lizard Tail"],"picked":"Pandora\u0027s Box"},{"not_picked":["Astrolabe","Busted Crown"],"picked":"Orrery"}],"items_purged_floors":[10],"is_endless":false,"potions_floor_spawned":[1,2,7,18,30,31,33,35,41,47],"killed_by":"Donu and Deca","ascension_level":0}