{"gold_per_floor":[119,138,150,162,180,180,210,210,258,138,138,156,170,20,20,20],"floor_reached":16,"playtime":572,"items_purged":["Strike_B"],"score":135,"play_id":"86415a24-ab06-4ea9-a4da-a1840637d50b","local_time":"20190307211839","is_ascension_mode":true,"campfire_choices":[{"data":"Zap","floor":6,"key":"SMITH"},{"data":"Go for the Eyes","floor":8,"key":"SMITH"},{"data":"Capacitor","floor":11,"key":"SMITH"},{"floor":15,"key":"REST"}],"neow_cost":"NONE","seed_source_timestamp":33036467710675,"circlet_count":0,"master_deck":["Strike_B","Strike_B","Strike_B","Defend_B","Defend_B","Defend_B","Defend_B","Zap+1","Dualcast","Blind","Cold Snap","Compile Driver","Capacitor+1","Go for the Eyes+1","Steam","Ball Lightning"],"relics":["Cracked Core","Lantern","Strawberry","Anchor"],"potions_floor_usage":[7],"damage_taken":[{"damage":0,"enemies":"Cultist","floor":1,"turns":3},{"damage":0,"enemies":"Jaw Worm","floor":2,"turns":3},{"damage":9,"enemies":"2 Louse","floor":3,"turns":2},{"damage":15,"enemies":"Exordium Wildlife","floor":4,"turns":4},{"damage":7,"enemies":"Looter","floor":5,"turns":3},{"damage":16,"enemies":"Lagavulin","floor":7,"turns":7},{"damage":2,"enemies":"3 Louse","floor":12,"turns":3},{"damage":3,"enemies":"Exordium Wildlife","floor":13,"turns":3},{"damage":58,"enemies":"Slime Boss","floor":16,"turns":7}],"seed_played":"-3120860996228182186","potions_obtained":[{"floor":5,"key":"Fire Potion"},{"floor":7,"key":"SneckoOil"},{"floor":13,"key":"GamblersBrew"}],"is_trial":false,"path_per_floor":["M","M","M","M","M","R","E","R","T","$","R","M","M","$","R","B"],"character_chosen":"DEFECT","items_purchased":["Steam","Anchor"],"campfire_rested":1,"item_purchase_floors":[10,14],"current_hp_per_floor":[68,68,59,44,37,37,21,21,28,28,28,26,23,23,47,0],"gold":20,"neow_bonus":"RANDOM_COLORLESS","is_prod":false,"is_daily":false,"chose_seed":false,"campfire_upgraded":3,"win_rate":0,"timestamp":1552022319,"path_taken":["M","M","M","M","M","R","E","R","T","?","R","M","?","$","R","BOSS"],"build_version":"2019-01-23","purchased_purges":1,"victory":false,"max_hp_per_floor":[75,75,75,75,75,75,75,75,82,82,82,82,82,82,82,82],"card_choices":[{"not_picked":["Coolheaded","Melter"],"picked":"Cold Snap","floor":1},{"not_picked":["Undo","Stack","Static Discharge"],"picked":"SKIP","floor":2},{"not_picked":["Gash","All For One","Stack"],"picked":"SKIP","floor":3},{"not_picked":["Beam Cell","Stack"],"picked":"Compile Driver","floor":4},{"not_picked":["Sweeping Beam","Ball Lightning"],"picked":"Capacitor","floor":5},{"not_picked":["Loop","Meteor Strike"],"picked":"Go for the Eyes","floor":7},{"not_picked":["Streamline","Loop","Gash"],"picked":"SKIP","floor":12},{"not_picked":["Go for the Eyes","Steam Power"],"picked":"Ball Lightning","floor":13}],"player_experience":363621,"relics_obtained":[{"floor":7,"key":"Lantern"},{"floor":9,"key":"Strawberry"}],"event_choices":[],"is_beta":false,"boss_relics":[],"items_purged_floors":[10],"is_endless":false,"potions_floor_spawned":[5,7,13],"killed_by":"Slime Boss","ascension_level":6}