{"gold_per_floor":[113,124,124,124,47,63,88,113,113,188,211,211,235,160,160,290,290,305,305,305,404,8,8,8,8,8,26,26,51,71,90,90,90],"floor_reached":33,"playtime":1045,"items_purged":["Defend_R","Defend_R"],"score":264,"play_id":"c39d7857-4b42-4fbc-9246-19edafcb1ff9","local_time":"20181209002010","is_ascension_mode":false,"campfire_choices":[{"floor":12,"key":"REST"},{"data":"Whirlwind","floor":15,"key":"SMITH"},{"data":"Whirlwind","floor":23,"key":"SMITH"},{"data":"Perfected Strike","floor":25,"key":"SMITH"},{"data":"Bash","floor":32,"key":"SMITH"}],"neow_cost":"NONE","seed_source_timestamp":784172485439722,"circlet_count":0,"master_deck":["Strike_R","Strike_R","Strike_R","Strike_R","Strike_R","Defend_R","Defend_R","Bash+1","Perfected Strike+1","Whirlwind+1","Whirlwind+1","Ghostly","Ghostly","Ghostly","Ghostly","Ghostly","Perfected Strike+1","Twin Strike+1"],"relics":["Burning Blood","Golden Idol","Bag of Marbles","Busted Crown","Dead Branch","Molten Egg 2"],"potions_floor_usage":[7,11,11,13,16,33,33],"damage_taken":[{"damage":1,"enemies":"Jaw Worm","floor":1,"turns":6},{"damage":1,"enemies":"Cultist","floor":2,"turns":3},{"damage":9,"enemies":"Small Slimes","floor":6,"turns":4},{"damage":9,"enemies":"3 Louse","floor":7,"turns":2},{"damage":23,"enemies":"Blue Slaver","floor":8,"turns":5},{"damage":6,"enemies":"Large Slime","floor":11,"turns":4},{"damage":0,"enemies":"Looter","floor":13,"turns":2},{"damage":49,"enemies":"Slime Boss","floor":16,"turns":9},{"damage":30,"enemies":"Shell Parasite","floor":18,"turns":3},{"damage":3,"enemies":"2 Thieves","floor":27,"turns":4},{"damage":4,"enemies":"Centurion and Healer","floor":29,"turns":4},{"damage":0,"enemies":"3 Cultists","floor":30,"turns":2},{"damage":3,"enemies":"Chosen and Byrds","floor":31,"turns":5},{"damage":51,"enemies":"Automaton","floor":33,"turns":6}],"seed_played":"-2936742063121342134","potions_obtained":[{"floor":1,"key":"PowerPotion"},{"floor":2,"key":"Explosive Potion"},{"floor":7,"key":"PowerPotion"},{"floor":8,"key":"FearPotion"},{"floor":13,"key":"Dexterity Potion"},{"floor":30,"key":"Explosive Potion"},{"floor":31,"key":"Weak Potion"}],"is_trial":false,"path_per_floor":["M","M","$","?","$","M","M","M","T","?","M","R","M","$","R","B",null,"M","?","?","?","$","R","$","R","T","M","?","M","M","M","R","B"],"character_chosen":"IRONCLAD","items_purchased":["Whirlwind","Dead Branch"],"campfire_rested":1,"item_purchase_floors":[5,22],"current_hp_per_floor":[88,88,88,66,66,63,60,43,43,35,35,61,67,67,67,24,88,64,64,44,44,44,44,44,44,44,44,44,44,44,44,44,0],"gold":90,"neow_bonus":"TEN_PERCENT_HP_BONUS","is_prod":false,"is_daily":false,"chose_seed":false,"campfire_upgraded":4,"win_rate":0,"timestamp":1544332810,"path_taken":["M","M","$","?","$","M","M","M","T","?","M","R","?","$","R","BOSS","M","?","?","?","?","R","$","R","T","M","?","M","M","M","R","BOSS"],"build_version":"2018-12-06","purchased_purges":2,"victory":false,"max_hp_per_floor":[88,88,88,88,88,88,88,88,88,88,88,88,88,88,88,88,88,88,88,44,44,44,44,44,44,44,44,44,44,44,44,44,44],"card_choices":[{"not_picked":["Dropkick","Body Slam","True Grit"],"picked":"SKIP","floor":1},{"not_picked":["Warcry","True Grit"],"picked":"Perfected Strike","floor":2},{"not_picked":["Heavy Blade","Headbutt","Ghostly Armor"],"picked":"SKIP","floor":6},{"not_picked":["Warcry","Headbutt"],"picked":"Whirlwind","floor":7},{"not_picked":["Havoc","Body Slam","Headbutt"],"picked":"SKIP","floor":8},{"not_picked":["Sentinel","Ghostly Armor","Thunderclap"],"picked":"SKIP","floor":11},{"not_picked":["Heavy Blade","Warcry","Bloodletting"],"picked":"SKIP","floor":13},{"not_picked":["Headbutt"],"picked":"SKIP","floor":18},{"not_picked":[],"picked":"Perfected Strike+1","floor":27},{"not_picked":[],"picked":"Twin Strike+1","floor":29},{"not_picked":["Power Through"],"picked":"SKIP","floor":30},{"not_picked":["Anger+1"],"picked":"SKIP","floor":31}],"player_experience":204140,"relics_obtained":[{"floor":9,"key":"Bag of Marbles"},{"floor":26,"key":"Molten Egg 2"}],"event_choices":[{"damage_healed":0,"gold_gain":0,"player_choice":"Take Damage","damage_taken":22,"relics_obtained":["Golden Idol"],"max_hp_gain":0,"max_hp_loss":0,"event_name":"Golden Idol","floor":4,"gold_loss":0},{"damage_healed":0,"gold_gain":75,"player_choice":"Touch","damage_taken":8,"max_hp_gain":0,"max_hp_loss":0,"event_name":"FaceTrader","floor":10,"gold_loss":0},{"damage_healed":0,"gold_gain":0,"player_choice":"Ignored","damage_taken":0,"max_hp_gain":0,"max_hp_loss":0,"event_name":"Vampires","floor":19,"gold_loss":0},{"damage_healed":0,"gold_gain":0,"player_choice":"Became a Ghost","damage_taken":0,"max_hp_gain":0,"max_hp_loss":44,"event_name":"Ghosts","floor":20,"gold_loss":0,"cards_obtained":["Ghostly","Ghostly","Ghostly","Ghostly","Ghostly"]},{"damage_healed":0,"gold_gain":99,"player_choice":"Stole From Cult","damage_taken":0,"max_hp_gain":0,"max_hp_loss":0,"event_name":"Nest","floor":21,"gold_loss":0},{"damage_healed":0,"gold_gain":0,"player_choice":"Ignored","damage_taken":0,"max_hp_gain":0,"max_hp_loss":0,"event_name":"The Mausoleum","floor":28,"gold_loss":0}],"is_beta":false,"boss_relics":[{"not_picked":["Runic Cube","Runic Dome"],"picked":"Busted Crown"}],"items_purged_floors":[14,22],"is_endless":false,"potions_floor_spawned":[1,2,7,8,13,30,31],"killed_by":"Automaton","ascension_level":0}