{"gold_per_floor":[109,109,109,22,39,68,68,96,96,21,21,21,21,38,38,109,109,109,109,109,109,24,24,24,24,24,24,24,24,24,24,24,24,24,24,24,24,24,24,24,24,24,24,24,24,24,24,24,24,24],"floor_reached":50,"playtime":2376,"items_purged":[],"score":1087,"play_id":"d8eec073-2232-4a8e-a9c4-2d709eee359d","local_time":"20181122220943","is_ascension_mode":true,"campfire_choices":[{"data":"Zap","floor":7.0,"key":"SMITH"},{"data":"1","floor":11.0,"key":"LIFT"},{"floor":15.0,"key":"REST"},{"floor":24.0,"key":"REST"},{"floor":32.0,"key":"REST"},{"floor":45.0,"key":"REST"},{"floor":49,"key":"RECALL"}],"neow_cost":"NONE","seed_source_timestamp":298314909598308,"circlet_count":0,"master_deck":["AscendersBane","Strike_B+1","Defend_B+1","Defend_B+1","Defend_B+1","Zap+1","Dualcast","Loop","Chill","Glacier","White Noise","BootSequence","Creative AI","Coolheaded+1","Loop","Creative AI","Seek","Conserve Battery","Mayhem","Madness","Madness","Echo Form","Glacier+1","Reboot"],"special_seed":0,"relics":["Cracked Core","NeowsBlessing","DataDisk","Girya","Kunai","Ectoplasm","Nunchaku","Fusion Hammer","FossilizedHelix","Whetstone","Dream Catcher","Shuriken"],"potions_floor_usage":[50],"damage_taken":[{"damage":0.0,"enemies":"2 Louse","floor":1.0,"turns":1.0},{"damage":0.0,"enemies":"Small Slimes","floor":5.0,"turns":1.0},{"damage":0.0,"enemies":"3 Sentries","floor":6.0,"turns":1.0},{"damage":9.0,"enemies":"Lagavulin","floor":8.0,"turns":8.0},{"damage":9.0,"enemies":"Jaw Worm","floor":14.0,"turns":4.0},{"damage":50.0,"enemies":"Hexaghost","floor":16.0,"turns":16.0},{"damage":8.0,"enemies":"Chosen","floor":18.0,"turns":8.0},{"damage":7.0,"enemies":"Spheric Guardian","floor":21.0,"turns":5.0},{"damage":13.0,"enemies":"Snake Plant","floor":23.0,"turns":5.0},{"damage":18.0,"enemies":"3 Cultists","floor":29.0,"turns":8.0},{"damage":0.0,"enemies":"Snecko","floor":30.0,"turns":7.0},{"damage":34.0,"enemies":"Champ","floor":33.0,"turns":14.0},{"damage":0.0,"enemies":"Orb Walker","floor":35.0,"turns":6.0},{"damage":14.0,"enemies":"Giant Head","floor":40.0,"turns":11.0},{"damage":0.0,"enemies":"3 Shapes","floor":41.0,"turns":8.0},{"damage":12.0,"enemies":"3 Darklings","floor":42.0,"turns":5.0},{"damage":4.0,"enemies":"Reptomancer","floor":44.0,"turns":9.0},{"damage":20,"enemies":"Transient","floor":47,"turns":6},{"damage":0,"enemies":"Spire Growth","floor":48,"turns":8},{"damage":16,"enemies":"Awakened One","floor":50,"turns":3}],"seed_played":"2500670840561010347","potions_obtained":[{"floor":1.0,"key":"GamblersBrew"},{"floor":6.0,"key":"Explosive Potion"},{"floor":8.0,"key":"Swift Potion"},{"floor":29.0,"key":"SneckoOil"},{"floor":30.0,"key":"GamblersBrew"},{"floor":33.0,"key":"Block Potion"},{"floor":41.0,"key":"Poison Potion"},{"floor":47,"key":"Dexterity Potion"}],"is_trial":false,"path_per_floor":["M","?","?","$","M","E","R","E","T","?","R","$","?","M","R","B",null,"M","?","?","M","?","M","R","?","T","?","?","M","M","$","R","B",null,"M","?","?","?","?","E","M","M","T","E","R","T","M","M","R","B"],"character_chosen":"DEFECT","items_purchased":["Chill"],"campfire_rested":4,"item_purchase_floors":[4],"current_hp_per_floor":[64,57,57,57,57,57,57,48,48,48,48,48,48,39,60,10,56,48,48,48,41,41,28,49,49,49,49,49,31,31,31,52,18,58,58,58,45,45,45,31,31,19,19,15,36,36,16,16,16,0],"gold":24,"neow_bonus":"THREE_ENEMY_KILL","is_prod":false,"is_daily":false,"chose_seed":false,"campfire_upgraded":1,"win_rate":0,"timestamp":1542953383,"path_taken":["M","?","?","$","M","E","R","E","T","?","R","$","?","M","R","BOSS","M","?","?","M","?","M","R","?","T","?","?","M","M","?","R","BOSS","M","?","?","?","?","E","M","?","T","E","R","?","M","M","R","BOSS"],"build_version":"2018-11-15","purchased_purges":0,"victory":false,"max_hp_per_floor":[71,71,71,71,71,71,71,71,71,71,71,71,71,71,71,71,71,71,71,71,71,71,71,71,71,71,71,71,71,71,71,71,71,71,71,71,71,71,71,71,71,71,71,71,71,71,71,71,71,71],"card_choices":[{"not_picked":["Melter","Beam Cell"],"picked":"Loop","floor":1.0},{"not_picked":["Barrage","Melter","Darkness"],"picked":"SKIP","floor":5.0},{"not_picked":["Chaos","BootSequence"],"picked":"Glacier","floor":6.0},{"not_picked":["Reprogram","Aggregate"],"picked":"White Noise","floor":8.0},{"not_picked":["Hologram","Conserve Battery"],"picked":"BootSequence","floor":14.0},{"not_picked":["Amplify","Hyperbeam"],"picked":"Creative AI","floor":16.0},{"not_picked":["Leap","Beam Cell","Steam+1"],"picked":"SKIP","floor":18.0},{"not_picked":["Stack","Beam Cell"],"picked":"Coolheaded+1","floor":21.0},{"not_picked":["Melter+1","Redo+1"],"picked":"Loop","floor":23.0},{"not_picked":["Turbo","Rebound","Stack"],"picked":"SKIP","floor":29.0},{"not_picked":["Static Discharge","Coolheaded","Chaos"],"picked":"SKIP","floor":30.0},{"not_picked":["Reboot","Thunder Strike"],"picked":"Seek","floor":33.0},{"not_picked":["Self Repair","Loop"],"picked":"Conserve Battery","floor":35.0},{"not_picked":["Sadistic Nature","Apotheosis"],"picked":"Mayhem","floor":36.0},{"not_picked":["Turbo","Hyperbeam"],"picked":"Glacier+1","floor":40.0},{"not_picked":["Turbo","Sweeping Beam","Go for the Eyes"],"picked":"SKIP","floor":41.0},{"not_picked":["Barrage","Leap","Coolheaded"],"picked":"SKIP","floor":42.0},{"not_picked":["Lockon","Stack"],"picked":"Reboot","floor":44.0},{"not_picked":["Static Discharge+1","Self Repair","Compile Driver"],"picked":"SKIP","floor":47},{"not_picked":["Hologram","Doom and Gloom+1","Gash"],"picked":"SKIP","floor":48}],"player_experience":670384,"relics_obtained":[{"floor":6.0,"key":"DataDisk"},{"floor":8.0,"key":"Girya"},{"floor":9.0,"key":"Kunai"},{"floor":40.0,"key":"FossilizedHelix"},{"floor":43.0,"key":"Whetstone"},{"floor":44.0,"key":"Dream Catcher"},{"floor":46.0,"key":"Shuriken"}],"event_choices":[{"cards_removed":["Strike_B"],"damage_healed":0.0,"max_hp_gain":0.0,"max_hp_loss":0.0,"gold_gain":0.0,"event_name":"Golden Wing","player_choice":"Card Removal","floor":2.0,"gold_loss":0.0,"damage_taken":7.0},{"damage_healed":0.0,"max_hp_gain":0.0,"max_hp_loss":0.0,"gold_gain":0.0,"cards_transformed":["Defend_B"],"event_name":"Living Wall","player_choice":"Change","floor":3.0,"gold_loss":0.0,"damage_taken":0.0,"cards_obtained":["Meteor Strike"]},{"cards_removed":["Strike_B"],"damage_healed":0.0,"max_hp_gain":0.0,"max_hp_loss":0.0,"gold_gain":0.0,"event_name":"The Cleric","player_choice":"Card Removal","floor":10.0,"gold_loss":75.0,"damage_taken":0.0},{"damage_healed":0.0,"max_hp_gain":0.0,"max_hp_loss":0.0,"gold_gain":0.0,"event_name":"Liars Game","player_choice":"Ignored","floor":13.0,"gold_loss":0.0,"damage_taken":0.0},{"damage_healed":0.0,"max_hp_gain":0.0,"max_hp_loss":0.0,"gold_gain":0.0,"event_name":"Back to Basics","player_choice":"Simplicity","floor":19.0,"gold_loss":0.0,"damage_taken":0.0,"cards_upgraded":["Strike_B","Strike_B","Defend_B","Defend_B","Defend_B"]},{"damage_healed":0.0,"max_hp_gain":0.0,"max_hp_loss":0.0,"gold_gain":0.0,"event_name":"Ghosts","player_choice":"Ignored","floor":20.0,"gold_loss":0.0,"damage_taken":0.0},{"damage_healed":0.0,"max_hp_gain":0.0,"max_hp_loss":0.0,"gold_gain":0.0,"event_name":"Addict","player_choice":"Obtained Relic","floor":22.0,"gold_loss":85.0,"damage_taken":0.0,"relics_obtained":["Nunchaku"]},{"damage_healed":0.0,"max_hp_gain":0.0,"max_hp_loss":0.0,"gold_gain":0.0,"event_name":"Vampires","player_choice":"Ignored","floor":25.0,"gold_loss":0.0,"damage_taken":0.0},{"damage_healed":0.0,"max_hp_gain":0.0,"max_hp_loss":0.0,"gold_gain":0.0,"cards_transformed":["Strike_B","Meteor Strike"],"event_name":"Drug Dealer","player_choice":"Became Test Subject","floor":27.0,"gold_loss":0.0,"damage_taken":0.0,"cards_obtained":["Beam Cell","Creative AI"]},{"damage_healed":0.0,"max_hp_gain":0.0,"max_hp_loss":0.0,"gold_gain":0.0,"event_name":"The Mausoleum","player_choice":"Ignored","floor":28.0,"gold_loss":0.0,"damage_taken":0.0},{"damage_healed":0.0,"max_hp_gain":0.0,"max_hp_loss":0.0,"gold_gain":0.0,"event_name":"SensoryStone","player_choice":"Memory 1","floor":36.0,"gold_loss":0.0,"damage_taken":0.0},{"damage_healed":0.0,"max_hp_gain":0.0,"max_hp_loss":0.0,"gold_gain":0.0,"event_name":"Winding Halls","player_choice":"Embrace Madness","floor":37.0,"gold_loss":0.0,"damage_taken":13.0,"cards_obtained":["Madness","Madness"]},{"damage_healed":0.0,"max_hp_gain":0.0,"max_hp_loss":0.0,"gold_gain":0.0,"event_name":"Mysterious Sphere","player_choice":"Ignored","floor":38.0,"gold_loss":0.0,"damage_taken":0.0},{"damage_healed":0.0,"max_hp_gain":0.0,"max_hp_loss":0.0,"gold_gain":0.0,"cards_transformed":["Beam Cell"],"event_name":"Transmorgrifier","player_choice":"Transformed","floor":39.0,"gold_loss":0.0,"damage_taken":0.0,"cards_obtained":["Echo Form"]}],"is_beta":false,"boss_relics":[{"not_picked":["Cursed Key","Empty Cage"],"picked":"Ectoplasm"},{"not_picked":["Astrolabe","Runic Pyramid"],"picked":"Fusion Hammer"}],"items_purged_floors":[],"is_endless":false,"potions_floor_spawned":[1,6,8,14,29,30,33,41,47],"killed_by":"Awakened One","ascension_level":20}