{"gold_per_floor":[118,118,29,29,43,43,86,86,86,124,149,25,56,72,72,166,166,189,189,189,189,189,189,228,242,242,242,261,294,52,77,77,172,172,193,209,55,79,98,98,134,155,155,155,199,222,235,235,235,235],"floor_reached":51,"playtime":3272,"items_purged":[],"score":1389,"play_id":"a030918d-1068-4d49-a0f2-0022b7a9b185","local_time":"20180701173107","is_ascension_mode":true,"campfire_choices":[{"floor":6,"key":"REST"},{"floor":8,"key":"REST"},{"data":"Noxious Fumes","floor":15,"key":"SMITH"},{"floor":23,"key":"REST"},{"floor":27,"key":"REST"},{"floor":32,"key":"REST"},{"floor":44,"key":"REST"},{"floor":49,"key":"REST"}],"neow_cost":"FIFTY_PERCENT_DAMAGE","seed_source_timestamp":1192621746293743,"circlet_count":0,"master_deck":["Defend_G+1","Defend_G+1","Defend_G+1","Defend_G+1","Defend_G+1","Strike_G+1","Strike_G+1","Strike_G+1","Survivor+1","Neutralize","AscendersBane","Deadly Poison+1","Noxious Fumes+1","All Out Attack","Sucker Punch","Dodge and Roll","Footwork","Backstab","After Image","Backstab","Crippling Poison+1","Backstab","Malaise","After Image+1","Acrobatics","Well Laid Plans+1"],"relics":["Ring of the Snake","Golden Idol","Happy Flower","Ornamental Fan","Pear","Toolbox","Fusion Hammer","Anchor","Bottled Lightning","Mercury Hourglass","Frozen Egg 2","Lizard Tail","Singing Bowl","Tingsha","War Paint","Bag of Preparation"],"potions_floor_usage":[7,10,13,16,16,24,24,24,24,33,39,41,50,50],"damage_taken":[{"damage":2,"enemies":"Cultist","floor":1,"turns":4},{"damage":2,"enemies":"Jaw Worm","floor":5,"turns":4},{"damage":21,"enemies":"3 Sentries","floor":7,"turns":6},{"damage":12,"enemies":"Lagavulin","floor":10,"turns":7},{"damage":2,"enemies":"Small Slimes","floor":11,"turns":3},{"damage":0,"enemies":"3 Sentries","floor":13,"turns":7},{"damage":5,"enemies":"3 Louse","floor":14,"turns":3},{"damage":14,"enemies":"Slime Boss","floor":16,"turns":7},{"damage":0,"enemies":"Chosen","floor":18,"turns":6},{"damage":56,"enemies":"Gremlin Leader","floor":24,"turns":10},{"damage":7,"enemies":"Shell Parasite","floor":25,"turns":5},{"damage":0,"enemies":"3 Cultists","floor":28,"turns":4},{"damage":5,"enemies":"Book of Stabbing","floor":29,"turns":6},{"damage":0,"enemies":"Centurion and Healer","floor":31,"turns":6},{"damage":74,"enemies":"Automaton","floor":33,"turns":14},{"damage":0,"enemies":"3 Shapes","floor":35,"turns":2},{"damage":0,"enemies":"Orb Walker","floor":36,"turns":4},{"damage":0,"enemies":"3 Darklings","floor":38,"turns":6},{"damage":0,"enemies":"Sphere and 2 Shapes","floor":39,"turns":7},{"damage":22,"enemies":"2 Orb Walkers","floor":41,"turns":7},{"damage":0,"enemies":"Maw","floor":42,"turns":9},{"damage":0,"enemies":"Nemesis","floor":45,"turns":9},{"damage":4,"enemies":"3 Darklings","floor":46,"turns":4},{"damage":0,"enemies":"4 Shapes","floor":47,"turns":3},{"damage":43,"enemies":"Awakened One","floor":50,"turns":21}],"seed_played":"8637160280747535081","potions_obtained":[{"floor":7,"key":"Block Potion"},{"floor":10,"key":"SteroidPotion"},{"floor":13,"key":"Fire Potion"},{"floor":21,"key":"EntropicBrew"},{"floor":21,"key":"GhostInAJar"},{"floor":24,"key":"Regen Potion"},{"floor":33,"key":"Strength Potion"},{"floor":35,"key":"AttackPotion"},{"floor":39,"key":"PowerPotion"},{"floor":42,"key":"SkillPotion"},{"floor":47,"key":"EssenceOfSteel"}],"is_trial":false,"path_per_floor":["M","?","$","?","M","R","E","R","T","E","M","$","E","M","R","B",null,"M","$","?","?","?","R","E","M","T","R","M","E","$","M","R","B",null,"M","M","$","M","M","?","E","M","T","R","E","M","M","?","R","B"],"character_chosen":"THE_SILENT","items_purchased":["Noxious Fumes","Fire Potion","Footwork","Fire Potion","Frozen Egg 2","Singing Bowl"],"campfire_rested":7,"item_purchase_floors":[3,3,12,12,30,37],"current_hp_per_floor":[34,34,34,34,32,53,32,53,53,51,49,49,49,44,44,30,68,68,68,68,68,68,81,40,33,33,57,57,52,52,52,76,17,65,65,65,65,67,69,69,49,51,51,77,79,75,77,77,93,50],"gold":235,"neow_bonus":"TWENTY_PERCENT_HP_BONUS","is_prod":false,"is_daily":false,"chose_seed":false,"campfire_upgraded":1,"win_rate":0,"timestamp":1530459067,"path_taken":["M","?","$","?","M","R","E","R","T","E","M","$","E","M","R","BOSS","M","?","?","?","?","R","E","M","T","R","M","E","$","?","R","BOSS","M","M","$","M","M","?","E","M","T","R","E","M","M","?","R","BOSS"],"build_version":"2018-06-28","purchased_purges":0,"victory":true,"max_hp_per_floor":[78,78,78,71,71,71,71,71,71,81,81,81,81,81,81,81,81,81,81,81,81,81,81,81,81,81,81,81,81,81,81,81,81,81,81,81,81,83,85,85,87,89,89,89,91,91,93,93,93,93],"card_choices":[{"not_picked":["Bane","Endless Agony"],"picked":"Deadly Poison","floor":1},{"not_picked":["Deadly Poison","Choke"],"picked":"All Out Attack","floor":5},{"not_picked":["Bane","PiercingWail"],"picked":"Sucker Punch","floor":7},{"not_picked":["Crippling Poison","Bane"],"picked":"Dodge and Roll","floor":10},{"not_picked":["Dodge and Roll","Slice","Outmaneuver"],"picked":"SKIP","floor":11},{"not_picked":["Flying Knee","All Out Attack"],"picked":"Backstab","floor":13},{"not_picked":["PiercingWail","Underhanded Strike","Outmaneuver"],"picked":"SKIP","floor":14},{"not_picked":["Glass Knife","Burst"],"picked":"After Image","floor":16},{"not_picked":["Deflect","Crippling Poison","Eviscerate+1"],"picked":"SKIP","floor":18},{"not_picked":["Quick Slash","Acrobatics"],"picked":"Backstab","floor":24},{"not_picked":["Escape Plan","Distraction"],"picked":"Crippling Poison+1","floor":25},{"not_picked":["Outmaneuver","Quick Slash+1"],"picked":"Backstab","floor":28},{"not_picked":["All Out Attack","Quick Slash"],"picked":"Malaise","floor":29},{"not_picked":["Cloak And Dagger","Slice","Quick Slash"],"picked":"SKIP","floor":31},{"not_picked":["Burst","Venomology"],"picked":"After Image+1","floor":33},{"not_picked":["Dagger Throw+1","Slice"],"picked":"Acrobatics","floor":35},{"not_picked":["Endless Agony","Setup+1","Dodge and Roll"],"picked":"SKIP","floor":36},{"not_picked":["Dagger Throw","Finisher","Eviscerate"],"picked":"Singing Bowl","floor":38},{"not_picked":["Dash","Deadly Poison","Outmaneuver"],"picked":"Singing Bowl","floor":39},{"not_picked":["Quick Slash","Masterful Stab","Slice"],"picked":"Singing Bowl","floor":41},{"not_picked":["Wraith Form v2+1","Slice","Expertise"],"picked":"Singing Bowl","floor":42},{"not_picked":["Slice","Dodge and Roll","Dagger Spray"],"picked":"Singing Bowl","floor":45},{"not_picked":["Sucker Punch","Dagger Spray"],"picked":"Well Laid Plans+1","floor":46},{"not_picked":["Sucker Punch","Night Terror","Acrobatics"],"picked":"Singing Bowl","floor":47}],"player_experience":725692,"relics_obtained":[{"floor":7,"key":"Happy Flower"},{"floor":9,"key":"Ornamental Fan"},{"floor":10,"key":"Pear"},{"floor":13,"key":"Toolbox"},{"floor":24,"key":"Anchor"},{"floor":26,"key":"Bottled Lightning"},{"floor":29,"key":"Mercury Hourglass"},{"floor":41,"key":"Tingsha"},{"floor":43,"key":"War Paint"},{"floor":45,"key":"Bag of Preparation"}],"event_choices":[{"event_name":"Wheel of Change","player_choice":"Card Removal","floor":2,"damage_taken":0},{"event_name":"Golden Idol","player_choice":"Lose Max HP","floor":4,"damage_taken":0},{"event_name":"Ghosts","player_choice":"Ignored","floor":20,"damage_taken":0},{"event_name":"The Lab","player_choice":"Got Potions","floor":21,"damage_taken":0},{"event_name":"Back to Basics","player_choice":"Simplicity","floor":22,"damage_taken":0},{"event_name":"Falling","player_choice":"Removed Attack","floor":40,"damage_taken":0},{"event_name":"The Moai Head","player_choice":"Ignored","floor":48,"damage_taken":0}],"boss_relics":[{"not_picked":["Empty Cage","Orrery"],"picked":"Fusion Hammer"},{"not_picked":["Calling Bell","Tiny House"],"picked":"Lizard Tail"}],"items_purged_floors":[],"is_endless":false,"potions_floor_spawned":[7,10,13,24,33,35,36,39,42,47],"ascension_level":15}