{"gold_per_floor":[109,125,125,125,125,125,140,140,214,214,240,240,256,274,274,348,348,367,387,437,437],"floor_reached":21,"playtime":749,"items_purged":[],"score":358,"play_id":"cb010ed8-df45-49a0-8a65-8de936e3354d","local_time":"20190305094009","is_ascension_mode":true,"campfire_choices":[{"data":"Zap","floor":6,"key":"SMITH"},{"data":"Self Repair","floor":8,"key":"SMITH"},{"data":"Doom and Gloom","floor":10,"key":"SMITH"},{"data":"Dualcast","floor":12,"key":"SMITH"},{"data":"Defragment","floor":15,"key":"SMITH"}],"neow_cost":"NONE","seed_source_timestamp":2331638803223300,"circlet_count":0,"master_deck":["AscendersBane","Strike_B","Strike_B","Strike_B","Strike_B","Defend_B","Defend_B","Defend_B","Defend_B","Zap+1","Dualcast+1","Conserve Battery","Static Discharge","Doom and Gloom+1","Self Repair+1","Leap","Defragment+1","Sweeping Beam","Thunder Strike","Capacitor","Glacier","Stack","Reinforced Body","Genetic Algorithm","Darkness+1","Tempest"],"relics":["Cracked Core","Bottled Flame","Ginger","Kunai","PreservedInsect","Orrery"],"potions_floor_usage":[11,16,18,21],"damage_taken":[{"damage":6,"enemies":"Cultist","floor":1,"turns":4},{"damage":7,"enemies":"Small Slimes","floor":2,"turns":3},{"damage":1,"enemies":"2 Louse","floor":7,"turns":2},{"damage":35,"enemies":"3 Sentries","floor":11,"turns":7},{"damage":5,"enemies":"Exordium Wildlife","floor":13,"turns":3},{"damage":4,"enemies":"2 Fungi Beasts","floor":14,"turns":2},{"damage":6,"enemies":"Slime Boss","floor":16,"turns":9},{"damage":48,"enemies":"3 Byrds","floor":18,"turns":8},{"damage":16,"enemies":"Spheric Guardian","floor":19,"turns":4},{"damage":7,"enemies":"Snake Plant","floor":21,"turns":1}],"seed_played":"1085165448406310073","potions_obtained":[{"floor":7,"key":"GamblersBrew"},{"floor":13,"key":"Poison Potion"},{"floor":14,"key":"Fire Potion"},{"floor":18,"key":"Weak Potion"}],"is_trial":false,"path_per_floor":["M","M","T","?","?","R","M","R","T","R","E","R","M","M","R","B",null,"M","M","?","M"],"character_chosen":"DEFECT","items_purchased":[],"campfire_rested":0,"item_purchase_floors":[],"current_hp_per_floor":[58,51,51,40,40,40,39,39,39,39,14,14,19,15,15,19,58,20,4,4,0],"gold":437,"neow_bonus":"THREE_CARDS","is_prod":false,"is_daily":false,"chose_seed":false,"campfire_upgraded":5,"win_rate":0,"timestamp":1551807609,"path_taken":["M","M","?","?","?","R","?","R","T","R","E","R","M","M","R","BOSS","M","M","?","M"],"build_version":"2019-01-23","purchased_purges":0,"victory":false,"max_hp_per_floor":[71,71,71,71,71,71,71,71,71,71,71,71,71,71,71,71,71,71,71,71,71],"card_choices":[{"not_picked":["Turbo","Go for the Eyes"],"picked":"Conserve Battery","floor":0},{"not_picked":["Streamline","Rip and Tear"],"picked":"Static Discharge","floor":1},{"not_picked":["Tempest","Cold Snap"],"picked":"Doom and Gloom","floor":2},{"not_picked":["Compile Driver","Sweeping Beam"],"picked":"Self Repair","floor":7},{"not_picked":["Compile Driver","BootSequence"],"picked":"Leap","floor":11},{"not_picked":["Sweeping Beam","Streamline"],"picked":"Defragment","floor":13},{"not_picked":["Hyperbeam","Recycle"],"picked":"Sweeping Beam","floor":14},{"not_picked":["Meteor Strike","Hyperbeam"],"picked":"Thunder Strike","floor":16},{"not_picked":["Hologram","Beam Cell"],"picked":"Capacitor","floor":17},{"not_picked":["Leap","Force Field"],"picked":"Glacier","floor":17},{"not_picked":["Barrage","Turbo"],"picked":"Stack","floor":17},{"not_picked":["Hologram","Barrage"],"picked":"Reinforced Body","floor":17},{"not_picked":["Static Discharge","Beam Cell"],"picked":"Genetic Algorithm","floor":17},{"not_picked":["Doom and Gloom","Leap"],"picked":"Darkness+1","floor":18},{"not_picked":["Rebound","Gash"],"picked":"Tempest","floor":19}],"player_experience":789304,"relics_obtained":[{"floor":3,"key":"Bottled Flame"},{"floor":9,"key":"Kunai"},{"floor":11,"key":"PreservedInsect"}],"event_choices":[{"damage_healed":0,"gold_gain":0,"player_choice":"Success","damage_taken":11,"relics_obtained":["Ginger"],"max_hp_gain":0,"max_hp_loss":0,"event_name":"Scrap Ooze","floor":4,"gold_loss":0},{"damage_healed":0,"gold_gain":0,"player_choice":"Ignored","damage_taken":0,"max_hp_gain":0,"max_hp_loss":0,"event_name":"Liars Game","floor":5,"gold_loss":0},{"damage_healed":0,"gold_gain":50,"player_choice":"Stole From Cult","damage_taken":0,"max_hp_gain":0,"max_hp_loss":0,"event_name":"Nest","floor":20,"gold_loss":0}],"is_beta":false,"boss_relics":[{"not_picked":["Eternal Feather","White Beast Statue"],"picked":"Orrery"}],"items_purged_floors":[],"is_endless":false,"potions_floor_spawned":[7,13,14,18],"killed_by":"Snake Plant","ascension_level":20}