{"gold_per_floor":[110,124,135,135,147,174,174,205,205,205,205,225,105,119,119,218,218,231,77,6,20,31,31,51,65,143,163,176,176,194,121,121,221,221,240,240,256,356,356,356],"floor_reached":40,"playtime":1846,"items_purged":["Strike_R","Strike_R"],"score":487,"play_id":"a04bbe65-c7e8-4fb5-88ac-288d302825c2","local_time":"20190202094235","is_ascension_mode":true,"campfire_choices":[{"data":"1","floor":7,"key":"LIFT"},{"data":"2","floor":10,"key":"LIFT"},{"floor":15,"key":"REST"},{"floor":23,"key":"REST"},{"floor":29,"key":"REST"},{"floor":32,"key":"REST"}],"neow_cost":"NONE","seed_source_timestamp":2109595265514086,"circlet_count":0,"master_deck":["Strike_R","Strike_R","Strike_R","Defend_R","Defend_R","Bash","Shrug It Off","Carnage","Rage","Seeing Red","Anger","Evolve","Cleave","Headbutt","Thunderclap","Limit Break","True Grit","Heavy Blade","Infernal Blade","Flex+1","Sever Soul+1","Power Through","Flex+1","Shrug It Off","Heavy Blade","Battle Trance","Immolate","Shrug It Off+1","Madness","Madness","Shrug It Off+1","Clothesline+1"],"relics":["Burning Blood","Girya","Centennial Puzzle","Pear","White Beast Statue","Meat on the Bone","Black Star","Nunchaku"],"potions_floor_usage":[6,12,16,25,25,27,28,33,33,37,40],"damage_taken":[{"damage":6,"enemies":"Cultist","floor":1,"turns":3},{"damage":7,"enemies":"Jaw Worm","floor":2,"turns":3},{"damage":0,"enemies":"2 Louse","floor":3,"turns":2},{"damage":5,"enemies":"Looter","floor":5,"turns":3},{"damage":23,"enemies":"Lagavulin","floor":6,"turns":6},{"damage":29,"enemies":"3 Sentries","floor":8,"turns":9},{"damage":6,"enemies":"Exordium Wildlife","floor":12,"turns":3},{"damage":15,"enemies":"3 Louse","floor":14,"turns":2},{"damage":10,"enemies":"Hexaghost","floor":16,"turns":8},{"damage":16,"enemies":"Chosen","floor":18,"turns":4},{"damage":25,"enemies":"2 Thieves","floor":21,"turns":4},{"damage":40,"enemies":"Shelled Parasite and Fungi","floor":22,"turns":5},{"damage":38,"enemies":"Sentry and Sphere","floor":24,"turns":6},{"damage":15,"enemies":"Centurion and Healer","floor":25,"turns":4},{"damage":12,"enemies":"3 Cultists","floor":27,"turns":3},{"damage":17,"enemies":"Snake Plant","floor":28,"turns":4},{"damage":3,"enemies":"Sentry and Sphere","floor":30,"turns":3},{"damage":87,"enemies":"Champ","floor":33,"turns":11},{"damage":17,"enemies":"Orb Walker","floor":35,"turns":3},{"damage":22,"enemies":"3 Darklings","floor":37,"turns":6},{"damage":20,"enemies":"Mind Bloom Boss Battle","floor":38,"turns":10},{"damage":71,"enemies":"Reptomancer","floor":40,"turns":5}],"seed_played":"6327781534494060331","potions_obtained":[{"floor":1,"key":"Block Potion"},{"floor":6,"key":"PowerPotion"},{"floor":8,"key":"Fire Potion"},{"floor":14,"key":"SkillPotion"},{"floor":18,"key":"LiquidBronze"},{"floor":21,"key":"GamblersBrew"},{"floor":22,"key":"EssenceOfSteel"},{"floor":24,"key":"Energy Potion"},{"floor":25,"key":"AttackPotion"},{"floor":27,"key":"Swift Potion"},{"floor":28,"key":"Poison Potion"},{"floor":30,"key":"EssenceOfSteel"},{"floor":33,"key":"Swift Potion"},{"floor":35,"key":"Dexterity Potion"},{"floor":37,"key":"BloodPotion"}],"is_trial":false,"path_per_floor":["M","M","M","T","M","E","R","E","T","R","?","M","$","M","R","B",null,"M","$","$","M","M","R","M","M","T","M","M","R","M","$","R","B",null,"M","?","M","?","?","E"],"character_chosen":"IRONCLAD","items_purchased":["Headbutt","Heavy Blade","Infernal Blade","Battle Trance"],"campfire_rested":4,"item_purchase_floors":[13,19,20,31],"current_hp_per_floor":[80,79,80,80,80,63,63,40,50,50,50,50,50,41,68,64,90,80,80,80,61,27,54,22,13,13,19,20,47,62,62,89,20,90,79,68,52,50,50,0],"gold":356,"neow_bonus":"REMOVE_CARD","is_prod":false,"is_daily":false,"chose_seed":false,"campfire_upgraded":0,"win_rate":0,"timestamp":1549118555,"path_taken":["M","M","?","?","?","E","R","E","T","R","?","M","?","M","R","BOSS","M","?","$","?","M","R","M","M","T","M","?","R","M","$","R","BOSS","M","?","M","?","?","E"],"build_version":"2019-01-23","purchased_purges":2,"victory":false,"max_hp_per_floor":[80,80,80,80,80,80,80,80,90,90,90,90,90,90,90,90,90,90,90,90,90,90,90,90,90,90,90,90,90,90,90,90,90,90,90,90,90,90,90,90],"card_choices":[{"not_picked":["Infernal Blade","Twin Strike"],"picked":"Shrug It Off","floor":1},{"not_picked":["Headbutt","Havoc"],"picked":"Carnage","floor":2},{"not_picked":["Second Wind","Thunderclap"],"picked":"Rage","floor":3},{"not_picked":["True Grit","Combust"],"picked":"Seeing Red","floor":5},{"not_picked":["Second Wind","Dark Embrace"],"picked":"Anger","floor":6},{"not_picked":["Hemokinesis","Havoc"],"picked":"Evolve","floor":8},{"not_picked":["Warcry","True Grit"],"picked":"Cleave","floor":12},{"not_picked":["Perfected Strike","Anger"],"picked":"Thunderclap","floor":14},{"not_picked":["Berserk","Feed"],"picked":"Limit Break","floor":16},{"not_picked":["Warcry+1","Feel No Pain+1"],"picked":"True Grit","floor":18},{"not_picked":["Armaments","Feel No Pain+1","Reckless Charge"],"picked":"SKIP","floor":21},{"not_picked":["Iron Wave","Wild Strike+1"],"picked":"Flex+1","floor":22},{"not_picked":["Twin Strike+1","Clash"],"picked":"Sever Soul+1","floor":24},{"not_picked":["Iron Wave","Disarm"],"picked":"Power Through","floor":25},{"not_picked":["Rampage","Pummel"],"picked":"Flex+1","floor":27},{"not_picked":["Clash","Headbutt+1"],"picked":"Shrug It Off","floor":28},{"not_picked":["Pommel Strike","Fiend Fire"],"picked":"Heavy Blade","floor":30},{"not_picked":["Brutality","Dark Embrace"],"picked":"Immolate","floor":33},{"not_picked":["Iron Wave","Reckless Charge"],"picked":"Shrug It Off+1","floor":35},{"not_picked":["Pommel Strike","Iron Wave"],"picked":"Shrug It Off+1","floor":37},{"not_picked":["Pommel Strike+1","Barricade"],"picked":"Clothesline+1","floor":38}],"player_experience":130448,"relics_obtained":[{"floor":6,"key":"Girya"},{"floor":8,"key":"Centennial Puzzle"},{"floor":9,"key":"Pear"},{"floor":26,"key":"Meat on the Bone"},{"floor":38,"key":"Nunchaku"}],"event_choices":[{"cards_removed":["Defend_R"],"damage_healed":0,"gold_gain":0,"player_choice":"Purged","damage_taken":0,"max_hp_gain":0,"max_hp_loss":0,"event_name":"Purifier","floor":11,"gold_loss":0},{"damage_healed":0,"gold_gain":0,"player_choice":"Embrace Madness","damage_taken":11,"max_hp_gain":0,"max_hp_loss":0,"event_name":"Winding Halls","floor":36,"gold_loss":0,"cards_obtained":["Madness","Madness"]},{"damage_healed":0,"gold_gain":0,"player_choice":"Fight","damage_taken":0,"max_hp_gain":0,"max_hp_loss":0,"event_name":"MindBloom","floor":38,"gold_loss":0},{"damage_healed":0,"gold_gain":0,"player_choice":"Memory 1","damage_taken":0,"max_hp_gain":0,"max_hp_loss":0,"event_name":"SensoryStone","floor":39,"gold_loss":0}],"is_beta":false,"boss_relics":[{"not_picked":["Runic Cube","Pandora\u0027s Box"],"picked":"White Beast Statue"},{"not_picked":["Astrolabe","Runic Dome"],"picked":"Black Star"}],"items_purged_floors":[13,19],"is_endless":false,"potions_floor_spawned":[1,6,8,14,18,21,22,24,25,27,28,30,33,35,37,38],"killed_by":"Reptomancer","ascension_level":3}