{"gold_per_floor":[115,115,131,150,150,150,180,180,203,228,228,288,288,316,316,390,390,410,421,436,208,208,242,242,254,277,377,405,405,420,450,450,524,524,540,556,265,284,297,325,14,14,14,114,114,114,114,141,141,141],"floor_reached":51,"playtime":2911,"items_purged":["Rupture","Shockwave"],"score":1360,"play_id":"524938fc-76ef-43eb-ab04-06a3e074e026","local_time":"20190305004541","is_ascension_mode":true,"campfire_choices":[{"data":"Flex","floor":6.0,"key":"SMITH"},{"data":"Shockwave","floor":8.0,"key":"SMITH"},{"data":"Pommel Strike","floor":11.0,"key":"SMITH"},{"data":"Shrug It Off","floor":13.0,"key":"SMITH"},{"data":"Heavy Blade","floor":15.0,"key":"SMITH"},{"floor":24.0,"key":"REST"},{"data":"Limit Break","floor":32.0,"key":"SMITH"},{"floor":42,"key":"REST"},{"data":"Apotheosis","floor":46,"key":"SMITH"},{"floor":49,"key":"REST"}],"neow_cost":"NONE","seed_source_timestamp":0,"circlet_count":0,"master_deck":["AscendersBane","Bash+1","Flex+1","Shrug It Off+1","Pommel Strike+1","Shockwave+1","Warcry","Heavy Blade+1","Cleave","Demon Form","Body Slam","Hemokinesis","Whirlwind","Limit Break+1","Pommel Strike","Twin Strike","Pommel Strike","Seeing Red","Headbutt","Thunderclap","Disarm","Sword Boomerang","Ghostly Armor","Ghostly Armor+1","Dropkick","Offering","Pummel","Apotheosis+1","Shrug It Off","Rage","Ghostly Armor"],"special_seed":0,"relics":["Burning Blood","Sundial","Bag of Preparation","PreservedInsect","Bag of Marbles","Orichalcum","Letter Opener","Pandora\u0027s Box","Vajra","Dream Catcher","Peace Pipe","Dodecahedron","Singing Bowl","Pantograph","Philosopher\u0027s Stone","Anchor","Bottled Lightning","Mercury Hourglass","Gambling Chip","Mango","Bottled Tornado"],"potions_floor_usage":[50],"damage_taken":[{"damage":10.0,"enemies":"Cultist","floor":1.0,"turns":5.0},{"damage":8.0,"enemies":"Small Slimes","floor":3.0,"turns":5.0},{"damage":7.0,"enemies":"2 Louse","floor":4.0,"turns":3.0},{"damage":44.0,"enemies":"3 Sentries","floor":7.0,"turns":12.0},{"damage":4.0,"enemies":"Gremlin Nob","floor":10.0,"turns":3.0},{"damage":0.0,"enemies":"Gremlin Nob","floor":12.0,"turns":2.0},{"damage":10.0,"enemies":"3 Sentries","floor":14.0,"turns":5.0},{"damage":15.0,"enemies":"Hexaghost","floor":16.0,"turns":11.0},{"damage":13.0,"enemies":"Spheric Guardian","floor":18.0,"turns":4.0},{"damage":12.0,"enemies":"2 Thieves","floor":19.0,"turns":3.0},{"damage":10.0,"enemies":"3 Cultists","floor":20.0,"turns":4.0},{"damage":26.0,"enemies":"Book of Stabbing","floor":23.0,"turns":3.0},{"damage":4.0,"enemies":"Snecko","floor":25.0,"turns":4.0},{"damage":16.0,"enemies":"Colosseum Slavers","floor":27.0,"turns":2.0},{"damage":1.0,"enemies":"Colosseum Nobs","floor":27.0,"turns":4.0},{"damage":12.0,"enemies":"Gremlin Leader","floor":28.0,"turns":4.0},{"damage":16.0,"enemies":"Centurion and Healer","floor":30.0,"turns":5.0},{"damage":3.0,"enemies":"Slavers","floor":31.0,"turns":3.0},{"damage":47.0,"enemies":"Automaton","floor":33.0,"turns":8.0},{"damage":10.0,"enemies":"3 Shapes","floor":35.0,"turns":1.0},{"damage":0.0,"enemies":"3 Darklings","floor":36.0,"turns":1.0},{"damage":13.0,"enemies":"Spire Growth","floor":38.0,"turns":3.0},{"damage":59,"enemies":"Writhing Mass","floor":39,"turns":7},{"damage":6,"enemies":"Nemesis","floor":40,"turns":1},{"damage":35,"enemies":"Mind Bloom Boss Battle","floor":44,"turns":5},{"damage":28,"enemies":"Reptomancer","floor":48,"turns":4},{"damage":47,"enemies":"Awakened One","floor":50,"turns":8}],"seed_played":"5670813343095992804","potions_obtained":[{"floor":7.0,"key":"Strength Potion"},{"floor":10.0,"key":"Fire Potion"},{"floor":16.0,"key":"LiquidBronze"},{"floor":18.0,"key":"SteroidPotion"},{"floor":23.0,"key":"SpeedPotion"},{"floor":28.0,"key":"Explosive Potion"},{"floor":33.0,"key":"Fire Potion"},{"floor":38.0,"key":"EssenceOfSteel"},{"floor":39,"key":"EssenceOfSteel"}],"is_trial":false,"path_per_floor":["M","T","M","M","?","R","E","R","T","E","R","?","R","E","R","B",null,"M","M","M","$","?","E","R","M","T","?","E","?","M","E","R","B",null,"M","M","$","M","M","E","$","R","T","?","T","R","?","E","R","B",null],"character_chosen":"IRONCLAD","items_purchased":["Vajra","Apotheosis","Bottled Lightning","PowerPotion"],"campfire_rested":3,"item_purchase_floors":[21,37,41,41],"current_hp_per_floor":[76,76,74,73,73,73,35,35,35,37,37,43,43,39,39,30,74,67,61,57,57,57,37,63,65,65,60,56,47,37,40,40,24,74,72,78,78,71,20,20,20,48,48,46,60,60,60,40,75,59],"gold":141,"neow_bonus":"TEN_PERCENT_HP_BONUS","is_prod":false,"is_daily":false,"chose_seed":false,"campfire_upgraded":7,"win_rate":0,"timestamp":1551735941,"path_taken":["M","?","?","M","?","R","E","R","T","E","R","?","R","E","R","BOSS","M","M","M","$","?","E","R","M","T","?","E","?","?","E","R","BOSS","M","?","$","M","M","E","?","R","T","?","?","R","?","E","R","BOSS"],"build_version":"2019-01-23","purchased_purges":2,"victory":true,"max_hp_per_floor":[88,88,88,88,88,88,88,88,88,88,88,88,88,88,88,88,88,88,88,88,88,88,88,88,88,88,88,90,90,90,90,90,90,90,92,92,92,92,94,94,94,94,94,96,110,110,110,112,114,114],"card_choices":[{"not_picked":["True Grit","Fire Breathing"],"picked":"Flex","floor":1.0},{"not_picked":["Sentinel","Sword Boomerang"],"picked":"Shrug It Off","floor":3.0},{"not_picked":["Power Through","True Grit"],"picked":"Pommel Strike","floor":4.0},{"not_picked":["Iron Wave","Clothesline"],"picked":"Shockwave","floor":7.0},{"not_picked":["Clothesline","Body Slam"],"picked":"Warcry","floor":10.0},{"not_picked":["Warcry","Armaments"],"picked":"Heavy Blade","floor":12.0},{"not_picked":["Body Slam","Clothesline"],"picked":"Cleave","floor":14.0},{"not_picked":["Reaper","Feed"],"picked":"Demon Form","floor":16.0},{"not_picked":["Second Wind","Armaments","True Grit"],"picked":"SKIP","floor":18.0},{"not_picked":["Wild Strike","Clash","Uppercut"],"picked":"SKIP","floor":19.0},{"not_picked":["Flex","Havoc"],"picked":"Seeing Red","floor":20.0},{"not_picked":["Corruption","Hemokinesis"],"picked":"Thunderclap","floor":23.0},{"not_picked":["Shockwave","Second Wind+1"],"picked":"Disarm","floor":24.0},{"not_picked":["Warcry","Anger"],"picked":"Sword Boomerang","floor":25.0},{"not_picked":["Rage","Anger"],"picked":"Ghostly Armor","floor":27.0},{"not_picked":["Entrench","Pommel Strike","Headbutt"],"picked":"Singing Bowl","floor":28.0},{"not_picked":["Sentinel","Armaments"],"picked":"Ghostly Armor+1","floor":30.0},{"not_picked":["Sever Soul","Immolate"],"picked":"Dropkick","floor":31.0},{"not_picked":["Double Tap","Juggernaut"],"picked":"Offering","floor":33.0},{"not_picked":["Perfected Strike","Power Through","Sentinel"],"picked":"Singing Bowl","floor":35.0},{"not_picked":["Intimidate","True Grit"],"picked":"Pummel","floor":36.0},{"not_picked":["Wild Strike","Sword Boomerang"],"picked":"Shrug It Off","floor":38.0},{"not_picked":["Sentinel","Reckless Charge","Burning Pact+1"],"picked":"Singing Bowl","floor":39},{"not_picked":["Blood for Blood+1","Body Slam"],"picked":"Rage","floor":40},{"not_picked":["Perfected Strike+1","Anger+1"],"picked":"Ghostly Armor","floor":42},{"not_picked":["Perfected Strike","Fiend Fire","Armaments"],"picked":"Singing Bowl","floor":44},{"not_picked":["True Grit","Dual Wield+1","Shockwave"],"picked":"Singing Bowl","floor":48},{"not_picked":["Perfected Strike","Whirlwind","Pommel Strike"],"picked":"Singing Bowl","floor":49}],"player_experience":370541,"relics_obtained":[{"floor":2.0,"key":"Sundial"},{"floor":7.0,"key":"Bag of Preparation"},{"floor":9.0,"key":"PreservedInsect"},{"floor":10.0,"key":"Bag of Marbles"},{"floor":12.0,"key":"Orichalcum"},{"floor":14.0,"key":"Letter Opener"},{"floor":23.0,"key":"Dream Catcher"},{"floor":27.0,"key":"Peace Pipe"},{"floor":27.0,"key":"Dodecahedron"},{"floor":28.0,"key":"Singing Bowl"},{"floor":31.0,"key":"Pantograph"},{"floor":40,"key":"Anchor"},{"floor":43,"key":"Mercury Hourglass"},{"floor":44,"key":"Gambling Chip"},{"floor":45,"key":"Mango"},{"floor":48,"key":"Bottled Tornado"}],"event_choices":[{"damage_healed":0.0,"max_hp_gain":0.0,"max_hp_loss":0.0,"gold_gain":0.0,"event_name":"Living Wall","player_choice":"Grow","floor":5.0,"gold_loss":0.0,"damage_taken":0.0,"cards_upgraded":["Bash"]},{"damage_healed":0.0,"max_hp_gain":0.0,"max_hp_loss":0.0,"gold_gain":0.0,"event_name":"Dead Adventurer","player_choice":"Searched \u00271\u0027 times","floor":12.0,"gold_loss":0.0,"damage_taken":0.0},{"damage_healed":0.0,"max_hp_gain":0.0,"max_hp_loss":0.0,"gold_gain":0.0,"event_name":"The Library","player_choice":"Read","floor":22.0,"gold_loss":0.0,"damage_taken":0.0,"cards_obtained":["Headbutt"]},{"damage_healed":0.0,"max_hp_gain":0.0,"max_hp_loss":0.0,"gold_gain":0.0,"event_name":"Colosseum","player_choice":"Fight","floor":27.0,"gold_loss":0.0,"damage_taken":0.0},{"damage_healed":0.0,"max_hp_gain":0.0,"max_hp_loss":0.0,"gold_gain":0.0,"event_name":"Colosseum","player_choice":"Fought Nobs","floor":27.0,"gold_loss":0.0,"damage_taken":0.0},{"damage_healed":0.0,"max_hp_gain":0.0,"max_hp_loss":0.0,"gold_gain":0.0,"event_name":"Knowing Skull","player_choice":"","floor":29.0,"potions_obtained":[],"gold_loss":0.0,"damage_taken":9.0,"cards_obtained":[]},{"damage_healed":0,"gold_gain":0,"player_choice":"Fight","damage_taken":0,"max_hp_gain":0,"max_hp_loss":0,"event_name":"MindBloom","floor":44,"gold_loss":0},{"damage_healed":0,"gold_gain":0,"player_choice":"Bought 0 Potions","damage_taken":0,"max_hp_gain":0,"max_hp_loss":0,"event_name":"The Woman in Blue","floor":47,"gold_loss":0}],"is_beta":false,"boss_relics":[{"not_picked":["Astrolabe","Empty Cage"],"picked":"Pandora\u0027s Box"},{"not_picked":["Velvet Choker","Cursed Key"],"picked":"Philosopher\u0027s Stone"}],"items_purged_floors":[21,37],"is_endless":false,"potions_floor_spawned":[7,10,16,18,23,28,33,38,39,44,48],"ascension_level":13}