{"gold_per_floor":[110,110,110,125,13,47,47,47,47,77,77,94,122,142,142,221,221,231,257,276,288,288,288,314,314,341,341,360,360,126,26,26,103,103,117,172,190,412,428,428,528,528,552,623,638,653,653,672,672,672],"floor_reached":51,"playtime":1604,"items_purged":["Bite+1","Defend_R"],"score":1445,"play_id":"83e8dd19-c22e-4b24-8314-3fb8c9a07488","local_time":"20190113143032","is_ascension_mode":true,"campfire_choices":[{"data":"True Grit","floor":7.0,"key":"SMITH"},{"data":"Carnage","floor":11.0,"key":"SMITH"},{"data":"Inflame","floor":15.0,"key":"SMITH"},{"floor":23.0,"key":"REST"},{"data":"Ghostly Armor","floor":25.0,"key":"SMITH"},{"data":"Shrug It Off","floor":29.0,"key":"SMITH"},{"data":"Spot Weakness","floor":32.0,"key":"SMITH"},{"data":"True Grit","floor":40,"key":"SMITH"},{"data":"Feel No Pain","floor":42,"key":"SMITH"},{"data":"Spot Weakness","floor":49,"key":"SMITH"}],"neow_cost":"NONE","seed_source_timestamp":91700638349963,"circlet_count":0,"master_deck":["AscendersBane","Defend_R","Defend_R","Bash","Ghostly Armor+1","Inflame+1","Carnage+1","Shrug It Off+1","True Grit+1","Heavy Blade+1","Reaper+1","Carnage+1","Twin Strike+1","Body Slam+1","Bite+1","Bite+1","Bite+1","Bite+1","Spot Weakness+1","Feel No Pain+1","Immolate+1","True Grit+1","Pummel+1","Spot Weakness+1","Heavy Blade+1","Ghostly Armor","Sword Boomerang+1","True Grit+1","Flex+1"],"special_seed":0,"relics":["Burning Blood","NeowsBlessing","Matryoshka","Juzu Bracelet","Molten Egg 2","Gremlin Horn","Omamori","Sozu","Red Mask","Bag of Marbles","Strawberry","Anchor","Coffee Dripper","Thread and Needle","Prayer Wheel","Orichalcum","Pantograph"],"potions_floor_usage":[],"damage_taken":[{"damage":0.0,"enemies":"2 Louse","floor":1.0,"turns":1.0},{"damage":0.0,"enemies":"Jaw Worm","floor":4.0,"turns":1.0},{"damage":0.0,"enemies":"3 Sentries","floor":6.0,"turns":2.0},{"damage":47.0,"enemies":"Gremlin Nob","floor":10.0,"turns":5.0},{"damage":0.0,"enemies":"Small Slimes","floor":12.0,"turns":4.0},{"damage":21.0,"enemies":"Lagavulin","floor":13.0,"turns":6.0},{"damage":7.0,"enemies":"2 Fungi Beasts","floor":14.0,"turns":3.0},{"damage":20.0,"enemies":"The Guardian","floor":16.0,"turns":15.0},{"damage":18.0,"enemies":"Shell Parasite","floor":18.0,"turns":5.0},{"damage":26.0,"enemies":"Masked Bandits","floor":19.0,"turns":4.0},{"damage":17.0,"enemies":"Spheric Guardian","floor":20.0,"turns":4.0},{"damage":13.0,"enemies":"Snake Plant","floor":21.0,"turns":3.0},{"damage":19.0,"enemies":"Colosseum Slavers","floor":22.0,"turns":3.0},{"damage":0.0,"enemies":"Gremlin Leader","floor":24.0,"turns":4.0},{"damage":2.0,"enemies":"Snecko","floor":28.0,"turns":3.0},{"damage":29.0,"enemies":"Collector","floor":33.0,"turns":7.0},{"damage":2.0,"enemies":"3 Darklings","floor":35.0,"turns":3.0},{"damage":0.0,"enemies":"2 Orb Walkers","floor":36.0,"turns":2.0},{"damage":0.0,"enemies":"Orb Walker","floor":37.0,"turns":3.0},{"damage":65.0,"enemies":"3 Darklings","floor":39.0,"turns":5.0},{"damage":16,"enemies":"Mind Bloom Boss Battle","floor":41,"turns":5},{"damage":8,"enemies":"Jaw Worm Horde","floor":45,"turns":3},{"damage":8,"enemies":"Writhing Mass","floor":46,"turns":4},{"damage":25,"enemies":"Maw","floor":48,"turns":6},{"damage":85,"enemies":"Donu and Deca","floor":50,"turns":7}],"seed_played":"-1898254066271423183","potions_obtained":[{"floor":1.0,"key":"SkillPotion"},{"floor":4.0,"key":"Explosive Potion"},{"floor":14.0,"key":"Dexterity Potion"},{"floor":16.0,"key":"Block Potion"}],"is_trial":false,"path_per_floor":["M","?","?","M","$","E","R","?","T","E","R","M","E","M","R","B",null,"M","?","M","M","?","R","E","R","T","?","M","R","$","$","R","B",null,"M","?","M","?","M","R","?","R","T","T","M","M","?","M","R","B",null],"character_chosen":"IRONCLAD","items_purchased":["Carnage","Shrug It Off","Spot Weakness","Feel No Pain"],"campfire_rested":1,"item_purchase_floors":[5,5,30,30],"current_hp_per_floor":[74,67,72,78,78,80,80,69,69,30,30,38,25,26,26,14,64,54,36,35,30,26,50,58,58,65,65,85,85,85,85,85,87,87,87,87,87,87,58,58,78,78,78,78,87,87,87,74,74,17],"gold":672,"neow_bonus":"THREE_ENEMY_KILL","is_prod":false,"is_daily":false,"chose_seed":false,"campfire_upgraded":9,"win_rate":0,"timestamp":1547357432,"path_taken":["M","?","?","M","?","E","R","?","T","E","R","M","E","M","R","BOSS","M","?","M","M","?","R","E","R","T","?","M","R","?","$","R","BOSS","M","?","M","?","M","R","?","R","T","?","M","M","?","M","R","BOSS"],"build_version":"2019-01-10","purchased_purges":2,"victory":true,"max_hp_per_floor":[75,75,80,80,80,80,80,80,80,80,80,80,80,80,80,80,80,80,80,80,80,80,80,80,80,87,87,87,87,87,87,87,87,87,87,87,87,87,87,87,87,87,87,87,87,87,87,87,87,87],"card_choices":[{"not_picked":["Wild Strike","Flex"],"picked":"Ghostly Armor","floor":1.0},{"not_picked":["Perfected Strike","Shrug It Off"],"picked":"Inflame","floor":4.0},{"not_picked":["Heavy Blade","Clothesline"],"picked":"True Grit","floor":6.0},{"not_picked":["Berserk","Flex","Shockwave"],"picked":"SKIP","floor":10.0},{"not_picked":["Fire Breathing","Flex"],"picked":"Heavy Blade+1","floor":12.0},{"not_picked":["Clash+1","Bloodletting","Intimidate"],"picked":"SKIP","floor":13.0},{"not_picked":["Warcry","Heavy Blade+1","Entrench"],"picked":"SKIP","floor":14.0},{"not_picked":["Exhume","Dark Embrace"],"picked":"Reaper+1","floor":16.0},{"not_picked":["True Grit","Heavy Blade+1"],"picked":"Carnage+1","floor":18.0},{"not_picked":["Heavy Blade+1","Uppercut+1"],"picked":"Twin Strike+1","floor":19.0},{"not_picked":["Armaments+1","Pommel Strike+1","Disarm"],"picked":"SKIP","floor":20.0},{"not_picked":["Thunderclap+1","Hemokinesis+1","Exhume"],"picked":"SKIP","floor":21.0},{"not_picked":["Thunderclap+1","Entrench"],"picked":"Body Slam+1","floor":24.0},{"not_picked":["Iron Wave+1","Warcry","Reckless Charge+1"],"picked":"SKIP","floor":28.0},{"not_picked":["Bludgeon+1","Juggernaut"],"picked":"Immolate+1","floor":33.0},{"not_picked":["Intimidate","Rupture+1"],"picked":"True Grit","floor":35.0},{"not_picked":["Thunderclap+1","Entrench"],"picked":"Pummel+1","floor":36.0},{"not_picked":["Anger+1","Clothesline+1"],"picked":"Spot Weakness","floor":37.0},{"not_picked":["Anger+1","Headbutt+1","Rage"],"picked":"SKIP","floor":39.0},{"not_picked":["Headbutt+1","Warcry"],"picked":"Heavy Blade+1","floor":41},{"not_picked":["Body Slam+1","Perfected Strike+1"],"picked":"Ghostly Armor","floor":45},{"not_picked":["Brutality","Havoc","Dropkick+1"],"picked":"SKIP","floor":45},{"not_picked":["Havoc","Shrug It Off"],"picked":"Sword Boomerang+1","floor":46},{"not_picked":["Pommel Strike+1","Rupture"],"picked":"True Grit+1","floor":46},{"not_picked":["Pummel+1","Carnage+1","Evolve"],"picked":"SKIP","floor":48},{"not_picked":["Bloodletting","Flex+1","Fire Breathing"],"picked":"SKIP","floor":48},{"not_picked":["Bloodletting","Fire Breathing"],"picked":"Flex+1","floor":48},{"not_picked":["Pummel+1","Carnage+1","Evolve"],"picked":"SKIP","floor":48}],"player_experience":770137,"relics_obtained":[{"floor":6.0,"key":"Blood Vial"},{"floor":9.0,"key":"Juzu Bracelet"},{"floor":9.0,"key":"Molten Egg 2"},{"floor":10.0,"key":"Gremlin Horn"},{"floor":13.0,"key":"Omamori"},{"floor":19.0,"key":"Red Mask"},{"floor":24.0,"key":"Bag of Marbles"},{"floor":26.0,"key":"Strawberry"},{"floor":26.0,"key":"Anchor"},{"floor":36.0,"key":"Thread and Needle"},{"floor":41,"key":"Prayer Wheel"},{"floor":43,"key":"Orichalcum"},{"floor":44,"key":"Pantograph"}],"event_choices":[{"cards_removed":["Strike_R"],"damage_healed":0.0,"max_hp_gain":0.0,"max_hp_loss":0.0,"gold_gain":0.0,"event_name":"Golden Wing","player_choice":"Card Removal","floor":2.0,"gold_loss":0.0,"damage_taken":7.0},{"damage_healed":0.0,"max_hp_gain":5.0,"max_hp_loss":0.0,"gold_gain":0.0,"event_name":"Big Fish","player_choice":"Donut","floor":3.0,"gold_loss":0.0,"damage_taken":0.0},{"damage_healed":0.0,"max_hp_gain":0.0,"max_hp_loss":0.0,"gold_gain":0.0,"event_name":"Scrap Ooze","player_choice":"Success","floor":8.0,"gold_loss":0.0,"damage_taken":11.0,"relics_obtained":["Matryoshka"]},{"damage_healed":0.0,"max_hp_gain":0.0,"max_hp_loss":0.0,"gold_gain":0.0,"event_name":"Masked Bandits","player_choice":"Fought Bandits","floor":19.0,"gold_loss":0.0,"damage_taken":0.0},{"damage_healed":0.0,"max_hp_gain":0.0,"max_hp_loss":0.0,"gold_gain":0.0,"event_name":"Colosseum","player_choice":"Fight","floor":22.0,"gold_loss":0.0,"damage_taken":0.0},{"damage_healed":0.0,"max_hp_gain":0.0,"max_hp_loss":0.0,"gold_gain":0.0,"event_name":"Colosseum","player_choice":"Fled From Nobs","floor":22.0,"gold_loss":0.0,"damage_taken":0.0},{"damage_healed":0.0,"max_hp_gain":0.0,"max_hp_loss":0.0,"gold_gain":0.0,"event_name":"Vampires","player_choice":"Became a vampire (Vial)","floor":27.0,"relics_lost":["Blood Vial"],"gold_loss":0.0,"damage_taken":0.0,"cards_obtained":["Bite","Bite","Bite","Bite","Bite"]},{"damage_healed":0.0,"max_hp_gain":0.0,"max_hp_loss":0.0,"gold_gain":0.0,"event_name":"Mysterious Sphere","player_choice":"Fight","floor":36.0,"gold_loss":0.0,"damage_taken":0.0},{"damage_healed":0.0,"max_hp_gain":0.0,"max_hp_loss":0.0,"gold_gain":222.0,"event_name":"Tomb of Lord Red Mask","player_choice":"Wore Mask","floor":38.0,"gold_loss":0.0,"damage_taken":0.0},{"damage_healed":0,"gold_gain":0,"player_choice":"Fight","damage_taken":0,"max_hp_gain":0,"max_hp_loss":0,"event_name":"MindBloom","floor":41,"gold_loss":0},{"cards_removed":["Defend_R"],"damage_healed":0,"gold_gain":0,"player_choice":"Removed Skill","damage_taken":0,"max_hp_gain":0,"max_hp_loss":0,"event_name":"Falling","floor":47,"gold_loss":0}],"is_beta":false,"boss_relics":[{"not_picked":["Velvet Choker","Astrolabe"],"picked":"Sozu"},{"not_picked":["Busted Crown","White Beast Statue"],"picked":"Coffee Dripper"}],"items_purged_floors":[30,31],"is_endless":false,"potions_floor_spawned":[1,4,14,16,20,21,28,33,36,41,48],"ascension_level":18}