{"gold_per_floor":[111,186,203,203,203,203,228,228,228,242,242,262,280,297,297,396,446,459,459,459,507,517,517,530,547,547,565,565,565],"floor_reached":29,"playtime":1126,"items_purged":[],"score":366,"play_id":"f6353fd9-578b-40ec-b577-952ccafbd820","local_time":"20180921181045","is_ascension_mode":true,"campfire_choices":[{"floor":6,"key":"REST"},{"data":"Lockon","floor":8,"key":"SMITH"},{"data":"Darkness","floor":11,"key":"SMITH"},{"data":"Darkness","floor":15,"key":"SMITH"},{"floor":23,"key":"REST"},{"floor":28,"key":"REST"}],"neow_cost":"NONE","seed_source_timestamp":604149200645333,"circlet_count":0,"master_deck":["Strike_B","Strike_B","Strike_B+1","Strike_B","Defend_B","Defend_B","Defend_B","Zap","Dualcast","AscendersBane","Darkness+1","Lockon+1","BootSequence","Self Repair","Hologram","Darkness+1","Seek","Chaos","Auto Shields","Leap"],"relics":["Cracked Core","Question Card","Singing Bowl","Blue Candle","Tiny House","Potion Belt","The Courier"],"potions_floor_usage":[14,16,20,25,25,29,29],"damage_taken":[{"damage":5,"enemies":"Small Slimes","floor":1,"turns":3},{"damage":6,"enemies":"Jaw Worm","floor":3,"turns":4},{"damage":15,"enemies":"Lagavulin","floor":7,"turns":6},{"damage":1,"enemies":"Cultist","floor":10,"turns":3},{"damage":11,"enemies":"Blue Slaver","floor":12,"turns":4},{"damage":6,"enemies":"Exordium Wildlife","floor":13,"turns":5},{"damage":0,"enemies":"3 Louse","floor":14,"turns":4},{"damage":22,"enemies":"Hexaghost","floor":16,"turns":6},{"damage":21,"enemies":"Spheric Guardian","floor":18,"turns":5},{"damage":26,"enemies":"Colosseum Slavers","floor":20,"turns":5},{"damage":9,"enemies":"Shell Parasite","floor":22,"turns":3},{"damage":38,"enemies":"Shelled Parasite and Fungi","floor":24,"turns":6},{"damage":19,"enemies":"Chosen and Byrds","floor":25,"turns":6},{"damage":19,"enemies":"Snake Plant","floor":27,"turns":4},{"damage":38,"enemies":"Gremlin Leader","floor":29,"turns":6}],"seed_played":"4156286334692071543","potions_obtained":[{"floor":1,"key":"SkillPotion"},{"floor":7,"key":"SkillPotion"},{"floor":13,"key":"Weak Potion"},{"floor":17,"key":"Weak Potion"},{"floor":22,"key":"Poison Potion"},{"floor":24,"key":"GamblersBrew"},{"floor":27,"key":"SkillPotion"}],"is_trial":false,"path_per_floor":["M","?","M","T","?","R","E","R","T","M","R","M","M","M","R","B",null,"M","?","?","T","M","R","M","M","T","M","R"],"character_chosen":"DEFECT","items_purchased":[],"campfire_rested":3,"item_purchase_floors":[],"current_hp_per_floor":[63,52,46,46,39,61,46,46,46,54,54,50,51,60,60,45,76,64,64,45,45,36,61,32,22,22,10,37,0],"gold":565,"neow_bonus":"THREE_CARDS","is_prod":false,"is_daily":false,"chose_seed":false,"campfire_upgraded":3,"win_rate":0,"timestamp":1537567845,"path_taken":["M","?","M","?","?","R","E","R","T","?","R","M","M","M","R","BOSS","M","?","?","?","M","R","?","M","T","M","R","E"],"build_version":"2018-09-20","purchased_purges":0,"victory":false,"max_hp_per_floor":[75,75,75,75,75,75,75,75,75,77,77,77,77,79,79,79,84,86,86,86,86,86,86,88,90,90,90,90,90],"card_choices":[{"not_picked":["Conserve Battery","Coolheaded"],"picked":"Darkness","floor":0},{"not_picked":["Leap","Chaos"],"picked":"Lockon","floor":1},{"not_picked":["Coolheaded","Fusion"],"picked":"BootSequence","floor":3},{"not_picked":["Cold Snap","Leap","Turbo"],"picked":"Self Repair","floor":7},{"not_picked":["All For One","Rebound","Leap","Conserve Battery"],"picked":"Singing Bowl","floor":10},{"not_picked":["Recycle","Blizzard","Leap"],"picked":"Hologram","floor":12},{"not_picked":["Steam","Conserve Battery","Leap"],"picked":"Darkness","floor":13},{"not_picked":["Conserve Battery","Beam Cell","Hologram","Reinforced Body"],"picked":"Singing Bowl","floor":14},{"not_picked":["Rainbow","All For One","Machine Learning"],"picked":"Seek","floor":16},{"not_picked":["Aggregate","Barrage","Static Discharge"],"picked":"Chaos","floor":17},{"not_picked":["Gash","Stack","Leap","FTL"],"picked":"Singing Bowl","floor":18},{"not_picked":["White Noise","Melter","Turbo"],"picked":"Auto Shields","floor":22},{"not_picked":["Stack","Streamline","Biased Cognition","Conserve Battery"],"picked":"Singing Bowl","floor":24},{"not_picked":["Static Discharge","Gash+1","Compile Driver","Coolheaded"],"picked":"Singing Bowl","floor":25},{"not_picked":["Force Field","Storm","Stack"],"picked":"Leap","floor":27}],"player_experience":226990,"relics_obtained":[{"floor":4,"key":"Question Card"},{"floor":7,"key":"Singing Bowl"},{"floor":9,"key":"Blue Candle"},{"floor":21,"key":"Potion Belt"},{"floor":26,"key":"The Courier"}],"event_choices":[{"event_name":"World of Goop","player_choice":"Gather Gold","floor":2,"damage_taken":0},{"event_name":"Golden Wing","player_choice":"Card Removal","floor":5,"damage_taken":0},{"event_name":"Cursed Tome","player_choice":"Ignored","floor":19,"damage_taken":0},{"event_name":"Colosseum","player_choice":"Fight","floor":20,"damage_taken":0},{"event_name":"Colosseum","player_choice":"Fled From Nobs","floor":20,"damage_taken":0}],"is_beta":false,"boss_relics":[{"not_picked":["Black Star","Runic Pyramid"],"picked":"Tiny House"}],"items_purged_floors":[],"is_endless":false,"potions_floor_spawned":[1,7,13,22,24,27],"killed_by":"Gremlin Leader","ascension_level":10}