{"gold_per_floor":[216,228,37,56,66,99,99,130,130,130,130,130,162,162,162,241,241,259,259,11,11,0,0,18,18,42,73,73,86,120,120],"floor_reached":31,"playtime":1771,"items_purged":["Writhe"],"score":506,"play_id":"457283ec-9aea-4557-a670-e07af302c30f","local_time":"20180707160302","is_ascension_mode":true,"campfire_choices":[{"data":"Crippling Poison","floor":7,"key":"SMITH"},{"data":"Malaise","floor":10,"key":"SMITH"},{"floor":15,"key":"REST"},{"floor":23,"key":"REST"},{"data":"Burst","floor":25,"key":"SMITH"}],"neow_cost":"NONE","seed_source_timestamp":248440828882452,"circlet_count":0,"master_deck":["Defend_G+1","Defend_G","Defend_G","Defend_G","Defend_G","Strike_G","Strike_G","Strike_G","Strike_G","Strike_G","Survivor","Neutralize+1","AscendersBane","Well Laid Plans+1","Backflip+1","Die Die Die","Malaise+1","Quick Slash","Crippling Poison+1","Dagger Throw","Burst+1","All Out Attack","Necronomicurse","Endless Agony","Regret","Malaise","Malaise+1","Infinite Blades","Footwork"],"relics":["Ring of the Snake","Strawberry","Juzu Bracelet","War Paint","Tough Bandages","Cursed Key","Smiling Mask","ClockworkSouvenir","Necronomicon","Art of War","Ancient Tea Set","Potion Belt"],"potions_floor_usage":[5,6,8,8,27,27],"damage_taken":[{"damage":1,"enemies":"Small Slimes","floor":1,"turns":3},{"damage":2,"enemies":"Jaw Worm","floor":2,"turns":5},{"damage":1,"enemies":"Cultist","floor":4,"turns":4},{"damage":0,"enemies":"Exordium Wildlife","floor":5,"turns":2},{"damage":10,"enemies":"3 Sentries","floor":6,"turns":7},{"damage":8,"enemies":"Lagavulin","floor":8,"turns":12},{"damage":30,"enemies":"Gremlin Nob","floor":13,"turns":6},{"damage":2,"enemies":"The Guardian","floor":16,"turns":17},{"damage":5,"enemies":"Shell Parasite","floor":18,"turns":6},{"damage":9,"enemies":"2 Thieves","floor":24,"turns":3},{"damage":35,"enemies":"Gremlin Leader","floor":27,"turns":9},{"damage":8,"enemies":"Snecko","floor":29,"turns":8},{"damage":5,"enemies":"Book of Stabbing","floor":30,"turns":10},{"damage":16,"enemies":"Sentry and Sphere","floor":31,"turns":4}],"seed_played":"-3196903107536150725","potions_obtained":[{"floor":2,"key":"GamblersBrew"},{"floor":5,"key":"SpeedPotion"},{"floor":6,"key":"Energy Potion"},{"floor":16,"key":"Regen Potion"},{"floor":24,"key":"LiquidBronze"}],"is_trial":false,"path_per_floor":["M","M","$","M","M","E","R","E","T","R","?","?","E","?","R","B",null,"M","?","$","?","?","R","M","R","T","E","?","M","E"],"character_chosen":"THE_SILENT","items_purchased":["Die Die Die","Explosive Potion","ClockworkSouvenir"],"campfire_rested":2,"item_purchase_floors":[3,3,20],"current_hp_per_floor":[58,56,56,55,55,52,52,44,44,44,44,44,14,14,35,33,63,58,58,58,37,37,58,49,49,49,29,29,21,16,0],"gold":120,"neow_bonus":"HUNDRED_GOLD","is_prod":false,"is_daily":false,"chose_seed":false,"campfire_upgraded":3,"win_rate":0,"timestamp":1530972182,"path_taken":["M","M","$","M","M","E","R","E","T","R","?","?","E","?","R","BOSS","M","?","$","?","?","R","M","R","T","E","?","M","E","M"],"build_version":"2018-07-05","purchased_purges":1,"victory":false,"max_hp_per_floor":[66,66,66,66,66,73,73,73,73,73,73,73,73,73,73,73,73,73,73,73,73,73,73,73,73,73,73,73,73,73,73],"card_choices":[{"not_picked":["Deadly Poison","Deflect"],"picked":"Well Laid Plans","floor":1},{"not_picked":["Reflex","Escape Plan"],"picked":"Backflip","floor":2},{"not_picked":["Skewer","Underhanded Strike"],"picked":"Malaise","floor":4},{"not_picked":["Bane","Prepared"],"picked":"Quick Slash","floor":5},{"not_picked":["Outmaneuver","Quick Slash"],"picked":"Crippling Poison","floor":6},{"not_picked":["Grand Finale","Deflect","Underhanded Strike"],"picked":"SKIP","floor":8},{"not_picked":["Dodge and Roll","Acrobatics"],"picked":"Dagger Throw","floor":13},{"not_picked":["Unload","Storm of Steel"],"picked":"Burst","floor":16},{"not_picked":["Well Laid Plans","Bane+1"],"picked":"All Out Attack","floor":18},{"not_picked":["Accuracy+1","Quick Slash"],"picked":"Endless Agony","floor":24},{"not_picked":["Dodge and Roll","Poisoned Stab"],"picked":"Malaise","floor":27},{"not_picked":["Deflect","Dagger Throw"],"picked":"Infinite Blades","floor":29},{"not_picked":["Blade Dance+1","Dash"],"picked":"Footwork","floor":30}],"player_experience":770688,"relics_obtained":[{"floor":6,"key":"Strawberry"},{"floor":8,"key":"Juzu Bracelet"},{"floor":9,"key":"War Paint"},{"floor":13,"key":"Tough Bandages"},{"floor":21,"key":"Necronomicon"},{"floor":26,"key":"Art of War"},{"floor":27,"key":"Ancient Tea Set"},{"floor":30,"key":"Potion Belt"}],"event_choices":[{"event_name":"Scrap Ooze","player_choice":"unsuccessful","floor":11,"damage_taken":0},{"event_name":"Accursed Blacksmith","player_choice":"Forge","floor":12,"damage_taken":0},{"event_name":"Living Wall","player_choice":"Grow","floor":14,"damage_taken":0},{"event_name":"The Mausoleum","player_choice":"Yes","floor":19,"damage_taken":0},{"event_name":"Cursed Tome","player_choice":"Obtained Book","floor":21,"damage_taken":0},{"event_name":"Masked Bandits","player_choice":"Paid Bandits 11 gold","floor":22,"damage_taken":0},{"event_name":"Duplicator","player_choice":"One dupe","floor":28,"damage_taken":0}],"boss_relics":[{"not_picked":["Orrery","Empty Cage"],"picked":"Cursed Key"}],"items_purged_floors":[20],"is_endless":false,"potions_floor_spawned":[2,5,6,16,24],"killed_by":"Sentry and Sphere","ascension_level":15}