{"gold_per_floor":[20,20,20,33,48,48,67,67,114,114,128,155,172,198,198,198],"floor_reached":16,"playtime":680,"items_purged":[],"score":213,"play_id":"0290c0e4-94fa-483d-aeb7-e32e889571c0","local_time":"20190119172144","is_ascension_mode":true,"campfire_choices":[{"data":"Ball Lightning","floor":6,"key":"SMITH"},{"data":"Zap","floor":8,"key":"SMITH"},{"data":"Self Repair","floor":10,"key":"SMITH"},{"data":"Hologram","floor":15,"key":"SMITH"}],"neow_cost":"NO_GOLD","seed_source_timestamp":781149015338600,"circlet_count":0,"master_deck":["AscendersBane","Strike_B","Strike_B","Strike_B","Strike_B","Defend_B","Defend_B","Defend_B","Defend_B","Zap+1","Dualcast","Conserve Battery","Self Repair+1","Ball Lightning+1","BootSequence","Ball Lightning","Self Repair","Hologram+1","Gash"],"relics":["Cracked Core","Sundial","Potion Belt","Bottled Tornado","Matryoshka"],"potions_floor_usage":[12,14,16],"damage_taken":[{"damage":2,"enemies":"Jaw Worm","floor":1,"turns":3},{"damage":1,"enemies":"Cultist","floor":4,"turns":4},{"damage":7,"enemies":"Small Slimes","floor":5,"turns":4},{"damage":7,"enemies":"Looter","floor":7,"turns":3},{"damage":20,"enemies":"Large Slime","floor":11,"turns":6},{"damage":18,"enemies":"Lagavulin","floor":12,"turns":5},{"damage":16,"enemies":"Lots of Slimes","floor":13,"turns":4},{"damage":32,"enemies":"3 Sentries","floor":14,"turns":7},{"damage":47,"enemies":"Hexaghost","floor":16,"turns":9}],"seed_played":"3788711298597471269","potions_obtained":[{"floor":1,"key":"Strength Potion"},{"floor":4,"key":"GamblersBrew"},{"floor":11,"key":"Explosive Potion"}],"is_trial":false,"path_per_floor":["M","?","T","M","M","R","M","R","T","R","M","E","M","E","R","B"],"character_chosen":"DEFECT","items_purchased":[],"campfire_rested":0,"item_purchase_floors":[],"current_hp_per_floor":[76,76,76,75,75,75,75,75,75,75,65,57,58,43,43,0],"gold":198,"neow_bonus":"TWENTY_PERCENT_HP_BONUS","is_prod":false,"is_daily":false,"chose_seed":false,"campfire_upgraded":4,"win_rate":0,"timestamp":1547947304,"path_taken":["M","?","?","M","M","R","M","R","T","R","?","E","M","E","R","BOSS"],"build_version":"2019-01-17v2","purchased_purges":0,"victory":false,"max_hp_per_floor":[85,85,85,85,85,85,85,85,85,85,85,85,85,85,85,85],"card_choices":[{"not_picked":["Melter","Steam"],"picked":"Conserve Battery","floor":1},{"not_picked":["Barrage","Fusion"],"picked":"Self Repair","floor":4},{"not_picked":["Stack","Double Energy"],"picked":"Ball Lightning","floor":5},{"not_picked":["Redo","Hologram"],"picked":"BootSequence","floor":7},{"not_picked":["Compile Driver","Sunder"],"picked":"Ball Lightning","floor":11},{"not_picked":["Hologram","Meteor Strike"],"picked":"Self Repair","floor":12},{"not_picked":["Redo","Gash"],"picked":"Hologram","floor":13},{"not_picked":["Compile Driver","Beam Cell"],"picked":"Gash","floor":14}],"player_experience":554489,"relics_obtained":[{"floor":3,"key":"Sundial"},{"floor":9,"key":"Potion Belt"},{"floor":12,"key":"Bottled Tornado"},{"floor":14,"key":"Matryoshka"}],"event_choices":[{"damage_healed":0,"gold_gain":0,"player_choice":"Ignored","damage_taken":0,"max_hp_gain":0,"max_hp_loss":0,"event_name":"Liars Game","floor":2,"gold_loss":0}],"is_beta":false,"boss_relics":[],"items_purged_floors":[],"is_endless":false,"potions_floor_spawned":[1,4,11],"killed_by":"Hexaghost","ascension_level":18}