{"gold_per_floor":[112,112,126,45,58,58,118,135,203,203,203,203],"floor_reached":12,"playtime":655,"items_purged":[],"score":136,"play_id":"38f1d4f0-9962-4cdc-a809-f1d8de7487e1","local_time":"20190121121711","is_ascension_mode":true,"campfire_choices":[{"data":"Zap","floor":6,"key":"SMITH"},{"data":"Ball Lightning","floor":10,"key":"SMITH"}],"neow_cost":"TEN_PERCENT_HP_LOSS","seed_source_timestamp":1068965819117315,"circlet_count":0,"master_deck":["AscendersBane","Strike_B","Strike_B","Strike_B","Strike_B","Defend_B","Defend_B","Defend_B","Defend_B","Zap+1","Dualcast","Multi-Cast","Redo","Hologram","Loop","Sunder","Ball Lightning+1","Decay"],"relics":["Cracked Core","DataDisk","Bottled Flame"],"potions_floor_usage":[7],"damage_taken":[{"damage":0,"enemies":"Small Slimes","floor":1,"turns":2},{"damage":6,"enemies":"Cultist","floor":3,"turns":4},{"damage":2,"enemies":"Jaw Worm","floor":5,"turns":3},{"damage":17,"enemies":"3 Sentries","floor":7,"turns":6},{"damage":0,"enemies":"3 Louse","floor":8,"turns":2},{"damage":0,"enemies":"Gremlin Gang","floor":12,"turns":1}],"seed_played":"-8062555325310384966","potions_obtained":[{"floor":3,"key":"EssenceOfSteel"},{"floor":5,"key":"AttackPotion"},{"floor":7,"key":"Energy Potion"},{"floor":8,"key":"SmokeBomb"}],"is_trial":false,"path_per_floor":["?","?","?","M"],"character_chosen":"DEFECT","items_purchased":["Loop"],"campfire_rested":0,"item_purchase_floors":[4],"current_hp_per_floor":[64,59,53,53,51,51,34,34,34,34,34,34],"gold":203,"neow_bonus":"THREE_RARE_CARDS","is_prod":false,"is_daily":false,"chose_seed":false,"campfire_upgraded":2,"win_rate":0,"timestamp":1548091031,"path_taken":["M","?","M","$","M","R","?","M","T","R","?","?"],"build_version":"2019-01-20","purchased_purges":0,"victory":false,"max_hp_per_floor":[64,64,64,64,64,64,64,64,64,64,64,64],"card_choices":[{"not_picked":["Creative AI","Meteor Strike"],"picked":"Multi-Cast","floor":0},{"not_picked":["Sweeping Beam","Beam Cell"],"picked":"Redo","floor":1},{"not_picked":["Scrape","Aggregate"],"picked":"Hologram","floor":3},{"not_picked":["Hologram","Turbo"],"picked":"Sunder","floor":5},{"not_picked":["Heatsinks","Gash"],"picked":"Ball Lightning","floor":7},{"not_picked":["Sweeping Beam","Barrage","Go for the Eyes"],"picked":"SKIP","floor":8},{"not_picked":["Sweeping Beam","Barrage","Go for the Eyes"],"picked":"SKIP","floor":8}],"player_experience":477625,"relics_obtained":[{"floor":7,"key":"DataDisk"},{"floor":9,"key":"Bottled Flame"}],"event_choices":[{"damage_healed":0,"gold_gain":0,"player_choice":"Fled","damage_taken":5,"max_hp_gain":0,"max_hp_loss":0,"event_name":"Scrap Ooze","floor":2,"gold_loss":0},{"damage_healed":0,"gold_gain":0,"player_choice":"Searched \u00271\u0027 times","damage_taken":0,"max_hp_gain":0,"max_hp_loss":0,"event_name":"Dead Adventurer","floor":7,"gold_loss":0},{"damage_healed":0,"gold_gain":0,"player_choice":"Cursed","damage_taken":0,"max_hp_gain":0,"max_hp_loss":0,"event_name":"Wheel of Change","floor":11,"gold_loss":0,"cards_obtained":["Decay"]}],"is_beta":true,"boss_relics":[],"items_purged_floors":[],"is_endless":false,"potions_floor_spawned":[3,5,7,8],"killed_by":"Gremlin Gang","ascension_level":20}