{"gold_per_floor":[119,194,211,29,29,29,55,55,126,153,165,184,184,215,215,293,293,310,310,310,323,43,43,43,43,67,67,100,120,26,44,44,121,121,138,15,28,47,28,59,59,79,102,134,134,134,134,164,164,164],"floor_reached":51,"playtime":3279,"items_purged":[],"score":1358,"play_id":"beeb0d29-06e2-45df-a093-dce2d6546e72","local_time":"20180712184542","is_ascension_mode":true,"campfire_choices":[{"data":"Neutralize","floor":6.0,"key":"SMITH"},{"floor":13.0,"key":"REST"},{"data":"Noxious Fumes","floor":15.0,"key":"SMITH"},{"floor":23.0,"key":"REST"},{"data":"Glass Knife","floor":25.0,"key":"SMITH"},{"floor":32.0,"key":"REST"},{"floor":41,"key":"REST"},{"data":"Well Laid Plans","floor":45,"key":"SMITH"},{"data":"Malaise","floor":47,"key":"SMITH"},{"floor":49,"key":"REST"}],"neow_cost":"NONE","seed_source_timestamp":0,"circlet_count":0,"master_deck":["Defend_G","Defend_G","Defend_G","Defend_G","Defend_G","Strike_G","Strike_G","Survivor","Neutralize+1","AscendersBane","Cloak And Dagger","Dagger Spray","Cloak And Dagger","Noxious Fumes+1","Predator","Backflip","Backflip","Die Die Die","Wraith Form v2","Infinite Blades+1","Footwork+1","Underhanded Strike+1","Acrobatics","Footwork","PiercingWail","Well Laid Plans+1","Footwork","Glass Knife+1","Deflect+1","Footwork","Escape Plan","Dagger Throw","Tools of the Trade","Deflect","Flechettes+1","Distraction+1","Malaise+1","Footwork+1"],"special_seed":0,"relics":["Ring of the Snake","Snake Skull","FaceOfCleric","Ninja Scroll","The Courier","Centennial Puzzle","Bronze Scales","Astrolabe","Bag of Marbles","Regal Pillow","Runic Dome","Lantern","Gremlin Horn","Anchor","Kunai","Torii","Peace Pipe"],"potions_floor_usage":[48,50,50],"damage_taken":[{"damage":0.0,"enemies":"2 Louse","floor":1.0,"turns":3.0},{"damage":3.0,"enemies":"Jaw Worm","floor":3.0,"turns":4.0},{"damage":13.0,"enemies":"Lagavulin","floor":7.0,"turns":8.0},{"damage":6.0,"enemies":"Gremlin Nob","floor":10.0,"turns":4.0},{"damage":0.0,"enemies":"Cultist","floor":11.0,"turns":3.0},{"damage":0.0,"enemies":"Exordium Thugs","floor":12.0,"turns":5.0},{"damage":1.0,"enemies":"3 Sentries","floor":14.0,"turns":3.0},{"damage":28.0,"enemies":"Slime Boss","floor":16.0,"turns":9.0},{"damage":1.0,"enemies":"Shell Parasite","floor":18.0,"turns":6.0},{"damage":5.0,"enemies":"Chosen","floor":21.0,"turns":4.0},{"damage":15.0,"enemies":"Book of Stabbing","floor":28.0,"turns":5.0},{"damage":17.0,"enemies":"Centurion and Healer","floor":29.0,"turns":7.0},{"damage":18.0,"enemies":"Snake Plant","floor":31.0,"turns":5.0},{"damage":33.0,"enemies":"Collector","floor":33.0,"turns":13.0},{"damage":0,"enemies":"3 Shapes","floor":35,"turns":5},{"damage":8,"enemies":"Orb Walker","floor":37,"turns":3},{"damage":6,"enemies":"3 Darklings","floor":38,"turns":7},{"damage":38,"enemies":"Nemesis","floor":40,"turns":9},{"damage":4,"enemies":"4 Shapes","floor":42,"turns":3},{"damage":6,"enemies":"2 Orb Walkers","floor":44,"turns":4},{"damage":0,"floor":46,"turns":6},{"damage":12,"enemies":"Nemesis","floor":48,"turns":7},{"damage":58,"enemies":"Time Eater","floor":50,"turns":17}],"seed_played":"-7185138666371571321","potions_obtained":[{"floor":3.0,"key":"Swift Potion"},{"floor":8.0,"key":"Block Potion"},{"floor":8.0,"key":"Explosive Potion"},{"floor":10.0,"key":"Poison Potion"},{"floor":16.0,"key":"Explosive Potion"},{"floor":28.0,"key":"Dexterity Potion"},{"floor":31.0,"key":"Block Potion"},{"floor":33.0,"key":"EssenceOfSteel"},{"floor":35,"key":"GhostInAJar"},{"floor":42,"key":"Strength Potion"}],"is_trial":false,"path_per_floor":["M","?","M","$","?","R","E","?","T","E","M","M","R","E","R","B",null,"M","?","?","M","$","R","?","R","T","?","E","M","$","M","R","B",null,"M","$","M","M","$","E","R","M","T","E","R","?","R","E","R","B"],"character_chosen":"THE_SILENT","items_purchased":["Snake Skull","Noxious Fumes","Well Laid Plans","Footwork","Glass Knife","Block Potion","Footwork","Escape Plan","Lantern","Deflect"],"campfire_rested":5,"item_purchase_floors":[4,4,22,22,22,22,30,30,36,39],"current_hp_per_floor":[59,48,45,45,45,45,33,33,33,28,29,30,51,51,51,24,60,60,39,39,35,35,58,58,58,58,51,37,21,21,4,43,11,65,66,66,59,54,54,17,58,55,55,50,50,51,51,40,82,25],"gold":164,"neow_bonus":"THREE_CARDS","is_prod":false,"is_daily":false,"chose_seed":false,"campfire_upgraded":5,"win_rate":0,"timestamp":1531413942,"path_taken":["M","?","M","$","?","R","E","?","T","E","M","?","R","E","R","BOSS","M","?","?","M","$","R","?","R","T","?","E","M","?","?","R","BOSS","M","?","M","?","$","E","R","M","T","E","R","?","R","E","R","BOSS"],"build_version":"2018-07-05","purchased_purges":0,"victory":true,"max_hp_per_floor":[66,66,66,66,66,66,67,67,67,68,69,70,70,71,71,72,72,73,78,78,79,79,79,79,79,79,79,80,81,81,82,82,83,83,84,84,85,86,86,87,87,88,88,89,89,90,90,91,91,92],"card_choices":[{"not_picked":["Eviscerate","Catalyst"],"picked":"Cloak And Dagger","floor":0.0},{"not_picked":["Acrobatics","Concentrate"],"picked":"Dagger Spray","floor":1.0},{"not_picked":["Deflect","Outmaneuver"],"picked":"Cloak And Dagger","floor":3.0},{"not_picked":["Slice","Sucker Punch"],"picked":"Predator","floor":7.0},{"not_picked":["Cloak And Dagger","Expertise"],"picked":"Backflip","floor":10.0},{"not_picked":["Underhanded Strike","Prepared"],"picked":"Backflip","floor":11.0},{"not_picked":["Bouncing Flask","PiercingWail"],"picked":"Die Die Die","floor":12.0},{"not_picked":["Flying Knee","Eviscerate","Prepared"],"picked":"SKIP","floor":14.0},{"not_picked":["Glass Knife","Bullet Time"],"picked":"Wraith Form v2","floor":16.0},{"not_picked":["Dagger Spray","Sucker Punch"],"picked":"Acrobatics","floor":18.0},{"not_picked":["Prepared","Outmaneuver+1"],"picked":"PiercingWail","floor":21.0},{"not_picked":["Poisoned Stab","Choke"],"picked":"Deflect+1","floor":28.0},{"not_picked":["Distraction","Bouncing Flask","Dagger Spray"],"picked":"SKIP","floor":29.0},{"not_picked":["Poisoned Stab","Slice"],"picked":"Dagger Throw","floor":31.0},{"not_picked":["Bullet Time","Envenom"],"picked":"Tools of the Trade","floor":33.0},{"not_picked":["Deadly Poison","Dagger Throw","Quick Slash"],"picked":"SKIP","floor":35},{"not_picked":["Masterful Stab","Quick Slash+1","Skewer"],"picked":"SKIP","floor":37},{"not_picked":["Choke","Underhanded Strike","Distraction"],"picked":"SKIP","floor":38},{"not_picked":["Noxious Fumes","All Out Attack+1","Endless Agony+1"],"picked":"SKIP","floor":40},{"not_picked":["Underhanded Strike","Deadly Poison+1"],"picked":"Flechettes+1","floor":42},{"not_picked":["Outmaneuver","PiercingWail"],"picked":"Distraction+1","floor":44},{"not_picked":["Finisher","Terror"],"picked":"Malaise","floor":46},{"not_picked":["Backstab","Choke"],"picked":"Footwork+1","floor":48}],"player_experience":816968,"relics_obtained":[{"floor":7.0,"key":"Ninja Scroll"},{"floor":9.0,"key":"The Courier"},{"floor":10.0,"key":"Centennial Puzzle"},{"floor":14.0,"key":"Bronze Scales"},{"floor":26.0,"key":"Bag of Marbles"},{"floor":28.0,"key":"Regal Pillow"},{"floor":40,"key":"Gremlin Horn"},{"floor":43,"key":"Anchor"},{"floor":44,"key":"Kunai"},{"floor":46,"key":"Torii"},{"floor":48,"key":"Peace Pipe"}],"event_choices":[{"event_name":"World of Goop","player_choice":"Gather Gold","floor":2.0,"damage_taken":0.0},{"event_name":"FaceTrader","player_choice":"Trade","floor":5.0,"damage_taken":0.0},{"event_name":"The Lab","player_choice":"Got Potions","floor":8.0,"damage_taken":0.0},{"event_name":"Forgotten Altar","player_choice":"Shed Blood","floor":19.0,"damage_taken":0.0},{"event_name":"The Library","player_choice":"Read","floor":20.0,"damage_taken":0.0},{"event_name":"Addict","player_choice":"Ignored","floor":24.0,"damage_taken":0.0},{"event_name":"Knowing Skull","player_choice":"","floor":27.0,"damage_taken":0.0},{"event_name":"MindBloom","player_choice":"Fight","floor":46,"damage_taken":0}],"boss_relics":[{"not_picked":["Eternal Feather","White Beast Statue"],"picked":"Astrolabe"},{"not_picked":["Pandora\u0027s Box","Snecko Eye"],"picked":"Runic Dome"}],"items_purged_floors":[],"is_endless":false,"potions_floor_spawned":[3,10,16,28,31,33,35,40,42,44],"ascension_level":15}