{"gold_per_floor":[218,50,50,70,87,114,33,33,58,77,77,77],"floor_reached":12,"playtime":371,"items_purged":["Strike_G"],"score":152,"play_id":"107c124c-8135-4c1f-8bb1-632d8a46b299","local_time":"20180929214110","is_ascension_mode":true,"campfire_choices":[{"data":"Dagger Spray","floor":8.0,"key":"SMITH"}],"neow_cost":"NONE","seed_source_timestamp":101407188567768,"circlet_count":0,"master_deck":["Defend_G","Defend_G","Defend_G","Defend_G","Defend_G","Strike_G","Strike_G","Survivor","Neutralize","AscendersBane","Riddle With Holes","Leg Sweep","Dash","Dagger Spray+1","After Image","Footwork","PiercingWail","Expertise"],"special_seed":0,"relics":["Ring of the Snake","Snake Skull","Strawberry"],"potions_floor_usage":[12],"damage_taken":[{"damage":4.0,"enemies":"Jaw Worm","floor":1.0,"turns":5.0},{"damage":4.0,"enemies":"Small Slimes","floor":4.0,"turns":4.0},{"damage":3.0,"enemies":"Cultist","floor":5.0,"turns":4.0},{"damage":21.0,"enemies":"Gremlin Nob","floor":6.0,"turns":5.0},{"damage":0.0,"enemies":"Exordium Wildlife","floor":10.0,"turns":7.0},{"damage":27,"enemies":"Lagavulin","floor":12,"turns":11}],"seed_played":"4797439123494474655","potions_obtained":[{"floor":1.0,"key":"AttackPotion"},{"floor":6.0,"key":"GhostInAJar"}],"is_trial":false,"path_per_floor":["M","$","?","M","M","E","$","R","T","M","?"],"character_chosen":"THE_SILENT","items_purchased":["Leg Sweep","Footwork"],"campfire_rested":0,"item_purchase_floors":[2,7],"current_hp_per_floor":[55,55,55,51,48,27,27,27,34,34,34,7],"gold":77,"neow_bonus":"HUNDRED_GOLD","is_prod":false,"is_daily":false,"chose_seed":false,"campfire_upgraded":1,"win_rate":0,"timestamp":1538224870,"path_taken":["M","$","?","M","M","E","$","R","T","?","?","E"],"build_version":"2018-09-27","purchased_purges":1,"victory":false,"max_hp_per_floor":[66,66,66,66,66,66,66,66,73,73,73,73],"card_choices":[{"not_picked":["Quick Slash","Flechettes"],"picked":"Riddle With Holes","floor":1.0},{"not_picked":["Blade Dance","Riddle With Holes"],"picked":"Dash","floor":4.0},{"not_picked":["Acrobatics","PiercingWail"],"picked":"Dagger Spray","floor":5.0},{"not_picked":["Dodge and Roll","Riddle With Holes"],"picked":"After Image","floor":6.0},{"not_picked":["Riddle With Holes","Sucker Punch"],"picked":"PiercingWail","floor":10.0}],"player_experience":684701,"relics_obtained":[{"floor":6.0,"key":"Snake Skull"},{"floor":9.0,"key":"Strawberry"}],"event_choices":[{"event_name":"Living Wall","player_choice":"Forget","floor":3.0,"damage_taken":0.0},{"event_name":"Transmorgrifier","player_choice":"Transform","floor":11.0,"damage_taken":0.0}],"is_beta":false,"boss_relics":[],"items_purged_floors":[2],"is_endless":false,"potions_floor_spawned":[1,6],"killed_by":"Lagavulin","ascension_level":19}