{"gold_per_floor":[362,342,356,369,257,257,21,21,21,47,12,25,41,91,91,91],"floor_reached":16,"playtime":577,"items_purged":["Shame"],"score":165,"play_id":"4b98be5e-b5e6-49d2-8298-4cdd486b22f5","local_time":"20181116180534","is_ascension_mode":true,"campfire_choices":[{"data":"Bash","floor":6,"key":"SMITH"},{"data":"Metamorphosis","floor":8,"key":"SMITH"},{"data":"Warcry","floor":15,"key":"SMITH"}],"neow_cost":"CURSE","seed_source_timestamp":116181689253205,"circlet_count":0,"master_deck":["AscendersBane","Strike_R","Strike_R","Strike_R","Strike_R","Strike_R","Defend_R","Defend_R","Defend_R","Defend_R+1","Bash+1","Warcry+1","Corruption","Sentinel+1","Metamorphosis+1","Seeing Red"],"relics":["Burning Blood","Happy Flower","Bottled Lightning","War Paint"],"potions_floor_usage":[16],"damage_taken":[{"damage":9,"enemies":"Jaw Worm","floor":1,"turns":4},{"damage":1,"enemies":"Cultist","floor":3,"turns":3},{"damage":0,"enemies":"Small Slimes","floor":4,"turns":3},{"damage":33,"enemies":"Gremlin Nob","floor":10,"turns":4},{"damage":12,"enemies":"2 Fungi Beasts","floor":12,"turns":2},{"damage":30,"enemies":"3 Louse","floor":13,"turns":4},{"damage":44,"enemies":"Slime Boss","floor":16,"turns":6}],"seed_played":"-7673394611237815406","potions_obtained":[{"floor":1,"key":"EssenceOfSteel"},{"floor":2,"key":"SpeedPotion"},{"floor":4,"key":"Fire Potion"}],"is_trial":false,"path_per_floor":["M","?","M","M","$","R","$","R","T","E","?","M","M","T","R","B"],"character_chosen":"IRONCLAD","items_purchased":["Corruption","Sentinel","Metamorphosis"],"campfire_rested":0,"item_purchase_floors":[5,7,7],"current_hp_per_floor":[69,69,74,80,80,80,80,80,80,53,73,67,43,43,43,0],"gold":91,"neow_bonus":"TWO_FIFTY_GOLD","is_prod":false,"is_daily":false,"chose_seed":false,"campfire_upgraded":3,"win_rate":0,"timestamp":1542409534,"path_taken":["M","?","M","?","$","R","?","R","T","E","?","M","M","?","R","BOSS"],"build_version":"2018-11-15","purchased_purges":1,"victory":false,"max_hp_per_floor":[80,80,80,80,80,80,80,80,80,80,80,80,80,80,80,80],"card_choices":[{"not_picked":["Clash","Clothesline"],"picked":"Warcry","floor":1},{"not_picked":["Sever Soul","Flex","Rage"],"picked":"SKIP","floor":3},{"not_picked":["Perfected Strike","Twin Strike","Clothesline"],"picked":"SKIP","floor":4},{"not_picked":["Havoc","Sever Soul"],"picked":"Seeing Red","floor":10},{"not_picked":["Perfected Strike","Corruption","Wild Strike"],"picked":"SKIP","floor":12},{"not_picked":["Havoc","Iron Wave","Cleave"],"picked":"SKIP","floor":13}],"player_experience":386175,"relics_obtained":[{"floor":9,"key":"Happy Flower"},{"floor":10,"key":"Bottled Lightning"},{"floor":14,"key":"War Paint"}],"event_choices":[{"damage_healed":0,"gold_gain":0,"player_choice":"Bought 1 Potion","damage_taken":0,"max_hp_gain":0,"max_hp_loss":0,"event_name":"The Woman in Blue","floor":2,"gold_loss":0},{"damage_healed":20,"gold_gain":0,"player_choice":"Healed","damage_taken":0,"max_hp_gain":0,"max_hp_loss":0,"event_name":"The Cleric","floor":11,"gold_loss":35}],"is_beta":true,"boss_relics":[],"items_purged_floors":[5],"is_endless":false,"potions_floor_spawned":[1,4,10,13],"killed_by":"Slime Boss","ascension_level":13}