{"gold_per_floor":[117,133,150,161,174,201,33,33,33,59,59,71,101,119,119,194,194,172,186,202,215,215,215,215],"floor_reached":24,"playtime":1256,"items_purged":[],"score":530,"play_id":"f44154c9-fe73-442a-8f11-8e8691d79030","local_time":"20190203222250","is_ascension_mode":true,"campfire_choices":[{"data":"Loop","floor":11,"key":"SMITH"},{"floor":15,"key":"REST"},{"data":"Defragment","floor":23,"key":"SMITH"}],"neow_cost":"NONE","seed_source_timestamp":100183057863800,"circlet_count":0,"master_deck":["AscendersBane","Strike_B","Strike_B","Strike_B","Strike_B","Defend_B","Defend_B","Defend_B","Defend_B","Zap","Dualcast","Ball Lightning","Glacier","Cold Snap","Compile Driver","Rainbow","Defragment+1","Loop+1","Multi-Cast","Conserve Battery","Glacier","Creative AI","Heatsinks","Defragment+1","Storm","Compile Driver+1","Doubt"],"relics":["Cracked Core","Question Card","Pen Nib","Kunai","Pear","Molten Egg 2","Coffee Dripper"],"potions_floor_usage":[6,10,13,14,16,19,20],"damage_taken":[{"damage":2,"enemies":"Jaw Worm","floor":1,"turns":3},{"damage":1,"enemies":"Cultist","floor":2,"turns":3},{"damage":0,"enemies":"2 Louse","floor":3,"turns":3},{"damage":37,"enemies":"Exordium Thugs","floor":4,"turns":7},{"damage":9,"enemies":"Lots of Slimes","floor":5,"turns":5},{"damage":13,"enemies":"Lagavulin","floor":6,"turns":6},{"damage":3,"enemies":"3 Sentries","floor":10,"turns":12},{"damage":0,"enemies":"Blue Slaver","floor":12,"turns":3},{"damage":10,"enemies":"Gremlin Nob","floor":13,"turns":5},{"damage":5,"enemies":"Gremlin Gang","floor":14,"turns":2},{"damage":0,"enemies":"The Guardian","floor":16,"turns":9},{"damage":27,"enemies":"2 Thieves","floor":18,"turns":5},{"damage":9,"enemies":"3 Byrds","floor":19,"turns":6},{"damage":4,"enemies":"Centurion and Healer","floor":20,"turns":7},{"damage":29,"enemies":"Cultist and Chosen","floor":21,"turns":8},{"damage":4,"enemies":"Slavers","floor":24,"turns":1}],"seed_played":"7957719720901281509","potions_obtained":[{"floor":3,"key":"Swift Potion"},{"floor":6,"key":"Strength Potion"},{"floor":10,"key":"LiquidBronze"},{"floor":12,"key":"Explosive Potion"},{"floor":13,"key":"Strength Potion"},{"floor":18,"key":"Block Potion"},{"floor":19,"key":"SkillPotion"},{"floor":21,"key":"FearPotion"}],"is_trial":false,"path_per_floor":["M","M","M","M","M","E","$","?","T","E","R","M","E","M","R","B",null,"M","M","M","M","?","R","E"],"character_chosen":"DEFECT","items_purchased":["Pen Nib"],"campfire_rested":1,"item_purchase_floors":[7],"current_hp_per_floor":[69,68,68,31,22,9,9,9,9,16,16,16,6,1,27,27,73,46,37,33,4,4,4,0],"gold":215,"neow_bonus":"TEN_PERCENT_HP_BONUS","is_prod":false,"is_daily":false,"chose_seed":false,"campfire_upgraded":2,"win_rate":0,"timestamp":1549261370,"path_taken":["M","M","M","M","M","E","$","?","T","E","R","M","E","M","R","BOSS","M","M","M","M","?","R","E"],"build_version":"2019-01-23","purchased_purges":0,"victory":false,"max_hp_per_floor":[78,78,78,78,78,78,78,78,78,88,88,88,88,88,88,88,88,88,88,88,88,88,88,88],"card_choices":[{"not_picked":["Compile Driver","Conserve Battery"],"picked":"Ball Lightning","floor":1},{"not_picked":["Conserve Battery","Recycle"],"picked":"Glacier","floor":2},{"not_picked":["Reinforced Body","Lockon"],"picked":"Cold Snap","floor":3},{"not_picked":["Rip and Tear","Double Energy"],"picked":"Compile Driver","floor":4},{"not_picked":["Skim","Scrape"],"picked":"Rainbow","floor":5},{"not_picked":["Multi-Cast","Fusion"],"picked":"Defragment","floor":6},{"not_picked":["Self Repair","Melter","Hologram"],"picked":"Loop","floor":10},{"not_picked":["Beam Cell","Sweeping Beam","Go for the Eyes"],"picked":"Multi-Cast","floor":12},{"not_picked":["Stack","Barrage","Sweeping Beam"],"picked":"Conserve Battery","floor":13},{"not_picked":["Steam","Compile Driver+1","Double Energy"],"picked":"Glacier","floor":14},{"not_picked":["Meteor Strike+1","Fission","Thunder Strike+1"],"picked":"Creative AI","floor":16},{"not_picked":["FTL+1","Redo+1","Chaos"],"picked":"Heatsinks","floor":18},{"not_picked":["Capacitor","Fusion","Blizzard+1"],"picked":"Defragment","floor":19},{"not_picked":["Rip and Tear+1","Sunder+1","Leap"],"picked":"Storm","floor":20},{"not_picked":["Barrage+1","FTL+1","Lockon+1"],"picked":"Compile Driver+1","floor":21}],"player_experience":617714,"relics_obtained":[{"floor":6,"key":"Question Card"},{"floor":9,"key":"Kunai"},{"floor":10,"key":"Pear"},{"floor":13,"key":"Molten Egg 2"}],"event_choices":[{"damage_healed":0,"gold_gain":0,"player_choice":"Grow","damage_taken":0,"max_hp_gain":0,"max_hp_loss":0,"event_name":"Living Wall","floor":8,"gold_loss":0,"cards_upgraded":["Defragment"]},{"damage_healed":0,"gold_gain":0,"player_choice":"1 cards matched","damage_taken":0,"max_hp_gain":0,"max_hp_loss":0,"event_name":"Match and Keep!","floor":22,"gold_loss":0,"cards_obtained":["Doubt"]}],"is_beta":false,"boss_relics":[{"not_picked":["Calling Bell","Orrery"],"picked":"Coffee Dripper"}],"items_purged_floors":[],"is_endless":false,"potions_floor_spawned":[3,6,10,12,13,18,19,21],"killed_by":"Slavers","ascension_level":19}