{"gold_per_floor":[116,126,201,218,236,236,247,247,247,260,260,271,285,285,285,364,364,377,97,112,112,58,58,76,76,76,76,76],"floor_reached":28,"playtime":832,"items_purged":["Strike_B"],"score":403,"play_id":"33b487b1-25fa-45fe-8493-224103c84358","local_time":"20181001014510","is_ascension_mode":true,"campfire_choices":[{"data":"Zap","floor":6,"key":"SMITH"},{"data":"Streamline","floor":8,"key":"SMITH"},{"floor":11,"key":"REST"},{"data":"Loop","floor":15,"key":"SMITH"},{"data":"Coolheaded","floor":23,"key":"SMITH"},{"floor":25,"key":"REST"},{"data":"Storm","floor":27,"key":"SMITH"}],"neow_cost":"NONE","seed_source_timestamp":1409375168286359,"circlet_count":0,"master_deck":["Strike_B","Strike_B","Strike_B","Defend_B","Defend_B","Defend_B","Defend_B","Zap+1","Dualcast","AscendersBane","Streamline+1","BootSequence","Rebound","Conserve Battery","Cold Snap","Loop+1","Capacitor","Go for the Eyes","Electrodynamics","Cold Snap","Self Repair","Good Instincts","Storm+1","Coolheaded+1","Skim"],"relics":["Cracked Core","Bronze Scales","Bottled Flame","Sozu","The Courier"],"potions_floor_usage":[20,28],"damage_taken":[{"damage":7,"enemies":"Small Slimes","floor":1,"turns":3},{"damage":0,"enemies":"Cultist","floor":2,"turns":3},{"damage":0,"enemies":"2 Louse","floor":4,"turns":2},{"damage":0,"enemies":"Red Slaver","floor":5,"turns":3},{"damage":22,"enemies":"Gremlin Gang","floor":7,"turns":4},{"damage":0,"enemies":"3 Louse","floor":10,"turns":2},{"damage":0,"enemies":"Blue Slaver","floor":12,"turns":3},{"damage":0,"enemies":"2 Fungi Beasts","floor":13,"turns":3},{"damage":12,"enemies":"Hexaghost","floor":16,"turns":10},{"damage":15,"enemies":"3 Byrds","floor":18,"turns":2},{"damage":18,"enemies":"Shell Parasite","floor":20,"turns":4},{"damage":18,"enemies":"Snake Plant","floor":24,"turns":4},{"damage":44,"enemies":"Chosen and Byrds","floor":28,"turns":3}],"seed_played":"5656821395835263095","potions_obtained":[{"floor":1,"key":"PowerPotion"},{"floor":7,"key":"AttackPotion"}],"is_trial":false,"path_per_floor":["M","M","?","M","M","R","M","R","T","M","R","M","M","?","R","B",null,"M","$","M","?","$","R","M","R","T","R"],"character_chosen":"DEFECT","items_purchased":["Self Repair","Good Instincts","Coolheaded"],"campfire_rested":2,"item_purchase_floors":[19,19,22],"current_hp_per_floor":[57,57,46,46,46,46,24,24,24,24,45,45,45,45,45,33,62,47,47,36,29,29,29,18,39,39,39,0],"gold":76,"neow_bonus":"RANDOM_COMMON_RELIC","is_prod":false,"is_daily":false,"chose_seed":false,"campfire_upgraded":5,"win_rate":0,"timestamp":1538372710,"path_taken":["M","M","?","?","M","R","M","R","T","M","R","M","M","?","R","BOSS","M","$","M","?","$","R","M","R","T","R","M"],"build_version":"2018-09-27","purchased_purges":1,"victory":false,"max_hp_per_floor":[71,71,71,71,71,71,71,71,71,71,71,71,71,71,71,71,71,71,71,71,71,71,71,71,71,71,71,71],"card_choices":[{"not_picked":["Tempest","Hologram"],"picked":"Streamline","floor":1},{"not_picked":["Tempest","Doom and Gloom"],"picked":"BootSequence","floor":2},{"not_picked":["Reprogram","Streamline"],"picked":"Rebound","floor":4},{"not_picked":["Undo","Chill"],"picked":"Conserve Battery","floor":5},{"not_picked":["Hologram","Turbo"],"picked":"Cold Snap","floor":7},{"not_picked":["Rip and Tear","Beam Cell"],"picked":"Loop","floor":10},{"not_picked":["Melter","Cold Snap"],"picked":"Capacitor","floor":12},{"not_picked":["Genetic Algorithm","Ball Lightning"],"picked":"Go for the Eyes","floor":13},{"not_picked":["Creative AI","All For One"],"picked":"Electrodynamics","floor":16},{"not_picked":["Loop","White Noise"],"picked":"Cold Snap","floor":18},{"not_picked":["Rebound","Auto Shields"],"picked":"Storm","floor":20},{"not_picked":["Barrage","Recycle"],"picked":"Skim","floor":24}],"player_experience":291630,"relics_obtained":[{"floor":9,"key":"Bottled Flame"},{"floor":26,"key":"The Courier"}],"event_choices":[{"event_name":"World of Goop","player_choice":"Gather Gold","floor":3,"damage_taken":0},{"event_name":"Golden Idol","player_choice":"Ignored","floor":14,"damage_taken":0},{"event_name":"Knowing Skull","player_choice":"","floor":21,"damage_taken":0}],"is_beta":false,"boss_relics":[{"not_picked":["Astrolabe","Eternal Feather"],"picked":"Sozu"}],"items_purged_floors":[19],"is_endless":false,"potions_floor_spawned":[1,7,12,13,20,24],"killed_by":"Chosen and Byrds","ascension_level":18}