{"gold_per_floor":[119,129,129,129,129,129,155,66,66,66,85,100,118,118,118,223,223,238,269,269],"floor_reached":20,"playtime":1122,"items_purged":[],"score":162,"play_id":"0ac3c7c9-682d-4ad8-b1c9-68869215d8e1","local_time":"20181211022056","is_ascension_mode":false,"campfire_choices":[{"data":"Skewer","floor":6.0,"key":"SMITH"},{"data":"Infinite Blades","floor":10,"key":"SMITH"},{"data":"Infinite Blades","floor":15,"key":"SMITH"}],"neow_cost":"NONE","seed_source_timestamp":0,"circlet_count":0,"master_deck":["Defend_G","Defend_G+1","Defend_G","Defend_G","Defend_G","Strike_G","Strike_G","Strike_G","Strike_G+1","Strike_G","Survivor","Neutralize","Dagger Throw","Skewer+1","Infinite Blades+1","Infinite Blades+1","Deflect","Blur","Backflip","Deflect","Storm of Steel","Blur","Malaise","Deflect"],"special_seed":0,"relics":["Ring of the Snake","NeowsBlessing","Odd Mushroom","Shuriken","Oddly Smooth Stone","Orrery","Red Mask"],"potions_floor_usage":[13],"damage_taken":[{"damage":0.0,"enemies":"2 Louse","floor":1.0,"turns":1.0},{"damage":0.0,"enemies":"Small Slimes","floor":2.0,"turns":1.0},{"damage":0,"enemies":"The Mushroom Lair","floor":7,"turns":1},{"damage":0,"enemies":"Cultist","floor":11,"turns":3},{"damage":4,"enemies":"Large Slime","floor":12,"turns":4},{"damage":2,"enemies":"Exordium Thugs","floor":13,"turns":4},{"damage":13,"enemies":"The Guardian","floor":16,"turns":14},{"damage":5,"enemies":"Shell Parasite","floor":18,"turns":10},{"damage":64,"enemies":"Masked Bandits","floor":19,"turns":7},{"damage":11,"enemies":"3 Byrds","floor":20,"turns":2}],"seed_played":"-4383745282963604147","potions_obtained":[{"floor":2.0,"key":"Ancient Potion"},{"floor":12,"key":"Fire Potion"}],"is_trial":false,"path_per_floor":["M","M","?","?","?","R","?","$","T","R","M","M","M","?","R","B",null,"M","?","M"],"character_chosen":"THE_SILENT","items_purchased":["Infinite Blades","Deflect"],"campfire_rested":0,"item_purchase_floors":[8,8],"current_hp_per_floor":[70,70,56,61,61,61,61,61,61,61,61,57,55,55,55,42,75,70,6,0],"gold":269,"neow_bonus":"THREE_ENEMY_KILL","is_prod":false,"is_daily":false,"chose_seed":false,"campfire_upgraded":3,"win_rate":0.0,"timestamp":1544512856,"path_taken":["M","M","?","?","?","R","?","?","T","R","M","M","?","?","R","BOSS","M","?","M"],"build_version":"2018-12-06","purchased_purges":0,"victory":false,"max_hp_per_floor":[70,70,70,75,75,75,75,75,75,75,75,75,75,75,75,75,75,75,75,75],"card_choices":[{"not_picked":["Dagger Spray","Bane"],"picked":"Dagger Throw","floor":1.0},{"not_picked":["Dagger Spray","Deadly Poison"],"picked":"Skewer","floor":2.0},{"not_picked":["Blade Dance","Outmaneuver"],"picked":"Infinite Blades","floor":7},{"not_picked":["Burst","Bouncing Flask"],"picked":"Blur","floor":11},{"not_picked":["Flechettes","Sucker Punch"],"picked":"Backflip","floor":12},{"not_picked":["PiercingWail","Caltrops"],"picked":"Deflect","floor":13},{"not_picked":["Bullet Time","Night Terror"],"picked":"Storm of Steel","floor":16},{"not_picked":["Prepared","Outmaneuver"],"picked":"Blur","floor":17},{"not_picked":["Underhanded Strike","Sucker Punch"],"picked":"Malaise","floor":17},{"not_picked":["Skewer","Dagger Throw"],"picked":"Deflect","floor":18}],"player_experience":241775,"relics_obtained":[{"floor":7,"key":"Odd Mushroom"},{"floor":9,"key":"Shuriken"},{"floor":19,"key":"Red Mask"}],"event_choices":[{"damage_healed":0.0,"max_hp_gain":0.0,"max_hp_loss":0.0,"gold_gain":0.0,"event_name":"Shining Light","player_choice":"Entered Light","floor":3.0,"gold_loss":0.0,"damage_taken":14.0,"cards_upgraded":["Strike_G","Defend_G"]},{"damage_healed":0.0,"max_hp_gain":5.0,"max_hp_loss":0.0,"gold_gain":0.0,"event_name":"Big Fish","player_choice":"Donut","floor":4.0,"gold_loss":0.0,"damage_taken":0.0},{"damage_healed":0.0,"max_hp_gain":0.0,"max_hp_loss":0.0,"gold_gain":0.0,"event_name":"The Cleric","player_choice":"Leave","floor":5.0,"gold_loss":0.0,"damage_taken":0.0},{"damage_healed":0,"gold_gain":0,"player_choice":"Fought Mushrooms","damage_taken":0,"max_hp_gain":0,"max_hp_loss":0,"event_name":"Mushrooms","floor":7,"gold_loss":0},{"damage_healed":0,"gold_gain":0,"player_choice":"Gave Potion","damage_taken":0,"relics_obtained":["Oddly Smooth Stone"],"max_hp_gain":0,"max_hp_loss":0,"event_name":"WeMeetAgain","floor":14,"gold_loss":0},{"damage_healed":0,"gold_gain":0,"player_choice":"Fought Bandits","damage_taken":0,"max_hp_gain":0,"max_hp_loss":0,"event_name":"Masked Bandits","floor":19,"gold_loss":0}],"is_beta":false,"boss_relics":[{"not_picked":["Runic Dome","Velvet Choker"],"picked":"Orrery"}],"items_purged_floors":[],"is_endless":false,"potions_floor_spawned":[2,12],"killed_by":"3 Byrds","ascension_level":0}