{"gold_per_floor":[99,99,99,60,60,60,60,60,60,60,30,30],"floor_reached":12,"playtime":395,"items_purged":[],"score":140,"play_id":"0e3ac6b7-ba91-4209-9ebd-61797528404b","local_time":"20180807224434","is_ascension_mode":true,"campfire_choices":[{"data":"Consume","floor":7,"key":"SMITH"},{"floor":10,"key":"REST"}],"neow_cost":"NONE","seed_source_timestamp":2349098457180481,"circlet_count":0,"master_deck":["Strike_B","Strike_B","Strike_B","Defend_B","Defend_B","Defend_B","Defend_B","Zap","Dualcast","AscendersBane","Steam","Consume+1","Doom and Gloom","Beam Cell","Loop","Leap"],"relics":["Ectoplasm","Pen Nib","Ancient Tea Set"],"potions_floor_usage":[8,12],"damage_taken":[{"damage":2,"enemies":"Jaw Worm","floor":1,"turns":3},{"damage":3,"enemies":"Small Slimes","floor":3,"turns":3},{"damage":10,"enemies":"Cultist","floor":5,"turns":5},{"damage":14,"enemies":"Lagavulin","floor":6,"turns":7},{"damage":0,"enemies":"Gremlin Gang","floor":8,"turns":4},{"damage":6,"enemies":"Looter","floor":11,"turns":3},{"damage":62,"enemies":"Gremlin Nob","floor":12,"turns":4}],"seed_played":"3429089011751442899","potions_obtained":[{"floor":1,"key":"Strength Potion"},{"floor":5,"key":"Explosive Potion"}],"is_trial":false,"path_per_floor":["M","?","M","$","M","E","R","M","T","R","M"],"character_chosen":"DEFECT","items_purchased":["Doom and Gloom"],"campfire_rested":1,"item_purchase_floors":[4],"current_hp_per_floor":[62,62,59,59,49,35,35,35,35,56,50,0],"gold":30,"neow_bonus":"BOSS_RELIC","is_prod":false,"is_daily":false,"chose_seed":false,"campfire_upgraded":1,"win_rate":0,"timestamp":1533674674,"path_taken":["M","?","M","$","?","E","R","M","T","R","?","E"],"build_version":"2018-08-02","purchased_purges":0,"victory":false,"max_hp_per_floor":[71,71,71,71,71,71,71,71,71,71,71,71],"card_choices":[{"not_picked":["Double Energy","Blizzard","Redo"],"picked":"SKIP","floor":1},{"not_picked":["Darkness","Steam"],"picked":"Consume","floor":3},{"not_picked":["Doom and Gloom","Steam"],"picked":"Beam Cell","floor":5},{"not_picked":["Hyperbeam","Redo"],"picked":"Loop","floor":6},{"not_picked":["Heatsinks","Doom and Gloom","Stack"],"picked":"SKIP","floor":8},{"not_picked":["Redo","Steam"],"picked":"Leap","floor":11}],"player_experience":922773,"relics_obtained":[{"floor":6,"key":"Pen Nib"},{"floor":9,"key":"Ancient Tea Set"}],"event_choices":[{"event_name":"Living Wall","player_choice":"Change","floor":2,"damage_taken":0}],"is_beta":false,"boss_relics":[],"items_purged_floors":[],"is_endless":false,"potions_floor_spawned":[1,5,6],"killed_by":"Gremlin Nob","ascension_level":15}