{"gold_per_floor":[118,118,136,152,152,152,185,185,185,185,214,89,106,140,140,237,237,254,204,204,218,218,218,243,255,303,303,319,334,344,376,376,475,475,486,486,708,4,20,20,45,45,72,72,92,106,56,73,73,73],"floor_reached":51,"playtime":1822,"items_purged":["Strike_B","Melter","Zap"],"score":1073,"play_id":"3ad57946-80b6-4e72-83e7-4c38cb67e586","local_time":"20180630200300","is_ascension_mode":true,"campfire_choices":[{"data":"Gash","floor":6,"key":"SMITH"},{"data":"Hologram","floor":8,"key":"SMITH"},{"floor":10,"key":"REST"},{"data":"Hologram","floor":15,"key":"SMITH"},{"data":"Chill","floor":23,"key":"SMITH"},{"data":"Undo","floor":27,"key":"SMITH"},{"data":"Dualcast","floor":32,"key":"SMITH"},{"data":"Go for the Eyes","floor":40,"key":"SMITH"},{"data":"Gash","floor":42,"key":"SMITH"},{"data":"Gash","floor":44,"key":"SMITH"},{"floor":49,"key":"REST"}],"neow_cost":"","seed_source_timestamp":804059769775814,"circlet_count":0,"master_deck":["Dualcast+1","AscendersBane","Gash+1","Cold Snap","Chill+1","Hologram+1","Gash+1","Hologram+1","Gash","Compile Driver","Blizzard","Gash+1","Go for the Eyes+1","Undo+1","Beam Cell","Gash","Gash","Glacier+1","All For One","All For One","Go for the Eyes+1","Capacitor+1","Gash+1","Conserve Battery","Skim"],"relics":["Cracked Core","Meat on the Bone","Ginger","Darkstone Periapt","Art of War","Orichalcum","Pandora\u0027s Box","Red Mask","Ancient Tea Set","Gambling Chip","Runic Dome","Incense Burner","Unceasing Top","Smiling Mask","Vajra"],"potions_floor_usage":[],"damage_taken":[{"damage":4,"enemies":"Jaw Worm","floor":1,"turns":4},{"damage":9,"enemies":"2 Louse","floor":3,"turns":3},{"damage":0,"enemies":"Cultist","floor":4,"turns":3},{"damage":28,"enemies":"Lagavulin","floor":7,"turns":8},{"damage":6,"enemies":"3 Sentries","floor":11,"turns":8},{"damage":5,"enemies":"Exordium Thugs","floor":13,"turns":4},{"damage":14,"enemies":"Lagavulin","floor":14,"turns":6},{"damage":6,"enemies":"Slime Boss","floor":16,"turns":7},{"damage":19,"enemies":"Chosen","floor":18,"turns":4},{"damage":10,"enemies":"3 Byrds","floor":21,"turns":5},{"damage":14,"floor":24,"turns":4},{"damage":1,"enemies":"3 Cultists","floor":25,"turns":4},{"damage":0,"enemies":"Centurion and Healer","floor":28,"turns":5},{"damage":14,"enemies":"Slaver and Parasite","floor":29,"turns":3},{"damage":13,"enemies":"Snecko","floor":30,"turns":6},{"damage":16,"enemies":"Slavers","floor":31,"turns":4},{"damage":4,"enemies":"Automaton","floor":33,"turns":6},{"damage":0,"enemies":"3 Darklings","floor":35,"turns":3},{"damage":1,"enemies":"Orb Walker","floor":39,"turns":2},{"damage":28,"enemies":"Nemesis","floor":41,"turns":6},{"damage":0,"enemies":"Maw","floor":45,"turns":3},{"damage":0,"enemies":"Sphere and 2 Shapes","floor":46,"turns":3},{"damage":0,"enemies":"3 Darklings","floor":48,"turns":3},{"damage":2,"enemies":"Donu and Deca","floor":50,"turns":3}],"seed_played":"193362553306028032","potions_obtained":[{"floor":1,"key":"SpeedPotion"},{"floor":3,"key":"SneckoOil"},{"floor":14,"key":"SpeedPotion"},{"floor":28,"key":"LiquidBronze"},{"floor":30,"key":"Weak Potion"},{"floor":41,"key":"FairyPotion"}],"is_trial":false,"path_per_floor":["M","?","M","M","?","R","E","R","T","R","E","$","M","E","R","B",null,"M","?","?","M","?","R","?","M","T","R","M","M","M","E","R","B",null,"M","?","?","$","M","R","E","R","T","R","M","M","$","M","R","B"],"character_chosen":"DEFECT","items_purchased":["Hologram","Incense Burner","Unceasing Top"],"campfire_rested":2,"item_purchase_floors":[12,38,38],"current_hp_per_floor":[64,31,34,46,46,46,30,30,30,52,46,46,41,39,39,45,68,49,49,49,39,39,39,37,48,48,48,48,46,45,41,41,49,69,69,69,69,69,68,68,40,40,40,40,40,40,40,40,62,60],"gold":73,"neow_bonus":"","is_prod":false,"is_daily":false,"chose_seed":false,"campfire_upgraded":9,"win_rate":0,"timestamp":1530356580,"path_taken":["M","?","M","M","?","R","E","R","T","R","E","$","?","E","R","BOSS","M","?","?","?","?","R","?","M","T","R","M","M","M","E","R","BOSS","M","?","?","?","?","R","E","R","T","R","M","M","$","M","R","BOSS"],"build_version":"2018-06-28","purchased_purges":3,"victory":true,"max_hp_per_floor":[75,75,75,75,75,75,75,75,75,75,75,75,75,75,75,75,75,75,75,75,75,75,75,75,75,75,75,75,75,75,75,75,75,75,75,75,75,75,75,75,75,75,75,75,75,75,75,75,75,75],"card_choices":[{"not_picked":["Rip and Tear","Leap"],"picked":"Gash","floor":1},{"not_picked":["Ball Lightning","Aggregate"],"picked":"Cold Snap","floor":3},{"not_picked":["Barrage","Tempest"],"picked":"Chill","floor":4},{"not_picked":["Reboot","Scrape"],"picked":"Hologram","floor":7},{"not_picked":["Turbo","White Noise"],"picked":"Gash","floor":11},{"not_picked":["Lockon","Reprogram"],"picked":"Gash","floor":13},{"not_picked":["Darkness","Static Discharge"],"picked":"Compile Driver","floor":14},{"not_picked":["Chaos","Barrage"],"picked":"Beam Cell","floor":18},{"not_picked":["FTL","Reinforced Body"],"picked":"Gash","floor":21},{"not_picked":["Force Field","Rebound"],"picked":"Gash","floor":24},{"not_picked":["Tempest+1","Machine Learning","Ball Lightning"],"picked":"SKIP","floor":25},{"not_picked":["Stack+1","Conserve Battery+1"],"picked":"Glacier+1","floor":28},{"not_picked":["Skim","Hello World"],"picked":"All For One","floor":29},{"not_picked":["Rip and Tear+1","Stack","Barrage+1"],"picked":"SKIP","floor":30},{"not_picked":["Tempest","Rebound","Scrape+1"],"picked":"SKIP","floor":31},{"not_picked":["Echo Form","Seek"],"picked":"All For One","floor":33},{"not_picked":["Beam Cell+1","Aggregate+1"],"picked":"Go for the Eyes+1","floor":35},{"not_picked":["Loop","Streamline"],"picked":"Capacitor+1","floor":39},{"not_picked":["Double Energy","Turbo+1"],"picked":"Gash+1","floor":41},{"not_picked":["FTL","Force Field"],"picked":"Conserve Battery","floor":45},{"not_picked":["Leap","Stack+1"],"picked":"Skim","floor":46},{"not_picked":["Skim","Rebound","Sweeping Beam"],"picked":"SKIP","floor":48}],"player_experience":530977,"relics_obtained":[{"floor":7,"key":"Ginger"},{"floor":9,"key":"Darkstone Periapt"},{"floor":11,"key":"Art of War"},{"floor":14,"key":"Orichalcum"},{"floor":24,"key":"Red Mask"},{"floor":26,"key":"Ancient Tea Set"},{"floor":31,"key":"Gambling Chip"},{"floor":41,"key":"Smiling Mask"},{"floor":43,"key":"Vajra"}],"event_choices":[{"event_name":"Scrap Ooze","player_choice":"success","floor":2,"damage_taken":33},{"event_name":"Match and Keep!","player_choice":"0 cards matched","floor":5,"damage_taken":0},{"event_name":"The Joust","player_choice":"Bet on Murderer","floor":19,"damage_taken":0},{"event_name":"Drug Dealer","player_choice":"Ignored","floor":20,"damage_taken":0},{"event_name":"Purifier","player_choice":"One Purge","floor":22,"damage_taken":0},{"event_name":"Masked Bandits","player_choice":"Fought over 218 gold","floor":24,"damage_taken":0},{"event_name":"Falling","player_choice":"Removed Skill","floor":36,"damage_taken":0},{"event_name":"Tomb of Lord Red Mask","player_choice":"Wore Mask","floor":37,"damage_taken":0}],"boss_relics":[{"not_picked":["Snecko Eye","Sozu"],"picked":"Pandora\u0027s Box"},{"not_picked":["Astrolabe","Fusion Hammer"],"picked":"Runic Dome"}],"items_purged_floors":[12,38,47],"is_endless":false,"potions_floor_spawned":[1,3,14,18,28,30,33,39,41,46,48],"ascension_level":10}