{"gold_per_floor":[114,131,56,72,92,92,1,27,27,27,44,57,73,102,102,204,204,217,251,268,268,268,268,268,268,268,268,279,298,312,312,312,409,409,424,524,524,538,549,549,565,581,581,596,607,622,371,371,371,371,371,371,96,128,128],"floor_reached":55,"playtime":4339,"items_purged":["Strike_R"],"score":667,"play_id":"ccb6e62e-0fb1-4c15-ac8e-f64eeef0d88a","local_time":"20190102032539","is_ascension_mode":false,"campfire_choices":[{"data":"Shockwave","floor":6.0,"key":"SMITH"},{"data":"Spot Weakness","floor":10.0,"key":"SMITH"},{"floor":15.0,"key":"REST"},{"data":"Corruption","floor":23.0,"key":"SMITH"},{"floor":25.0,"key":"REST"},{"floor":32.0,"key":"REST"},{"floor":40.0,"key":"REST"},{"floor":49.0,"key":"RECALL"},{"data":"Dark Embrace","floor":52.0,"key":"SMITH"}],"neow_cost":"NONE","seed_source_timestamp":0,"circlet_count":0,"master_deck":["Strike_R","Strike_R","Defend_R","Defend_R","Defend_R","Defend_R","Bash","Headbutt","Pommel Strike","Shockwave+1","Shrug It Off","Armaments","Headbutt","Spot Weakness+1","Inflame","Body Slam","Demon Form","Corruption+1","Havoc+1","Dark Embrace+1","Fiend Fire","Disarm+1","Flame Barrier+1","Parasite","Limit Break","Shrug It Off","Whirlwind"],"special_seed":0,"relics":["Burning Blood","Happy Flower","Letter Opener","Pantograph","Gremlin Horn","Runic Cube","Red Mask","Sozu","Unceasing Top","Blue Candle","Sundial","Bronze Scales","Ornamental Fan"],"potions_floor_usage":[],"damage_taken":[{"damage":6.0,"enemies":"Cultist","floor":1.0,"turns":3.0},{"damage":6.0,"enemies":"Jaw Worm","floor":2.0,"turns":5.0},{"damage":0.0,"enemies":"Small Slimes","floor":4.0,"turns":3.0},{"damage":3.0,"enemies":"2 Fungi Beasts","floor":5.0,"turns":4.0},{"damage":21.0,"enemies":"3 Sentries","floor":8.0,"turns":9.0},{"damage":19.0,"enemies":"Large Slime","floor":11.0,"turns":5.0},{"damage":7.0,"enemies":"Looter","floor":12.0,"turns":4.0},{"damage":5.0,"enemies":"3 Louse","floor":13.0,"turns":3.0},{"damage":26.0,"enemies":"Lagavulin","floor":14.0,"turns":7.0},{"damage":33.0,"enemies":"Hexaghost","floor":16.0,"turns":9.0},{"damage":19.0,"enemies":"3 Byrds","floor":18.0,"turns":5.0},{"damage":31.0,"enemies":"Masked Bandits","floor":19.0,"turns":4.0},{"damage":11.0,"enemies":"Chosen","floor":20.0,"turns":5.0},{"damage":0.0,"enemies":"Snake Plant","floor":22.0,"turns":1.0},{"damage":21.0,"enemies":"3 Cultists","floor":28.0,"turns":5.0},{"damage":13.0,"enemies":"Shelled Parasite and Fungi","floor":29.0,"turns":5.0},{"damage":6.0,"enemies":"Snake Plant","floor":30.0,"turns":4.0},{"damage":69.0,"enemies":"Automaton","floor":33.0,"turns":8.0},{"damage":4.0,"enemies":"Orb Walker","floor":35.0,"turns":3.0},{"damage":30.0,"enemies":"Mind Bloom Boss Battle","floor":36.0,"turns":6.0},{"damage":39.0,"enemies":"3 Darklings","floor":38.0,"turns":5.0},{"damage":0.0,"enemies":"Writhing Mass","floor":39.0,"turns":4.0},{"damage":17.0,"enemies":"Sphere and 2 Shapes","floor":41.0,"turns":5.0},{"damage":22.0,"enemies":"Maw","floor":42.0,"turns":6.0},{"damage":9.0,"enemies":"Writhing Mass","floor":44.0,"turns":9.0},{"damage":13.0,"enemies":"3 Darklings","floor":45.0,"turns":5.0},{"damage":0.0,"enemies":"Sphere and 2 Shapes","floor":46.0,"turns":5.0},{"damage":65.0,"enemies":"Donu and Deca","floor":50.0,"turns":7.0},{"damage":34.0,"enemies":"Shield and Spear","floor":54.0,"turns":5.0},{"damage":67,"enemies":"The Heart","floor":55,"turns":6}],"seed_played":"4793972723257662290","potions_obtained":[{"floor":11.0,"key":"SkillPotion"},{"floor":12.0,"key":"Poison Potion"},{"floor":14.0,"key":"SmokeBomb"},{"floor":16.0,"key":"LiquidBronze"},{"floor":20.0,"key":"Fire Potion"},{"floor":29.0,"key":"Poison Potion"}],"is_trial":false,"path_per_floor":["M","M","$","M","M","R","$","E","T","R","M","M","M","E","R","B",null,"M","?","M","$","M","R","?","R","T","?","M","M","M","$","R","B",null,"M","?","?","M","M","R","M","M","T","M","M","M","$","?","R","B",null,"R","$","E","B"],"character_chosen":"IRONCLAD","items_purchased":["Armaments","Headbutt","Sundial","Bronze Scales","Shrug It Off","Whirlwind"],"campfire_rested":4,"item_purchase_floors":[7,7,47,53,53,53],"current_hp_per_floor":[80,80,80,80,80,80,80,65,65,65,52,51,52,32,56,53,80,67,42,37,37,43,43,43,67,67,67,52,45,45,45,69,17,80,80,56,56,23,29,53,42,26,26,23,16,22,22,70,70,11,70,70,70,42,0],"gold":128,"neow_bonus":"RANDOM_COMMON_RELIC","is_prod":false,"is_daily":false,"chose_seed":false,"campfire_upgraded":4,"win_rate":0,"timestamp":1546417539,"path_taken":["M","M","$","M","M","R","$","E","T","R","M","M","M","E","R","BOSS","M","?","M","$","M","R","?","R","T","?","M","M","M","?","R","BOSS","M","?","?","?","M","R","M","M","T","M","M","?","$","?","R","BOSS","R","$","E","BOSS"],"build_version":"2018-12-20","purchased_purges":1,"victory":false,"max_hp_per_floor":[80,80,80,80,80,80,80,80,80,80,80,80,80,80,80,80,80,80,80,80,80,80,80,80,80,80,80,80,80,80,80,80,80,80,80,80,80,80,80,80,80,80,80,80,80,80,80,70,70,70,70,70,70,70,70],"card_choices":[{"not_picked":["Wild Strike","Armaments"],"picked":"Headbutt","floor":1.0},{"not_picked":["Twin Strike","Wild Strike"],"picked":"Pommel Strike","floor":2.0},{"not_picked":["Rupture","Combust"],"picked":"Shockwave","floor":4.0},{"not_picked":["Pommel Strike","Shockwave"],"picked":"Shrug It Off","floor":5.0},{"not_picked":["Warcry","Offering"],"picked":"Spot Weakness","floor":8.0},{"not_picked":["Intimidate","Dropkick","Twin Strike"],"picked":"SKIP","floor":11.0},{"not_picked":["Heavy Blade","Iron Wave","Wild Strike"],"picked":"SKIP","floor":12.0},{"not_picked":["Anger","Hemokinesis"],"picked":"Inflame","floor":13.0},{"not_picked":["Thunderclap","Uppercut"],"picked":"Body Slam","floor":14.0},{"not_picked":["Berserk","Double Tap"],"picked":"Demon Form","floor":16.0},{"not_picked":["Flex","Pommel Strike","Havoc"],"picked":"SKIP","floor":18.0},{"not_picked":["Warcry","Body Slam"],"picked":"Corruption","floor":20.0},{"not_picked":["Cleave","Twin Strike","Sentinel"],"picked":"SKIP","floor":28.0},{"not_picked":["Twin Strike","Heavy Blade"],"picked":"Havoc+1","floor":29.0},{"not_picked":["Rupture","Cleave"],"picked":"Dark Embrace","floor":30.0},{"not_picked":["Reaper","Immolate"],"picked":"Fiend Fire","floor":33.0},{"not_picked":["Shockwave+1","Body Slam","Perfected Strike+1"],"picked":"SKIP","floor":35.0},{"not_picked":["Body Slam+1","Anger"],"picked":"Disarm+1","floor":36.0},{"not_picked":["Battle Trance","Ghostly Armor"],"picked":"Flame Barrier+1","floor":38.0},{"not_picked":["Body Slam","Heavy Blade","Pommel Strike+1"],"picked":"SKIP","floor":39.0},{"not_picked":["Shrug It Off","Sword Boomerang","Evolve+1"],"picked":"SKIP","floor":41.0},{"not_picked":["Clothesline","Blood for Blood","Heavy Blade"],"picked":"SKIP","floor":42.0},{"not_picked":["Bloodletting","Corruption+1","Havoc"],"picked":"SKIP","floor":44.0},{"not_picked":["Hemokinesis+1","Flame Barrier","True Grit+1"],"picked":"SKIP","floor":45.0},{"not_picked":["Carnage+1","Clothesline+1"],"picked":"Limit Break","floor":46.0},{"not_picked":["Headbutt+1","Carnage+1","Anger"],"picked":"SKIP","floor":54.0}],"player_experience":395530,"relics_obtained":[{"floor":8.0,"key":"Letter Opener"},{"floor":9.0,"key":"Pantograph"},{"floor":14.0,"key":"Gremlin Horn"},{"floor":19.0,"key":"Red Mask"},{"floor":36.0,"key":"Unceasing Top"},{"floor":43.0,"key":"Blue Candle"},{"floor":54.0,"key":"Ornamental Fan"}],"event_choices":[{"damage_healed":0.0,"max_hp_gain":0.0,"max_hp_loss":0.0,"gold_gain":0.0,"event_name":"Masked Bandits","player_choice":"Fought Bandits","floor":19.0,"gold_loss":0.0,"damage_taken":0.0},{"cards_removed":["Strike_R"],"damage_healed":0.0,"max_hp_gain":0.0,"max_hp_loss":0.0,"gold_gain":0.0,"event_name":"Back to Basics","player_choice":"Elegance","floor":24.0,"gold_loss":0.0,"damage_taken":0.0},{"damage_healed":0.0,"max_hp_gain":0.0,"max_hp_loss":0.0,"gold_gain":0.0,"event_name":"Beggar","player_choice":"Ignored","floor":27.0,"gold_loss":0.0,"damage_taken":0.0},{"damage_healed":0.0,"max_hp_gain":0.0,"max_hp_loss":0.0,"gold_gain":0.0,"event_name":"MindBloom","player_choice":"Fight","floor":36.0,"gold_loss":0.0,"damage_taken":0.0},{"cards_removed":["Strike_R"],"damage_healed":0.0,"max_hp_gain":0.0,"max_hp_loss":0.0,"gold_gain":0.0,"event_name":"Purifier","player_choice":"Purged","floor":37.0,"gold_loss":0.0,"damage_taken":0.0},{"damage_healed":70.0,"max_hp_gain":0.0,"max_hp_loss":10.0,"gold_gain":0.0,"event_name":"The Moai Head","player_choice":"Heal","floor":48.0,"gold_loss":0.0,"damage_taken":0.0}],"is_beta":false,"boss_relics":[{"not_picked":["Philosopher\u0027s Stone","Runic Pyramid"],"picked":"Runic Cube"},{"not_picked":["Busted Crown","Mark of Pain"],"picked":"Sozu"}],"items_purged_floors":[3],"is_endless":false,"potions_floor_spawned":[11,12,14,16,20,22,29,39,42,45,46],"killed_by":"The Heart","ascension_level":0}