{"gold_per_floor":[116,116,4,23,23,23,40,72,72,86,86],"floor_reached":11,"playtime":556,"items_purged":["Strike_B"],"score":73,"play_id":"0712fdac-5163-46e5-acd5-429aa662b77e","local_time":"20180708013752","is_ascension_mode":false,"campfire_choices":[{"data":"Defragment","floor":6,"key":"SMITH"}],"neow_cost":"FIFTY_PERCENT_DAMAGE","seed_source_timestamp":305953982970018,"circlet_count":0,"master_deck":["Strike_B","Defend_B","Defend_B","Defend_B","Defend_B","Zap","Dualcast","Capacitor","Defragment+1","Hologram","Doom and Gloom","Fusion","Cold Snap"],"relics":["Cracked Core","Bird Faced Urn","Bottled Tornado","Oddly Smooth Stone"],"potions_floor_usage":[10,11],"damage_taken":[{"damage":0,"enemies":"Jaw Worm","floor":1,"turns":4},{"damage":0,"enemies":"Cultist","floor":4,"turns":3},{"damage":8,"enemies":"2 Louse","floor":7,"turns":4},{"damage":32,"enemies":"3 Sentries","floor":8,"turns":6},{"damage":11,"enemies":"Blue Slaver","floor":10,"turns":4},{"damage":8,"enemies":"Gremlin Nob","floor":11,"turns":2}],"seed_played":"-5412079413118042782","potions_obtained":[{"floor":4,"key":"Swift Potion"},{"floor":7,"key":"SkillPotion"},{"floor":8,"key":"Ancient Potion"}],"is_trial":false,"path_per_floor":["M","?","$","M","?","R","M","E","T","M"],"character_chosen":"DEFECT","items_purchased":["Defragment"],"campfire_rested":0,"item_purchase_floors":[3],"current_hp_per_floor":[38,38,38,42,42,42,38,10,10,3,0],"gold":86,"neow_bonus":"ONE_RARE_RELIC","is_prod":false,"is_daily":false,"chose_seed":false,"campfire_upgraded":1,"win_rate":0,"timestamp":1531039072,"path_taken":["M","?","$","M","?","R","?","E","T","M","E"],"build_version":"2018-07-05","purchased_purges":1,"victory":false,"max_hp_per_floor":[75,75,75,75,75,75,75,75,75,75,75],"card_choices":[{"not_picked":["Redo","Ball Lightning"],"picked":"Capacitor","floor":1},{"not_picked":["Reinforced Body","Blizzard"],"picked":"Hologram","floor":4},{"not_picked":["Reinforced Body","Stack"],"picked":"Doom and Gloom","floor":7},{"not_picked":["Rebound","Blizzard"],"picked":"Fusion","floor":8},{"not_picked":["Reinforced Body","Streamline"],"picked":"Cold Snap","floor":10}],"player_experience":128070,"relics_obtained":[{"floor":8,"key":"Bottled Tornado"},{"floor":9,"key":"Oddly Smooth Stone"}],"event_choices":[{"event_name":"Bonfire Elementals","player_choice":"BASIC","floor":2,"damage_taken":0},{"event_name":"Living Wall","player_choice":"Forget","floor":5,"damage_taken":0}],"boss_relics":[],"items_purged_floors":[3],"is_endless":false,"potions_floor_spawned":[4,7,8],"killed_by":"Gremlin Nob","ascension_level":0}