{"path_per_floor":["M","M","M","M","?","E","R","?","T","R","E","M","E","$","R","B",null,"M","$","?","M","M","E","R","M","T","R","E","M","E","$","R","B",null,"M","$","M","?","?","E","R","M","T","?","E","R","M","M","R","B"],"character_chosen":"DEFECT","items_purchased":["Skim","Omamori","Sunder"],"gold_per_floor":[109,120,140,157,157,182,182,182,182,182,210,223,255,126,126,230,230,250,7,7,19,33,66,66,78,78,78,112,122,151,26,26,121,121,140,105,119,0,0,32,32,47,47,47,73,73,83,93,93,93],"floor_reached":51,"campfire_rested":1,"playtime":1918,"current_hp_per_floor":[75,68,68,63,56,49,49,49,49,49,49,49,48,48,48,21,80,77,77,77,71,51,34,34,34,34,73,73,63,63,63,63,63,80,80,80,80,80,80,55,55,37,37,37,49,49,49,52,52,29],"items_purged":["Strike_B","Fission","Barrage"],"gold":93,"score":969,"play_id":"7a167133-4082-4410-b81b-1829a17a6512","local_time":"20180508213124","is_prod":false,"is_daily":false,"chose_seed":false,"is_ascension_mode":true,"campfire_upgraded":8,"timestamp":1525782684,"path_taken":["M","M","M","M","?","E","R","?","T","R","E","M","E","$","R","BOSS","M","$","?","M","M","E","R","M","T","R","E","?","E","$","R","BOSS","M","?","M","?","?","E","R","M","T","?","E","R","?","M","R","BOSS"],"build_version":"2018-05-07","seed_source_timestamp":484958860721587,"purchased_purges":3,"victory":true,"master_deck":["Strike_B","Defend_B","Defend_B","Defend_B","Defend_B","Dualcast","Sunder+1","Beam Cell+1","Reinforced Body+1","Seek","Skim","Hyperbeam+1","Go for the Eyes+1","Sunder+1","Leap+1","Rebound","Streamline+1","Sunder+1","Beam Cell+1","Leap+1","Finesse","Skim+1","Go for the Eyes+1"],"max_hp_per_floor":[75,75,75,75,75,80,80,80,80,80,80,80,80,80,80,80,80,80,80,80,80,80,80,80,80,80,80,80,80,80,80,80,80,80,80,80,80,80,80,80,80,80,80,80,80,80,80,80,80,80],"relics":["Cracked Core","Lantern","Bottled Flame","Peace Pipe","Regal Pillow","Sozu","Omamori","Dream Catcher","Kunai","Blue Candle","Pantograph","Velvet Choker","Red Mask","Happy Flower","Meat on the Bone","Matryoshka"],"card_choices":[{"not_picked":["Conserve Battery","Blizzard"],"picked":"Sunder","floor":1.0},{"not_picked":["Stack","Loop"],"picked":"Beam Cell","floor":2.0},{"not_picked":["Leap","Skim"],"picked":"Reinforced Body","floor":3.0},{"not_picked":["Hologram","Beam Cell"],"picked":"Seek","floor":4.0},{"not_picked":["Capacitor","Recycle"],"picked":"Fission","floor":6.0},{"not_picked":["Turbo","Sweeping Beam"],"picked":"Barrage","floor":11.0},{"not_picked":["Rainbow","Biased Cognition"],"picked":"Hyperbeam","floor":16.0},{"not_picked":["Coolheaded","Rebound"],"picked":"Go for the Eyes","floor":18.0},{"not_picked":["Ball Lightning","Aggregate"],"picked":"Sunder","floor":23.0},{"not_picked":["Cold Snap","Beam Cell"],"picked":"Leap","floor":25.0},{"not_picked":["Blizzard","Turbo"],"picked":"Rebound","floor":29.0},{"not_picked":["Storm","Ball Lightning"],"picked":"Streamline","floor":35},{"not_picked":["All For One","Stack"],"picked":"Beam Cell","floor":40},{"not_picked":["Hello World","Turbo"],"picked":"Leap","floor":42},{"not_picked":["Mind Blast","Purity"],"picked":"Finesse","floor":44},{"not_picked":["Heatsinks","Thunder Strike"],"picked":"Skim","floor":45},{"not_picked":["Skim","Capacitor"],"picked":"Go for the Eyes","floor":47}],"player_experience":481606,"potions_floor_usage":[50],"damage_taken":[{"damage":0.0,"enemies":"Small Slimes","floor":1.0,"turns":3.0},{"damage":7.0,"enemies":"Jaw Worm","floor":2.0,"turns":3.0},{"damage":0.0,"enemies":"2 Louse","floor":3.0,"turns":2.0},{"damage":5.0,"enemies":"2 Fungi Beasts","floor":4.0,"turns":3.0},{"damage":12.0,"enemies":"Lagavulin","floor":6.0,"turns":7.0},{"damage":0.0,"enemies":"Gremlin Nob","floor":11.0,"turns":3.0},{"damage":0.0,"enemies":"Looter","floor":12.0,"turns":1.0},{"damage":1.0,"enemies":"Lagavulin","floor":13.0,"turns":5.0},{"damage":27.0,"enemies":"Slime Boss","floor":16.0,"turns":8.0},{"damage":3.0,"enemies":"Chosen","floor":18.0,"turns":3.0},{"damage":6.0,"enemies":"3 Byrds","floor":21.0,"turns":3.0},{"damage":20.0,"enemies":"Sentry and Sphere","floor":22.0,"turns":4.0},{"damage":17.0,"enemies":"Book of Stabbing","floor":23.0,"turns":7.0},{"damage":0.0,"enemies":"Cultist and Chosen","floor":25.0,"turns":5.0},{"damage":0.0,"enemies":"Slavers","floor":28.0,"turns":1.0},{"damage":10.0,"enemies":"Snecko","floor":29.0,"turns":3.0},{"damage":0.0,"enemies":"Gremlin Leader","floor":30.0,"turns":5.0},{"damage":17.0,"enemies":"Automaton","floor":33.0,"turns":10.0},{"damage":0,"enemies":"3 Shapes","floor":35,"turns":2},{"damage":0,"enemies":"Flame Bruiser 1 Orb","floor":37,"turns":4},{"damage":25,"enemies":"2 Orb Walkers","floor":40,"turns":5},{"damage":18,"enemies":"Maw","floor":42,"turns":5},{"damage":0,"enemies":"Nemesis","floor":45,"turns":3},{"damage":0,"enemies":"Flame Bruiser 2 Orb","floor":47,"turns":3},{"damage":9,"enemies":"Spire Growth","floor":48,"turns":2},{"damage":60,"enemies":"Donu and Deca","floor":50,"turns":9}],"event_choices":[{"event_name":"Golden Wing","player_choice":"Card Removal","floor":5.0,"damage_taken":0.0},{"event_name":"Liars Game","player_choice":"disagreed","floor":8.0,"damage_taken":0.0},{"event_name":"The Lab","player_choice":"Got Potions","floor":20.0,"damage_taken":0.0},{"event_name":"Tomb of Lord Red Mask","player_choice":"Paid","floor":38,"damage_taken":0},{"event_name":"SensoryStone","player_choice":"Memory 1","floor":44,"damage_taken":0}],"boss_relics":[],"potions_floor_spawned":[1,2,4,13,22,23,28,30,35,40,42,47],"seed_played":"-3150012513795615147","ascension_level":2,"is_trial":false}