{"path_per_floor":["M","M","M","M","$","R","?","R","T","R","M","M","M","?","R","B",null,"M","?","?","M","M","R","E","R","T","?","R","M","M","M","R"],"character_chosen":"IRONCLAD","items_purchased":["Shockwave"],"gold_per_floor":[114,128,140,157,43,43,43,43,43,43,55,71,88,38,38,136,136,150,150,250,266,276,276,301,301,328,328,328,343,360,380,380],"floor_reached":33,"campfire_rested":2,"playtime":1342,"current_hp_per_floor":[77,77,75,56,56,56,56,56,56,56,53,50,35,35,61,27,88,60,60,60,61,51,51,39,39,39,39,39,21,26,16,46],"items_purged":["Strike_R"],"gold":380,"score":338,"play_id":"c4d40002-07c3-485a-bdcd-a015733a811b","is_prod":false,"is_daily":false,"is_ascension_mode":true,"campfire_upgraded":6,"path_taken":["M","M","M","?","?","R","?","R","T","R","M","M","M","?","R","BOSS","M","?","?","?","M","R","E","R","T","?","R","M","M","M","R","BOSS"],"build_version":"2018-02-08-PROD1","purchased_purges":1,"victory":false,"master_deck":["Strike_R","Strike_R","Strike_R","Defend_R","Defend_R","Defend_R","Defend_R","Bash+1","Dual Wield","Corruption+1","Carnage+1","Shockwave+1","Clash","Pommel Strike+1","Feed+1","Iron Wave+1","Flex+1","Bloodletting+1","Headbutt+1","Demon Form","Battle Trance+1"],"max_hp_per_floor":[88,88,88,88,88,88,88,88,88,88,88,88,88,88,88,88,88,91,91,91,91,95,95,95,95,95,95,95,99,103,103,103],"relics":["Burning Blood","Frozen Eye","Runic Cube","Bronze Scales","Nloth\u0027s Gift"],"card_choices":[{"not_picked":["Pummel","Power Through"],"picked":"Dual Wield"},{"not_picked":["Anger","Flex"],"picked":"Corruption"},{"not_picked":["Wild Strike","Clash"],"picked":"Carnage"},{"not_picked":["Rage","Sword Boomerang"],"picked":"Clash"},{"not_picked":["Brutality","Hemokinesis"],"picked":"Pommel Strike"},{"not_picked":["Double Tap","Juggernaut"],"picked":"Feed"},{"not_picked":["Corruption","Clothesline"],"picked":"Iron Wave"},{"not_picked":["Body Slam","Twin Strike"],"picked":"Flex"},{"not_picked":["True Grit","Iron Wave"],"picked":"Bloodletting"},{"not_picked":["Sever Soul","Blood for Blood"],"picked":"Headbutt"},{"not_picked":["Perfected Strike","Shrug It Off"],"picked":"Demon Form"},{"not_picked":["True Grit","Pommel Strike"],"picked":"Battle Trance"}],"player_experience":178359,"potions_floor_usage":[18,22,24,24,31,33],"damage_taken":[{"damage":17,"enemies":"Blue Slaver","floor":1,"turns":5},{"damage":6,"enemies":"2 Louse","floor":2,"turns":2},{"damage":8,"enemies":"Jaw Worm","floor":3,"turns":5},{"damage":25,"enemies":"3 Louse","floor":4,"turns":5},{"damage":9,"enemies":"Exordium Wildlife","floor":11,"turns":4},{"damage":9,"enemies":"Red Slaver","floor":12,"turns":3},{"damage":21,"enemies":"Large Slime","floor":13,"turns":5},{"damage":40,"enemies":"Slime Boss","floor":16,"turns":6},{"damage":37,"enemies":"Spheric Guardian","floor":18,"turns":6},{"damage":5,"enemies":"Chosen","floor":21,"turns":3},{"damage":20,"enemies":"Snecko","floor":22,"turns":4},{"damage":33,"enemies":"Gremlin Leader","floor":24,"turns":9},{"damage":28,"enemies":"Slaver and Parasite","floor":29,"turns":4},{"damage":5,"enemies":"3 Cultists","floor":30,"turns":4},{"damage":16,"enemies":"Snake Plant","floor":31,"turns":2},{"damage":82,"enemies":"Collector","floor":33,"turns":7}],"event_choices":[{"event_name":"The Lab","player_choice":"Got Potions","floor":7,"damage_taken":0},{"event_name":"The Cleric","player_choice":"Card Removal","floor":14,"damage_taken":0},{"event_name":"Upgrade Shrine","player_choice":"Upgraded","floor":19,"damage_taken":0},{"event_name":"Golden Shrine","player_choice":"Pray","floor":20,"damage_taken":0},{"event_name":"N\u0027loth","player_choice":"Traded a Anchor","floor":27,"damage_taken":0}],"boss_relics":[{"not_picked":["Question Card","Sozu"],"picked":"Runic Cube"}],"potions_floor_spawned":[1,3,12,13,21,29,31],"seed_played":"-8872489041879835318","killed_by":"Collector","ascension_level":4,"is_trial":false}