{"gold_per_floor":[110,120,138,154,72,72,91,91,91,166,17,17,17,48,48,48],"floor_reached":16,"playtime":547,"items_purged":["Strike_R"],"score":225,"play_id":"09e1b32f-f13b-4179-8232-5a8fe5ec0772","local_time":"20190204213537","is_ascension_mode":true,"campfire_choices":[{"data":"Uppercut","floor":6,"key":"SMITH"},{"floor":8,"key":"REST"},{"floor":12,"key":"REST"},{"data":"Feel No Pain","floor":15,"key":"SMITH"}],"neow_cost":"NONE","seed_source_timestamp":207280151652935,"circlet_count":0,"master_deck":["AscendersBane","Strike_R","Strike_R","Strike_R","Strike_R","Defend_R","Defend_R","Defend_R","Defend_R","Bash","Uppercut+1","Disarm","Spot Weakness","Feel No Pain+1"],"relics":["Burning Blood","Thread and Needle","Mango"],"potions_floor_usage":[4,16,16],"damage_taken":[{"damage":2,"enemies":"Cultist","floor":1,"turns":4},{"damage":7,"enemies":"Small Slimes","floor":2,"turns":3},{"damage":7,"enemies":"Jaw Worm","floor":3,"turns":3},{"damage":46,"enemies":"Gremlin Gang","floor":4,"turns":5},{"damage":5,"enemies":"3 Louse","floor":7,"turns":5},{"damage":17,"enemies":"Gremlin Nob","floor":14,"turns":4},{"damage":79,"enemies":"Hexaghost","floor":16,"turns":10}],"seed_played":"486918941417790807","potions_obtained":[{"floor":3,"key":"SteroidPotion"},{"floor":14,"key":"EntropicBrew"}],"is_trial":false,"path_per_floor":["M","M","M","M","?","R","M","R","T","?","$","R","$","E","R","B"],"character_chosen":"IRONCLAD","items_purchased":["Spot Weakness"],"campfire_rested":2,"item_purchase_floors":[11],"current_hp_per_floor":[79,78,77,37,37,37,38,62,62,51,51,75,75,78,78,0],"gold":48,"neow_bonus":"TEN_PERCENT_HP_BONUS","is_prod":false,"is_daily":false,"chose_seed":false,"campfire_upgraded":2,"win_rate":0,"timestamp":1549344937,"path_taken":["M","M","?","M","?","R","?","R","T","?","$","R","?","E","R","BOSS"],"build_version":"2019-01-23","purchased_purges":1,"victory":false,"max_hp_per_floor":[82,82,82,82,82,82,82,82,82,82,82,82,82,96,96,96],"card_choices":[{"not_picked":["Cleave","Havoc"],"picked":"Uppercut","floor":1},{"not_picked":["Body Slam","Perfected Strike","Havoc"],"picked":"SKIP","floor":2},{"not_picked":["Iron Wave","Blood for Blood","Infernal Blade"],"picked":"SKIP","floor":3},{"not_picked":["Heavy Blade","Pommel Strike","Thunderclap"],"picked":"SKIP","floor":4},{"not_picked":["Cleave","Rampage"],"picked":"Disarm","floor":7},{"not_picked":["Fiend Fire","Rampage"],"picked":"Feel No Pain","floor":14}],"player_experience":711512,"relics_obtained":[{"floor":14,"key":"Mango"}],"event_choices":[{"damage_healed":0,"gold_gain":0,"player_choice":"Paid Gold","damage_taken":0,"relics_obtained":["Thread and Needle"],"max_hp_gain":0,"max_hp_loss":0,"event_name":"WeMeetAgain","floor":5,"gold_loss":82},{"damage_healed":0,"gold_gain":75,"player_choice":"Gather Gold","damage_taken":11,"max_hp_gain":0,"max_hp_loss":0,"event_name":"World of Goop","floor":10,"gold_loss":0}],"is_beta":false,"boss_relics":[],"items_purged_floors":[11],"is_endless":false,"potions_floor_spawned":[3,14],"killed_by":"Hexaghost","ascension_level":20}