{"gold_per_floor":[109,184,198,198,210,240,258,270,323,355,128,142,142,170,170,265,265,283,0,0,19,19,19],"floor_reached":23,"playtime":874,"items_purged":["Defend_R"],"score":211,"play_id":"f9cd5470-0b64-4f8f-adba-c002c8b61702","local_time":"20181215111043","is_ascension_mode":false,"campfire_choices":[{"floor":13,"key":"REST"},{"floor":15,"key":"REST"}],"neow_cost":"NONE","seed_source_timestamp":196928319565418,"circlet_count":0,"master_deck":["Strike_R","Strike_R","Strike_R+1","Strike_R","Strike_R","Defend_R","Defend_R","Defend_R","Bash","Thunderclap+1","Ghostly Armor","Clash","Whirlwind","Bludgeon","Iron Wave","Inflame","Double Tap","Flame Barrier"],"relics":["Burning Blood","Ancient Tea Set","Vajra","Blue Candle","Happy Flower","Whetstone","Mark of Pain","Juzu Bracelet"],"potions_floor_usage":[3,6,8,18],"damage_taken":[{"damage":6,"enemies":"2 Louse","floor":1,"turns":3},{"damage":0,"enemies":"Small Slimes","floor":3,"turns":4},{"damage":6,"enemies":"Cultist","floor":5,"turns":3},{"damage":40,"enemies":"Lagavulin","floor":6,"turns":7},{"damage":6,"enemies":"Exordium Wildlife","floor":7,"turns":2},{"damage":5,"enemies":"Looter","floor":8,"turns":2},{"damage":14,"enemies":"Gremlin Nob","floor":10,"turns":3},{"damage":12,"enemies":"Gremlin Gang","floor":12,"turns":4},{"damage":22,"enemies":"3 Sentries","floor":14,"turns":4},{"damage":40,"enemies":"Hexaghost","floor":16,"turns":7},{"damage":20,"enemies":"2 Thieves","floor":18,"turns":2},{"damage":7,"enemies":"Shell Parasite","floor":21,"turns":4},{"damage":65,"enemies":"Slavers","floor":23,"turns":4}],"seed_played":"-189661329740580072","potions_obtained":[{"floor":1,"key":"SkillPotion"},{"floor":5,"key":"LiquidBronze"},{"floor":6,"key":"FearPotion"},{"floor":14,"key":"Explosive Potion"},{"floor":18,"key":"Ancient Potion"}],"is_trial":false,"path_per_floor":["M","?","M","?","M","E","M","M","T","E","$","M","R","E","R","B",null,"M","?","?","M","$","E"],"character_chosen":"IRONCLAD","items_purchased":["Happy Flower"],"campfire_rested":2,"item_purchase_floors":[11],"current_hp_per_floor":[80,69,75,75,75,41,41,42,42,34,34,28,52,36,60,26,80,66,66,66,65,65,0],"gold":19,"neow_bonus":"THREE_CARDS","is_prod":false,"is_daily":false,"chose_seed":false,"campfire_upgraded":0,"win_rate":0,"timestamp":1544890243,"path_taken":["M","?","M","?","M","E","M","M","T","E","$","?","R","E","R","BOSS","M","?","?","M","$","E"],"build_version":"2018-12-13","purchased_purges":1,"victory":false,"max_hp_per_floor":[80,80,80,80,80,80,80,80,80,80,80,80,80,80,80,80,80,80,80,80,80,80,80],"card_choices":[{"not_picked":["Uppercut","Hemokinesis"],"picked":"Thunderclap","floor":0},{"not_picked":["Reckless Charge","Body Slam"],"picked":"Ghostly Armor","floor":1},{"not_picked":["Pommel Strike","Seeing Red"],"picked":"Clash","floor":3},{"not_picked":["Evolve","Metallicize","Sever Soul"],"picked":"SKIP","floor":5},{"not_picked":["Headbutt","Iron Wave"],"picked":"Whirlwind","floor":6},{"not_picked":["Warcry","Clothesline","Evolve"],"picked":"SKIP","floor":7},{"not_picked":["Armaments","Anger"],"picked":"Bludgeon","floor":8},{"not_picked":["Sword Boomerang","Wild Strike"],"picked":"Iron Wave","floor":10},{"not_picked":["Havoc","Dual Wield","Twin Strike"],"picked":"SKIP","floor":12},{"not_picked":["Barricade","Warcry"],"picked":"Inflame","floor":14},{"not_picked":["Exhume","Fiend Fire"],"picked":"Double Tap","floor":16},{"not_picked":["Cleave","Wild Strike"],"picked":"Flame Barrier","floor":18},{"not_picked":["Corruption+1","Dual Wield","Intimidate"],"picked":"SKIP","floor":21}],"player_experience":310189,"relics_obtained":[{"floor":6,"key":"Ancient Tea Set"},{"floor":9,"key":"Vajra"},{"floor":10,"key":"Blue Candle"},{"floor":14,"key":"Whetstone"}],"event_choices":[{"damage_healed":0,"gold_gain":75,"player_choice":"Gather Gold","damage_taken":11,"max_hp_gain":0,"max_hp_loss":0,"event_name":"World of Goop","floor":2,"gold_loss":0},{"damage_healed":0,"gold_gain":0,"player_choice":"Bought 0 Potions","damage_taken":0,"max_hp_gain":0,"max_hp_loss":0,"event_name":"The Woman in Blue","floor":4,"gold_loss":0},{"damage_healed":0,"gold_gain":0,"player_choice":"Paid Fearfully","damage_taken":0,"max_hp_gain":0,"max_hp_loss":0,"event_name":"Masked Bandits","floor":19,"gold_loss":283},{"damage_healed":0,"gold_gain":0,"player_choice":"Gave Potion","damage_taken":0,"relics_obtained":["Juzu Bracelet"],"max_hp_gain":0,"max_hp_loss":0,"event_name":"WeMeetAgain","floor":20,"gold_loss":0}],"is_beta":false,"boss_relics":[{"not_picked":["White Beast Statue","Runic Pyramid"],"picked":"Mark of Pain"}],"items_purged_floors":[11],"is_endless":false,"potions_floor_spawned":[1,5,6,14,18],"killed_by":"Slavers","ascension_level":0}