{"gold_per_floor":[113,113,125,125,50,50,63,63,118,118,128,145,161,61,61,164,164,180,55,55,72,72,72,107,120,120,0,26,26,77,77],"floor_reached":31,"playtime":934,"items_purged":["True Grit","True Grit","Havoc"],"score":288,"play_id":"31d148b1-d146-471a-a729-73ac2e3eaec3","local_time":"20181221171738","daily_mods":["Insanity"],"is_ascension_mode":false,"campfire_choices":[{"data":"Perfected Strike","floor":6,"key":"SMITH"},{"data":"Perfected Strike","floor":10,"key":"SMITH"},{"data":"Whirlwind","floor":15,"key":"SMITH"},{"data":"Limit Break","floor":23,"key":"SMITH"}],"neow_cost":"","seed_source_timestamp":0,"circlet_count":0,"master_deck":["Battle Trance","Reckless Charge","Dual Wield","Sword Boomerang","Feel No Pain","Anger","Pommel Strike","Havoc","Shrug It Off","Evolve","Wild Strike","Wild Strike","Iron Wave","Iron Wave","Anger","Headbutt","Intimidate","Shrug It Off","Pommel Strike","Cleave","Flex","Shrug It Off","Flame Barrier","Cleave","Warcry","Inflame","Wild Strike","Twin Strike","True Grit","Clothesline","Rage","Warcry","Pommel Strike","Perfected Strike+1","Cleave","Sword Boomerang","Perfected Strike+1","Disarm","Whirlwind+1","Clothesline","Intimidate","Reckless Charge","Limit Break+1"],"relics":["Burning Blood","Blood Vial","Empty Cage","MutagenicStrength","Molten Egg 2","Mummified Hand","Du-Vu Doll","Centennial Puzzle"],"potions_floor_usage":[16,16,21,24,25,28],"damage_taken":[{"damage":7,"enemies":"Jaw Worm","floor":1,"turns":4},{"damage":6,"enemies":"Cultist","floor":3,"turns":3},{"damage":1,"enemies":"2 Louse","floor":7,"turns":2},{"damage":0,"enemies":"Looter","floor":11,"turns":2},{"damage":13,"enemies":"Red Slaver","floor":12,"turns":4},{"damage":8,"enemies":"2 Fungi Beasts","floor":13,"turns":2},{"damage":39,"enemies":"Hexaghost","floor":16,"turns":8},{"damage":0,"enemies":"Spheric Guardian","floor":18,"turns":3},{"damage":0,"enemies":"Chosen","floor":21,"turns":2},{"damage":45,"enemies":"Gremlin Leader","floor":24,"turns":3},{"damage":16,"enemies":"3 Cultists","floor":25,"turns":4},{"damage":41,"enemies":"Slavers","floor":28,"turns":5},{"damage":0,"enemies":"Centurion and Healer","floor":31,"turns":1}],"seed_played":"-8245999881841050409","potions_obtained":[{"floor":1,"key":"Explosive Potion"},{"floor":3,"key":"Regen Potion"},{"floor":13,"key":"Ancient Potion"},{"floor":16,"key":"SteroidPotion"},{"floor":18,"key":"Fire Potion"},{"floor":21,"key":"Dexterity Potion"},{"floor":25,"key":"Swift Potion"}],"is_trial":true,"path_per_floor":["M","?","M","?","$","R","M","?","T","R","M","M","M","$","R","B",null,"M","$","?","M","?","R","E","M","T","?","E","$","T","M"],"character_chosen":"IRONCLAD","items_purchased":[],"campfire_rested":0,"item_purchase_floors":[],"current_hp_per_floor":[79,79,79,79,79,79,80,80,80,80,80,73,73,73,73,42,80,80,80,80,80,80,80,41,45,45,45,12,12,12,14],"gold":77,"neow_bonus":"","is_prod":false,"is_daily":false,"chose_seed":false,"campfire_upgraded":4,"win_rate":0,"timestamp":1545430658,"path_taken":["M","?","?","?","$","R","M","?","T","R","M","?","M","$","R","BOSS","M","$","?","M","?","R","E","M","T","?","E","$","?","M"],"build_version":"2018-12-20","purchased_purges":3,"victory":false,"max_hp_per_floor":[80,80,80,80,80,80,80,80,80,80,80,80,80,80,80,80,80,80,80,80,80,80,80,80,80,80,80,80,80,80,80],"card_choices":[{"not_picked":["Armaments","True Grit","Feel No Pain"],"picked":"SKIP","floor":1},{"not_picked":["Sever Soul","Infernal Blade","Warcry"],"picked":"SKIP","floor":3},{"not_picked":["Headbutt","Dropkick","Thunderclap"],"picked":"SKIP","floor":7},{"not_picked":["Anger","Armaments","Heavy Blade"],"picked":"SKIP","floor":11},{"not_picked":["Entrench","Uppercut","Havoc"],"picked":"SKIP","floor":12},{"not_picked":["Body Slam","Armaments","Blood for Blood"],"picked":"SKIP","floor":13},{"not_picked":["Demon Form","Impervious"],"picked":"Limit Break","floor":16},{"not_picked":["Iron Wave","Shrug It Off+1","Wild Strike+1"],"picked":"SKIP","floor":18},{"not_picked":["Clothesline","Seeing Red+1","Dropkick+1"],"picked":"SKIP","floor":21},{"not_picked":["Clash+1","Uppercut+1","Rage"],"picked":"SKIP","floor":24},{"not_picked":["Power Through","Battle Trance+1","Thunderclap+1"],"picked":"SKIP","floor":25},{"not_picked":["Heavy Blade+1","Power Through","Disarm+1"],"picked":"SKIP","floor":28}],"player_experience":330207,"relics_obtained":[{"floor":9,"key":"Blood Vial"},{"floor":24,"key":"Molten Egg 2"},{"floor":26,"key":"Mummified Hand"},{"floor":28,"key":"Du-Vu Doll"},{"floor":30,"key":"Centennial Puzzle"}],"event_choices":[{"cards_removed":["Sentinel"],"damage_healed":0,"gold_gain":0,"player_choice":"Card Removal","damage_taken":0,"max_hp_gain":0,"max_hp_loss":0,"event_name":"Wheel of Change","floor":2,"gold_loss":0},{"cards_removed":["True Grit"],"damage_healed":0,"gold_gain":0,"player_choice":"Forget","damage_taken":0,"max_hp_gain":0,"max_hp_loss":0,"event_name":"Living Wall","floor":4,"gold_loss":0},{"cards_removed":["True Grit"],"damage_healed":0,"gold_gain":0,"player_choice":"Purged","damage_taken":0,"max_hp_gain":0,"max_hp_loss":0,"event_name":"Purifier","floor":8,"gold_loss":0},{"damage_healed":0,"gold_gain":0,"player_choice":"Inject Mutagens","damage_taken":0,"relics_obtained":["MutagenicStrength"],"max_hp_gain":0,"max_hp_loss":0,"event_name":"Drug Dealer","floor":20,"gold_loss":0},{"damage_healed":0,"gold_gain":0,"player_choice":"Paid Fearfully","damage_taken":0,"max_hp_gain":0,"max_hp_loss":0,"event_name":"Masked Bandits","floor":27,"gold_loss":120}],"is_beta":false,"boss_relics":[{"not_picked":["Black Blood","Runic Pyramid"],"picked":"Empty Cage"}],"items_purged_floors":[5,14,19],"is_endless":false,"potions_floor_spawned":[1,3,13,16,18,21,25],"killed_by":"Centurion and Healer","ascension_level":0}