{"gold_per_floor":[114,124,104,104,279,279,294,311,365,365,315,335,335,191,191,295,295,312,237,59,2,101,131,85,85,109,109,129,148,148],"floor_reached":30,"playtime":987,"items_purged":["Doubt","Strike_B"],"score":283,"play_id":"eb03a72b-1f03-41b8-a076-d7dd0d38fe0e","local_time":"20180915121929","is_ascension_mode":true,"campfire_choices":[{"data":"Redo","floor":6,"key":"SMITH"},{"data":"Ball Lightning","floor":10,"key":"SMITH"},{"data":"Conserve Battery","floor":13,"key":"SMITH"},{"data":"Darkness","floor":15,"key":"SMITH"},{"data":"Redo","floor":25,"key":"SMITH"},{"floor":27,"key":"REST"}],"neow_cost":"NONE","seed_source_timestamp":64774775177025,"circlet_count":0,"master_deck":["Strike_B+1","Defend_B","Defend_B","Defend_B","Defend_B+1","Zap+1","Dualcast","Multi-Cast","Redo+1","Darkness+1","Echo Form","Ball Lightning+1","Conserve Battery+1","Darkness+1","Machine Learning","Self Repair","Rebound","Redo+1","Ball Lightning+1","Capacitor"],"relics":["Cracked Core","War Paint","Black Star","Pen Nib","Whetstone","Oddly Smooth Stone","Boot"],"potions_floor_usage":[23,30],"damage_taken":[{"damage":0,"enemies":"Small Slimes","floor":1,"turns":2},{"damage":6,"enemies":"Cultist","floor":2,"turns":3},{"damage":2,"enemies":"Jaw Worm","floor":7,"turns":2},{"damage":0,"enemies":"Large Slime","floor":8,"turns":3},{"damage":0,"enemies":"2 Fungi Beasts","floor":12,"turns":2},{"damage":14,"enemies":"Slime Boss","floor":16,"turns":7},{"damage":18,"enemies":"Chosen","floor":18,"turns":5},{"damage":27,"enemies":"Book of Stabbing","floor":23,"turns":7},{"damage":12,"enemies":"3 Byrds","floor":28,"turns":5},{"damage":27,"enemies":"Centurion and Healer","floor":29,"turns":7},{"damage":34,"enemies":"Shelled Parasite and Fungi","floor":30,"turns":3}],"seed_played":"-8375789048570828401","potions_obtained":[{"floor":7,"key":"SkillPotion"},{"floor":8,"key":"EssenceOfSteel"},{"floor":16,"key":"Strength Potion"},{"floor":18,"key":"Regen Potion"},{"floor":29,"key":"EssenceOfSteel"}],"is_trial":false,"path_per_floor":["M","M","?","?","?","R","M","M","T","R","?","M","R","$","R","B",null,"M","?","$","?","?","E","$","R","T","R","M","M"],"character_chosen":"DEFECT","items_purchased":["Darkness","Self Repair","Redo"],"campfire_rested":1,"item_purchase_floors":[14,20,24],"current_hp_per_floor":[75,69,69,69,69,69,67,67,67,67,67,67,67,67,67,53,75,57,57,57,57,57,37,37,37,37,59,54,34,0],"gold":148,"neow_bonus":"ONE_RANDOM_RARE_CARD","is_prod":false,"is_daily":false,"chose_seed":false,"campfire_upgraded":5,"win_rate":0,"timestamp":1537028369,"path_taken":["M","M","?","?","?","R","M","M","T","R","?","M","R","$","R","BOSS","M","?","$","?","?","E","$","R","T","R","M","M","?"],"build_version":"2018-09-06","purchased_purges":2,"victory":false,"max_hp_per_floor":[75,75,75,75,75,75,75,75,75,75,75,75,75,75,75,75,75,75,75,75,75,75,75,75,75,75,75,75,75,75],"card_choices":[{"not_picked":["Rebound","Leap"],"picked":"Redo","floor":1},{"not_picked":["Capacitor","Gash"],"picked":"Darkness","floor":2},{"not_picked":["Recycle","Ball Lightning"],"picked":"Echo Form","floor":7},{"not_picked":["Double Energy","Beam Cell"],"picked":"Ball Lightning","floor":8},{"not_picked":["Steam","Fusion"],"picked":"Conserve Battery","floor":12},{"not_picked":["Hyperbeam","Buffer"],"picked":"Machine Learning","floor":16},{"not_picked":["Go for the Eyes","Beam Cell","Scrape"],"picked":"SKIP","floor":18},{"not_picked":["Chill","Stack"],"picked":"Rebound","floor":23},{"not_picked":["Storm","Scrape"],"picked":"Ball Lightning+1","floor":28},{"not_picked":["Streamline","Coolheaded"],"picked":"Capacitor","floor":29}],"player_experience":184079,"relics_obtained":[{"floor":9,"key":"War Paint"},{"floor":23,"key":"Whetstone"},{"floor":23,"key":"Oddly Smooth Stone"},{"floor":26,"key":"Boot"}],"event_choices":[{"event_name":"The Woman in Blue","player_choice":"Bought 1 Potion","floor":3,"damage_taken":0},{"event_name":"Living Wall","player_choice":"Grow","floor":4,"damage_taken":0},{"event_name":"Liars Game","player_choice":"agreed","floor":5,"damage_taken":0},{"event_name":"The Cleric","player_choice":"Card Removal","floor":11,"damage_taken":0},{"event_name":"Beggar","player_choice":"Gave Gold","floor":19,"damage_taken":0},{"event_name":"WeMeetAgain","player_choice":"Gold","floor":21,"damage_taken":0},{"event_name":"Nest","player_choice":"Stole From Cult","floor":22,"damage_taken":0}],"is_beta":false,"boss_relics":[{"not_picked":["Orrery","Runic Pyramid"],"picked":"Black Star"}],"items_purged_floors":[14,20],"is_endless":false,"potions_floor_spawned":[7,8,16,18,29],"killed_by":"Shelled Parasite and Fungi","ascension_level":4}