{"gold_per_floor":[115,39,58,70,20,20,34,34,34,58,58,102,27,52,52,178,178,201,24,24,49,49,49,74,74,74,97,120,120,41,140,140,264,264,280,304,363,383,98,141,162,202,202,202,226,73,88,88,88,88],"floor_reached":51,"playtime":2728,"items_purged":["Injury","Strike_B"],"score":784,"play_id":"360a2f50-c302-49eb-bf6d-65556dd1e491","local_time":"20180818160241","is_ascension_mode":false,"campfire_choices":[{"data":"Heatsinks","floor":6,"key":"SMITH"},{"floor":11,"key":"REST"},{"floor":15,"key":"REST"},{"data":"White Noise","floor":23,"key":"SMITH"},{"data":"Amplify","floor":29,"key":"SMITH"},{"data":"Storm","floor":32,"key":"SMITH"},{"data":"1","floor":44,"key":"LIFT"},{"data":"2","floor":49,"key":"LIFT"}],"neow_cost":"NONE","seed_source_timestamp":46744521790769,"circlet_count":0,"master_deck":["Strike_B","Defend_B","Defend_B","Defend_B","Zap","Dualcast","Capacitor","Storm","Genetic Algorithm","Heatsinks+1","Storm+1","Buffer","Amplify+1","White Noise+1","Self Repair","Leap","Capacitor","Barrage+1","Hello World","Echo Form","Reinforced Body+1","Defragment","Loop+1","Barrage+1","Steam Power+1","Biased Cognition","Self Repair+1","Barrage+1","Biased Cognition","Static Discharge"],"relics":["Cracked Core","Golden Idol","Girya","Bird Faced Urn","Nuclear Battery","Molten Egg 2","Bottled Lightning","Fusion Hammer","Prayer Wheel","Ice Cream","Bag of Preparation","Art of War","Darkstone Periapt","Anchor"],"potions_floor_usage":[16,28,50],"damage_taken":[{"damage":1,"enemies":"Cultist","floor":1,"turns":3},{"damage":5,"enemies":"Small Slimes","floor":3,"turns":4},{"damage":3,"enemies":"2 Louse","floor":4,"turns":3},{"damage":26,"enemies":"Exordium Thugs","floor":7,"turns":5},{"damage":5,"enemies":"Looter","floor":10,"turns":4},{"damage":38,"enemies":"Gremlin Nob","floor":12,"turns":5},{"damage":3,"enemies":"Blue Slaver","floor":14,"turns":5},{"damage":0,"enemies":"Slime Boss","floor":16,"turns":5},{"damage":15,"enemies":"2 Thieves","floor":18,"turns":4},{"damage":8,"enemies":"3 Byrds","floor":21,"turns":5},{"damage":72,"enemies":"3 Cultists","floor":24,"turns":6},{"damage":0,"enemies":"Snecko","floor":27,"turns":5},{"damage":24,"enemies":"Shelled Parasite and Fungi","floor":28,"turns":7},{"damage":45,"enemies":"Automaton","floor":33,"turns":10},{"damage":7,"enemies":"3 Shapes","floor":35,"turns":2},{"damage":26,"enemies":"3 Darklings","floor":36,"turns":4},{"damage":11,"floor":37,"turns":4},{"damage":22,"enemies":"Flame Bruiser 2 Orb","floor":38,"turns":3},{"damage":0,"enemies":"Giant Head","floor":40,"turns":5},{"damage":0,"enemies":"4 Shapes","floor":41,"turns":2},{"damage":0,"enemies":"2 Orb Walkers","floor":42,"turns":3},{"damage":0,"enemies":"Maw","floor":45,"turns":2},{"damage":0,"enemies":"3 Darklings","floor":47,"turns":1},{"damage":36,"enemies":"Donu and Deca","floor":50,"turns":4}],"seed_played":"2095178023957373438","potions_obtained":[{"floor":1,"key":"Weak Potion"},{"floor":3,"key":"SkillPotion"},{"floor":10,"key":"Strength Potion"},{"floor":12,"key":"PowerPotion"},{"floor":16,"key":"Swift Potion"},{"floor":18,"key":"FocusPotion"},{"floor":33,"key":"Poison Potion"},{"floor":35,"key":"FocusPotion"}],"is_trial":false,"path_per_floor":["M","$","M","M","?","R","M","?","T","M","R","E","$","M","R","B",null,"M","$","?","M","?","R","M","?","T","M","M","R","$","?","R","B",null,"M","M","?","M","$","E","M","E","T","R","M","$","M","?","R","B"],"character_chosen":"DEFECT","items_purchased":["Storm","Self Repair","Hello World","Ice Cream","Anchor"],"campfire_rested":2,"item_purchase_floors":[2,19,30,39,46],"current_hp_per_floor":[74,74,69,66,66,66,40,40,40,35,57,19,19,26,48,62,75,66,66,66,75,75,75,19,19,19,51,52,52,52,52,52,27,75,75,64,72,64,64,75,75,75,75,75,75,75,75,75,75,54],"gold":88,"neow_bonus":"REMOVE_CARD","is_prod":false,"is_daily":false,"chose_seed":false,"campfire_upgraded":4,"win_rate":0,"timestamp":1534622561,"path_taken":["M","$","M","M","?","R","?","?","T","M","R","E","$","M","R","BOSS","M","$","?","M","?","R","?","?","T","M","?","R","$","?","R","BOSS","M","M","?","?","$","E","M","E","T","R","M","?","?","?","R","BOSS"],"build_version":"2018-08-16","purchased_purges":2,"victory":true,"max_hp_per_floor":[75,75,75,75,75,75,75,75,75,75,75,75,75,75,75,75,75,75,75,75,75,75,75,75,75,75,75,75,75,75,75,75,75,75,75,75,75,75,75,75,75,75,75,75,75,75,75,75,75,75],"card_choices":[{"not_picked":["Blizzard","Go for the Eyes"],"picked":"Capacitor","floor":1},{"not_picked":["Coolheaded","Beam Cell"],"picked":"Genetic Algorithm","floor":3},{"not_picked":["Reprogram","Chaos"],"picked":"Heatsinks","floor":4},{"not_picked":["Hologram","Barrage"],"picked":"Storm","floor":7},{"not_picked":["Chill","Rebound","Rip and Tear"],"picked":"SKIP","floor":10},{"not_picked":["BootSequence","Gash"],"picked":"Buffer","floor":12},{"not_picked":["Rebound","Coolheaded","Barrage"],"picked":"SKIP","floor":14},{"not_picked":["Seek","Hyperbeam"],"picked":"Amplify","floor":16},{"not_picked":["Loop","Storm"],"picked":"White Noise","floor":18},{"not_picked":["Streamline+1","Redo","Barrage+1"],"picked":"SKIP","floor":21},{"not_picked":["Scrape+1","Chill"],"picked":"Leap","floor":24},{"not_picked":["Stack+1","Storm"],"picked":"Capacitor","floor":27},{"not_picked":["Steam","Genetic Algorithm"],"picked":"Barrage+1","floor":28},{"not_picked":["Meteor Strike+1","Core Surge+1"],"picked":"Echo Form","floor":33},{"not_picked":["Leap","Rebound+1"],"picked":"Reinforced Body+1","floor":35},{"not_picked":["Redo","FTL+1"],"picked":"Defragment","floor":36},{"not_picked":["Aggregate","Barrage+1"],"picked":"Loop+1","floor":37},{"not_picked":["Beam Cell+1","Darkness+1"],"picked":"Barrage+1","floor":38},{"not_picked":["Ball Lightning+1","Melter+1"],"picked":"Steam Power+1","floor":38},{"not_picked":["Beam Cell+1","Skim"],"picked":"Biased Cognition","floor":40},{"not_picked":["Fusion","Reinforced Body"],"picked":"Self Repair+1","floor":41},{"not_picked":["Turbo+1","Compile Driver+1"],"picked":"Barrage+1","floor":41},{"not_picked":["Melter+1","Steam"],"picked":"Biased Cognition","floor":42},{"not_picked":["Sweeping Beam+1","Hologram","Rebound+1"],"picked":"SKIP","floor":45},{"not_picked":["FTL+1","Conserve Battery+1","Reprogram"],"picked":"SKIP","floor":45},{"not_picked":["Recycle","Streamline+1"],"picked":"Static Discharge","floor":47},{"not_picked":["Coolheaded","Go for the Eyes+1","Stack+1"],"picked":"SKIP","floor":47}],"player_experience":93771,"relics_obtained":[{"floor":9,"key":"Girya"},{"floor":12,"key":"Bird Faced Urn"},{"floor":26,"key":"Bottled Lightning"},{"floor":37,"key":"Prayer Wheel"},{"floor":40,"key":"Bag of Preparation"},{"floor":42,"key":"Art of War"},{"floor":43,"key":"Darkstone Periapt"}],"event_choices":[{"event_name":"The Cleric","player_choice":"Card Removal","floor":5,"damage_taken":0},{"event_name":"Golden Idol","player_choice":"Take Wound","floor":8,"damage_taken":0},{"event_name":"The Mausoleum","player_choice":"Yes","floor":20,"damage_taken":0},{"event_name":"Addict","player_choice":"Ignored","floor":22,"damage_taken":0},{"event_name":"The Woman in Blue","player_choice":"Bought 0 Potions","floor":25,"damage_taken":0},{"event_name":"Nest","player_choice":"Stole From Cult","floor":31,"damage_taken":0},{"event_name":"Mysterious Sphere","player_choice":"Fight","floor":37,"damage_taken":0},{"event_name":"Wheel of Change","player_choice":"Card Removal","floor":48,"damage_taken":0}],"is_beta":false,"boss_relics":[{"not_picked":["Coffee Dripper","Ectoplasm"],"picked":"Nuclear Battery"},{"not_picked":["Snecko Eye","White Beast Statue"],"picked":"Fusion Hammer"}],"items_purged_floors":[13,19],"is_endless":false,"potions_floor_spawned":[1,3,10,12,16,18,33,35,38,41,42,45],"ascension_level":0}