{"gold_per_floor":[10,20,20,37,49,49,69,103,103,133,133,162,207,235,247,333,345,370,228,228,241,141,141,16,30,30,30,50,64,64],"floor_reached":30,"playtime":1076,"items_purged":["Strike_R","Strike_R","Strike_R"],"score":457,"play_id":"de1c7fea-7999-488f-a1f6-4d2f069a1ce1","local_time":"20181025003014","is_ascension_mode":true,"campfire_choices":[{"data":"Bash","floor":6.0,"key":"SMITH"},{"floor":15.0,"key":"REST"},{"floor":23.0,"key":"REST"},{"floor":27,"key":"REST"}],"neow_cost":"NO_GOLD","seed_source_timestamp":479271393566565,"circlet_count":0,"master_deck":["Defend_R","Defend_R","Defend_R","Bash+1","AscendersBane","Anger","Spot Weakness","Carnage","Metallicize","Sword Boomerang","Reckless Charge+1","Anger+1","Anger+1","Limit Break+1","Rage+1"],"special_seed":0,"relics":["Burning Blood","Unceasing Top","Molten Egg 2","Darkstone Periapt","MawBank","Toxic Egg 2","Runic Cube","Singing Bowl"],"potions_floor_usage":[],"damage_taken":[{"damage":1.0,"enemies":"Cultist","floor":1.0,"turns":3.0},{"damage":2.0,"enemies":"Jaw Worm","floor":2.0,"turns":3.0},{"damage":10.0,"enemies":"2 Louse","floor":4.0,"turns":3.0},{"damage":26.0,"enemies":"Lots of Slimes","floor":5.0,"turns":4.0},{"damage":9.0,"enemies":"Large Slime","floor":7.0,"turns":5.0},{"damage":7.0,"enemies":"Gremlin Nob","floor":8.0,"turns":3.0},{"damage":24.0,"enemies":"Lagavulin","floor":10.0,"turns":5.0},{"damage":9.0,"enemies":"Looter","floor":12.0,"turns":3.0},{"damage":6.0,"enemies":"3 Sentries","floor":13.0,"turns":6.0},{"damage":10.0,"enemies":"Exordium Thugs","floor":14.0,"turns":3.0},{"damage":24.0,"enemies":"The Guardian","floor":16.0,"turns":9.0},{"damage":16.0,"enemies":"3 Byrds","floor":18.0,"turns":3.0},{"damage":37.0,"enemies":"Colosseum Slavers","floor":20.0,"turns":5.0},{"damage":15.0,"enemies":"Shell Parasite","floor":21.0,"turns":3.0},{"damage":33,"enemies":"Sentry and Sphere","floor":25,"turns":6},{"damage":15,"enemies":"Shelled Parasite and Fungi","floor":28,"turns":5},{"damage":19,"enemies":"Snake Plant","floor":29,"turns":3},{"damage":11,"enemies":"Book of Stabbing","floor":30,"turns":2}],"seed_played":"904137383635042880","potions_obtained":[{"floor":1.0,"key":"Block Potion"},{"floor":4.0,"key":"EssenceOfSteel"},{"floor":8.0,"key":"Strength Potion"},{"floor":18.0,"key":"Energy Potion"},{"floor":28,"key":"Explosive Potion"}],"is_trial":false,"path_per_floor":["M","M","?","M","M","R","M","E","T","E","?","M","E","M","R","B",null,"M","$","?","M","$","R","$","M","T","R","M","M"],"character_chosen":"IRONCLAD","items_purchased":["Rage+1"],"campfire_rested":3,"item_purchase_floors":[19],"current_hp_per_floor":[73,75,75,71,51,51,48,47,47,29,24,21,21,17,39,21,62,52,52,21,12,12,34,34,7,7,29,22,11,0],"gold":64,"neow_bonus":"REMOVE_TWO","is_prod":false,"is_daily":false,"chose_seed":false,"campfire_upgraded":1,"win_rate":0,"timestamp":1540395014,"path_taken":["M","M","?","M","M","R","M","E","T","E","?","M","E","?","R","BOSS","M","$","?","M","?","R","$","M","T","R","M","M","E"],"build_version":"2018-10-18","purchased_purges":3,"victory":false,"max_hp_per_floor":[75,75,75,75,75,75,75,75,75,75,75,75,75,75,75,75,75,75,75,75,75,75,75,75,75,75,75,77,79,79],"card_choices":[{"not_picked":["Searing Blow","Intimidate"],"picked":"Anger","floor":1.0},{"not_picked":["Iron Wave","Heavy Blade"],"picked":"Spot Weakness","floor":2.0},{"not_picked":["Pommel Strike","Sword Boomerang"],"picked":"Carnage","floor":4.0},{"not_picked":["Wild Strike","Flex"],"picked":"Metallicize","floor":5.0},{"not_picked":["Clash","True Grit"],"picked":"Sword Boomerang","floor":7.0},{"not_picked":["Bludgeon","Infernal Blade","Burning Pact"],"picked":"SKIP","floor":8.0},{"not_picked":["Intimidate","Corruption"],"picked":"Reckless Charge+1","floor":10.0},{"not_picked":["Second Wind","Perfected Strike+1"],"picked":"Anger+1","floor":12.0},{"not_picked":["Clothesline+1","Heavy Blade+1"],"picked":"Anger+1","floor":13.0},{"not_picked":["Burning Pact+1","Twin Strike+1","Inflame"],"picked":"SKIP","floor":14.0},{"not_picked":["Barricade","Feed+1"],"picked":"Limit Break+1","floor":16.0},{"not_picked":["Clothesline+1","Ghostly Armor+1","Twin Strike+1"],"picked":"SKIP","floor":18.0},{"not_picked":["Body Slam+1","Evolve","Uppercut+1"],"picked":"SKIP","floor":21.0},{"not_picked":["Heavy Blade+1","Twin Strike+1","Rupture"],"picked":"SKIP","floor":25},{"not_picked":["Anger+1","Bloodletting+1","Iron Wave+1"],"picked":"Singing Bowl","floor":28},{"not_picked":["Inflame","Wild Strike+1","Thunderclap+1"],"picked":"Singing Bowl","floor":29}],"player_experience":717038,"relics_obtained":[{"floor":8.0,"key":"Unceasing Top"},{"floor":9.0,"key":"Molten Egg 2"},{"floor":10.0,"key":"Darkstone Periapt"},{"floor":13.0,"key":"Toxic Egg 2"},{"floor":26,"key":"Singing Bowl"}],"event_choices":[{"cards_removed":["Strike_R"],"damage_healed":0.0,"max_hp_gain":0.0,"max_hp_loss":0.0,"gold_gain":0.0,"event_name":"Bonfire Elementals","player_choice":"Offered Basic","floor":3.0,"gold_loss":0.0,"damage_taken":0.0},{"damage_healed":0.0,"max_hp_gain":0.0,"max_hp_loss":0.0,"gold_gain":0.0,"event_name":"Scrap Ooze","player_choice":"Success","floor":11.0,"gold_loss":0.0,"damage_taken":5.0,"relics_obtained":["MawBank"]},{"damage_healed":0.0,"max_hp_gain":0.0,"max_hp_loss":0.0,"gold_gain":0.0,"event_name":"Colosseum","player_choice":"Fight","floor":20.0,"gold_loss":0.0,"damage_taken":0.0},{"damage_healed":0.0,"max_hp_gain":0.0,"max_hp_loss":0.0,"gold_gain":0.0,"event_name":"Colosseum","player_choice":"Fled From Nobs","floor":20.0,"gold_loss":0.0,"damage_taken":0.0}],"is_beta":false,"boss_relics":[{"not_picked":["Eternal Feather","Calling Bell"],"picked":"Runic Cube"}],"items_purged_floors":[19,22,24],"is_endless":false,"potions_floor_spawned":[1,4,8,12,18,28],"killed_by":"Book of Stabbing","ascension_level":16}