{"gold_per_floor":[110,125,125,75,87,122,122,150,150,150],"floor_reached":10,"playtime":419,"items_purged":[],"score":106,"play_id":"cfb14daf-eed5-4935-8e02-cc519918f3d1","local_time":"20190218135122","is_ascension_mode":true,"campfire_choices":[],"neow_cost":"TEN_PERCENT_HP_LOSS","seed_source_timestamp":226359223649791,"circlet_count":0,"master_deck":["Strike_R","Strike_R","Strike_R","Defend_R","Defend_R","Defend_R","Bash","Bandage Up","Purity","Shrug It Off","Armaments","Berserk","Iron Wave"],"relics":["Burning Blood","Pen Nib","Bottled Tornado"],"potions_floor_usage":[6,6,8],"damage_taken":[{"damage":0,"enemies":"Small Slimes","floor":1,"turns":3},{"damage":5,"enemies":"Jaw Worm","floor":2,"turns":4},{"damage":12,"enemies":"Cultist","floor":5,"turns":5},{"damage":54,"enemies":"Gremlin Nob","floor":6,"turns":5},{"damage":10,"enemies":"Lagavulin","floor":8,"turns":11},{"damage":23,"enemies":"3 Louse","floor":10,"turns":3}],"seed_played":"-1691026820182442074","potions_obtained":[{"floor":1,"key":"Poison Potion"},{"floor":5,"key":"Dexterity Potion"},{"floor":6,"key":"PowerPotion"},{"floor":8,"key":"SteroidPotion"}],"is_trial":false,"path_per_floor":["M","M","?","?","M","E","?","E","T","M"],"character_chosen":"IRONCLAD","items_purchased":[],"campfire_rested":0,"item_purchase_floors":[],"current_hp_per_floor":[72,72,65,65,63,19,19,19,19,0],"gold":150,"neow_bonus":"RANDOM_COLORLESS_2","is_prod":false,"is_daily":false,"chose_seed":false,"campfire_upgraded":0,"win_rate":0,"timestamp":1550487082,"path_taken":["M","M","?","?","M","E","?","E","T","?"],"build_version":"2019-01-23","purchased_purges":0,"victory":false,"max_hp_per_floor":[72,72,72,72,72,72,72,72,72,72],"card_choices":[{"not_picked":["Heavy Blade","Pummel"],"picked":"Shrug It Off","floor":1},{"not_picked":["Corruption","Evolve","Reckless Charge"],"picked":"SKIP","floor":2},{"not_picked":["Second Wind","True Grit"],"picked":"Armaments","floor":5},{"not_picked":["Pummel","Havoc"],"picked":"Berserk","floor":6},{"not_picked":["Sword Boomerang","Perfected Strike"],"picked":"Iron Wave","floor":8}],"player_experience":317613,"relics_obtained":[{"floor":6,"key":"Pen Nib"},{"floor":8,"key":"Bottled Tornado"}],"event_choices":[{"cards_removed":["Strike_R"],"damage_healed":0,"gold_gain":0,"player_choice":"Card Removal","damage_taken":7,"max_hp_gain":0,"max_hp_loss":0,"event_name":"Golden Wing","floor":3,"gold_loss":0},{"cards_removed":["Defend_R"],"damage_healed":0,"gold_gain":0,"player_choice":"Card Removal","damage_taken":0,"max_hp_gain":0,"max_hp_loss":0,"event_name":"The Cleric","floor":4,"gold_loss":50},{"cards_removed":["Strike_R"],"damage_healed":0,"gold_gain":0,"player_choice":"Purged","damage_taken":0,"max_hp_gain":0,"max_hp_loss":0,"event_name":"Purifier","floor":7,"gold_loss":0}],"is_beta":false,"boss_relics":[],"items_purged_floors":[],"is_endless":false,"potions_floor_spawned":[1,5,6,8],"killed_by":"3 Louse","ascension_level":8}