{"gold_per_floor":[117,127,202,53,70,70,70,87,169,188,218,237,237,249,249,326,326,338,338,352,352,368,368,293,293,293,313,329,329,329,329,329,408,408,426,439,456,456],"floor_reached":38,"playtime":2143,"items_purged":["Strike_R"],"score":649,"play_id":"f249d34c-7cf0-4760-867d-ee7c6bdea930","local_time":"20181117193722","is_ascension_mode":true,"campfire_choices":[{"data":"Bash","floor":7,"key":"SMITH"},{"data":"True Grit","floor":13,"key":"SMITH"},{"data":"Rampage","floor":15,"key":"SMITH"},{"data":"Armaments","floor":23,"key":"SMITH"},{"data":"True Grit","floor":25,"key":"SMITH"},{"data":"Feel No Pain","floor":29,"key":"SMITH"},{"floor":32,"key":"REST"}],"neow_cost":"NONE","seed_source_timestamp":206526923082224,"circlet_count":0,"master_deck":["AscendersBane","Strike_R","Strike_R","Defend_R","Defend_R","Defend_R","Defend_R","Bash+1","Havoc","Iron Wave","Feel No Pain+1","Shrug It Off","True Grit+1","Demon Form","Armaments+1","True Grit+1","Rampage+1","Double Tap","Carnage","Havoc+1","Headbutt","Demon Form","Dark Shackles","Reaper","Evolve","Battle Trance"],"relics":["Black Blood","NlothsMask","Lantern","Shuriken","Pantograph","Fusion Hammer"],"potions_floor_usage":[8,19,22,33],"damage_taken":[{"damage":1,"enemies":"2 Louse","floor":1,"turns":4},{"damage":10,"enemies":"Small Slimes","floor":2,"turns":5},{"damage":7,"enemies":"Cultist","floor":5,"turns":5},{"damage":12,"enemies":"Looter","floor":8,"turns":4},{"damage":0,"enemies":"Blue Slaver","floor":10,"turns":5},{"damage":14,"enemies":"Lagavulin","floor":11,"turns":10},{"damage":6,"enemies":"2 Fungi Beasts","floor":12,"turns":5},{"damage":11,"enemies":"Gremlin Gang","floor":14,"turns":11},{"damage":21,"enemies":"The Guardian","floor":16,"turns":11},{"damage":17,"enemies":"Shell Parasite","floor":18,"turns":9},{"damage":12,"enemies":"Chosen","floor":19,"turns":4},{"damage":40,"enemies":"Snake Plant","floor":20,"turns":6},{"damage":8,"enemies":"Snecko","floor":22,"turns":5},{"damage":22,"enemies":"Shelled Parasite and Fungi","floor":27,"turns":7},{"damage":12,"enemies":"Centurion and Healer","floor":28,"turns":7},{"damage":46,"enemies":"Champ","floor":33,"turns":11},{"damage":10,"enemies":"3 Shapes","floor":35,"turns":17},{"damage":17,"enemies":"Orb Walker","floor":36,"turns":5},{"damage":68,"enemies":"Spire Growth","floor":37,"turns":7},{"damage":27,"enemies":"Jaw Worm Horde","floor":38,"turns":2}],"seed_played":"8379065291427034172","potions_obtained":[{"floor":1,"key":"SkillPotion"},{"floor":2,"key":"Explosive Potion"},{"floor":8,"key":"FearPotion"},{"floor":16,"key":"SmokeBomb"},{"floor":20,"key":"Block Potion"},{"floor":22,"key":"Swift Potion"},{"floor":36,"key":"FearPotion"}],"is_trial":false,"path_per_floor":["M","M","?","$","M","?","R","M","T","M","E","M","R","M","R","B",null,"M","M","M","?","M","R","?","R","T","M","M","R","?","?","R","B",null,"M","M","M","M"],"character_chosen":"IRONCLAD","items_purchased":["Feel No Pain"],"campfire_rested":1,"item_purchase_floors":[4],"current_hp_per_floor":[73,69,58,58,57,57,57,51,51,57,49,49,49,44,44,29,64,57,55,25,50,52,52,52,52,52,40,38,38,38,38,60,39,66,75,68,21,0],"gold":456,"neow_bonus":"REMOVE_CARD","is_prod":false,"is_daily":false,"chose_seed":false,"campfire_upgraded":6,"win_rate":0,"timestamp":1542501442,"path_taken":["M","M","?","$","M","?","R","?","T","M","E","M","R","M","R","BOSS","M","M","M","?","M","R","?","R","T","M","M","R","?","?","R","BOSS","M","M","M","?"],"build_version":"2018-11-15","purchased_purges":1,"victory":false,"max_hp_per_floor":[75,75,75,75,75,75,75,75,75,75,75,75,75,75,75,75,75,75,75,75,75,75,75,75,75,75,75,75,75,75,75,75,75,75,75,75,75,75],"card_choices":[{"not_picked":["Fire Breathing","Clash"],"picked":"Havoc","floor":1},{"not_picked":["Infernal Blade","Clothesline"],"picked":"Iron Wave","floor":2},{"not_picked":["Iron Wave","Thunderclap"],"picked":"Shrug It Off","floor":5},{"not_picked":["Whirlwind","Power Through"],"picked":"True Grit","floor":8},{"not_picked":["Combust","Perfected Strike"],"picked":"Demon Form","floor":10},{"not_picked":["Iron Wave","Carnage"],"picked":"Armaments","floor":11},{"not_picked":["Sword Boomerang","Havoc"],"picked":"True Grit","floor":12},{"not_picked":["Evolve","Thunderclap"],"picked":"Rampage","floor":14},{"not_picked":["Bludgeon","Immolate"],"picked":"Double Tap","floor":16},{"not_picked":["Sword Boomerang+1","Clothesline"],"picked":"Carnage","floor":18},{"not_picked":["Armaments","Flex","Reckless Charge"],"picked":"SKIP","floor":20},{"not_picked":["Evolve","Anger+1"],"picked":"Havoc+1","floor":22},{"not_picked":["Disarm","Shrug It Off"],"picked":"Headbutt","floor":27},{"not_picked":["Armaments+1","True Grit","Infernal Blade"],"picked":"SKIP","floor":28},{"not_picked":["Immolate","Bludgeon"],"picked":"Reaper","floor":33},{"not_picked":["Clothesline","Armaments","Fire Breathing"],"picked":"SKIP","floor":35},{"not_picked":["True Grit","Disarm"],"picked":"Evolve","floor":36},{"not_picked":["Perfected Strike","Sentinel+1"],"picked":"Battle Trance","floor":37}],"player_experience":393127,"relics_obtained":[{"floor":11,"key":"Lantern"},{"floor":26,"key":"Shuriken"}],"event_choices":[{"damage_healed":0,"gold_gain":75,"player_choice":"Gather Gold","damage_taken":11,"max_hp_gain":0,"max_hp_loss":0,"event_name":"World of Goop","floor":3,"gold_loss":0},{"damage_healed":0,"gold_gain":0,"player_choice":"Trade","damage_taken":0,"relics_obtained":["NlothsMask"],"max_hp_gain":0,"max_hp_loss":0,"event_name":"FaceTrader","floor":6,"gold_loss":0},{"damage_healed":25,"gold_gain":0,"player_choice":"Heal","damage_taken":0,"max_hp_gain":0,"max_hp_loss":0,"event_name":"The Library","floor":21,"gold_loss":0},{"cards_removed":["Strike_R"],"damage_healed":0,"gold_gain":0,"player_choice":"Gave Gold","damage_taken":0,"max_hp_gain":0,"max_hp_loss":0,"event_name":"Beggar","floor":24,"gold_loss":75},{"damage_healed":0,"gold_gain":0,"player_choice":"Opened","damage_taken":0,"relics_obtained":["Pantograph"],"max_hp_gain":0,"max_hp_loss":0,"event_name":"The Mausoleum","floor":30,"gold_loss":0},{"damage_healed":0,"gold_gain":0,"player_choice":"2 cards matched","damage_taken":0,"max_hp_gain":0,"max_hp_loss":0,"event_name":"Match and Keep!","floor":31,"gold_loss":0,"cards_obtained":["Demon Form","Dark Shackles"]}],"is_beta":true,"boss_relics":[{"not_picked":["Black Star","Runic Dome"],"picked":"Black Blood"},{"not_picked":["Runic Cube","Mark of Pain"],"picked":"Fusion Hammer"}],"items_purged_floors":[4],"is_endless":false,"potions_floor_spawned":[1,2,8,16,20,22,36,37],"killed_by":"Jaw Worm Horde","ascension_level":14}