{"gold_per_floor":[119,139,139,155,174,174,189,207,207,226,115,176,76,86,86,188,188,204,214,214,230,145,145],"floor_reached":23,"playtime":1365,"items_purged":["Strike_R","Bash"],"score":187,"play_id":"dd0a19f1-6b8d-49e4-91c5-d92e9606f395","local_time":"20180817221858","is_ascension_mode":false,"campfire_choices":[{"data":"Spot Weakness","floor":6,"key":"SMITH"},{"data":"Rampage","floor":15,"key":"SMITH"}],"neow_cost":"NONE","seed_source_timestamp":153979921575481,"circlet_count":0,"master_deck":["Strike_R","Strike_R","Strike_R","Strike_R+1","Defend_R","Defend_R","Defend_R","Defend_R","Headbutt","Regret","Second Wind","Spot Weakness+1","Sword Boomerang","True Grit","Havoc","Rampage+1","Warcry","Limit Break","True Grit","RitualDagger","Sentinel"],"relics":["Burning Blood","StoneCalendar","Mercury Hourglass","Dodecahedron","White Beast Statue","Mummified Hand"],"potions_floor_usage":[16,18,19,21,23,23,23],"damage_taken":[{"damage":6,"enemies":"2 Louse","floor":1,"turns":3},{"damage":10,"enemies":"Jaw Worm","floor":2,"turns":4},{"damage":7,"enemies":"Cultist","floor":4,"turns":4},{"damage":12,"enemies":"2 Fungi Beasts","floor":5,"turns":4},{"damage":20,"enemies":"Blue Slaver","floor":7,"turns":5},{"damage":8,"enemies":"Red Slaver","floor":8,"turns":2},{"damage":4,"enemies":"Large Slime","floor":10,"turns":5},{"damage":23,"enemies":"Lagavulin Event","floor":12,"turns":5},{"damage":9,"enemies":"3 Louse","floor":14,"turns":3},{"damage":29,"enemies":"Hexaghost","floor":16,"turns":7},{"damage":6,"enemies":"Chosen","floor":18,"turns":4},{"damage":12,"enemies":"Spheric Guardian","floor":19,"turns":4},{"damage":23,"enemies":"Snecko","floor":21,"turns":4},{"damage":63,"enemies":"Gremlin Leader","floor":23,"turns":9}],"seed_played":"-5774451774632094963","potions_obtained":[{"floor":4,"key":"SteroidPotion"},{"floor":8,"key":"PowerPotion"},{"floor":12,"key":"Fire Potion"},{"floor":16,"key":"Dexterity Potion"},{"floor":18,"key":"SkillPotion"},{"floor":19,"key":"Fruit Juice"},{"floor":21,"key":"SteroidPotion"}],"is_trial":false,"path_per_floor":["M","M","?","M","M","R","M","M","T","M","$","?","$","M","R","B",null,"M","M","?","M","?"],"character_chosen":"IRONCLAD","items_purchased":["Rampage"],"campfire_rested":0,"item_purchase_floors":[11],"current_hp_per_floor":[80,76,76,75,69,69,55,53,53,55,55,38,38,35,35,12,80,80,74,68,56,56,0],"gold":145,"neow_bonus":"UPGRADE_CARD","is_prod":false,"is_daily":false,"chose_seed":false,"campfire_upgraded":2,"win_rate":0,"timestamp":1534558738,"path_taken":["M","M","?","M","M","R","?","M","T","M","$","?","$","M","R","BOSS","M","M","?","M","?","E"],"build_version":"2018-08-16","purchased_purges":2,"victory":false,"max_hp_per_floor":[80,80,80,80,80,80,80,80,80,80,80,80,80,80,80,80,80,80,80,80,85,85,85],"card_choices":[{"not_picked":["Clash","Infernal Blade","Clothesline"],"picked":"SKIP","floor":1},{"not_picked":["Pommel Strike","Thunderclap"],"picked":"Headbutt","floor":2},{"not_picked":["Ghostly Armor","Heavy Blade"],"picked":"Second Wind","floor":4},{"not_picked":["Metallicize","Combust"],"picked":"Spot Weakness","floor":5},{"not_picked":["Wild Strike","Bloodletting"],"picked":"Sword Boomerang","floor":7},{"not_picked":["Hemokinesis","Anger"],"picked":"True Grit","floor":8},{"not_picked":["Clothesline","Uppercut"],"picked":"Havoc","floor":10},{"not_picked":["Reckless Charge","Ghostly Armor"],"picked":"Warcry","floor":12},{"not_picked":["Clothesline","Cleave","Thunderclap"],"picked":"SKIP","floor":14},{"not_picked":["Reaper","Feed"],"picked":"Limit Break","floor":16},{"not_picked":["Iron Wave","Anger"],"picked":"True Grit","floor":18},{"not_picked":["Hemokinesis","Clash+1","Clothesline+1"],"picked":"SKIP","floor":19},{"not_picked":["Twin Strike","Pommel Strike"],"picked":"Sentinel","floor":21}],"player_experience":82693,"relics_obtained":[{"floor":9,"key":"Mercury Hourglass"}],"event_choices":[{"event_name":"Big Fish","player_choice":"Box","floor":3,"damage_taken":0},{"event_name":"Dead Adventurer","player_choice":"Searched \u00272\u0027 times","floor":12,"damage_taken":0},{"event_name":"Nest","player_choice":"Joined the Cult","floor":20,"damage_taken":0},{"event_name":"Addict","player_choice":"Obtained Relic","floor":22,"damage_taken":0}],"is_beta":false,"boss_relics":[{"not_picked":["Lizard Tail","Cursed Key"],"picked":"White Beast Statue"}],"items_purged_floors":[11,13],"is_endless":false,"potions_floor_spawned":[4,8,12,12,16,18,19,21],"killed_by":"Gremlin Leader","ascension_level":0}