{"gold_per_floor":[215,215,230,42,61,61,75,75,75,75,85,85,35,53,53,130,130,146,71,71,91,91,91,105,105,174,174,186,186],"floor_reached":29,"playtime":762,"items_purged":["Strike_R"],"score":419,"play_id":"1e20a8b3-5266-44ca-ae52-ba62f0d7dc38","local_time":"20190113165803","is_ascension_mode":true,"campfire_choices":[{"data":"Combust","floor":6,"key":"SMITH"},{"data":"Bash","floor":10,"key":"SMITH"},{"floor":12,"key":"REST"},{"data":"Battle Trance","floor":15,"key":"SMITH"},{"floor":23,"key":"REST"},{"data":"True Grit","floor":25,"key":"SMITH"},{"data":"Evolve","floor":27,"key":"SMITH"}],"neow_cost":"NONE","seed_source_timestamp":101572983929779,"circlet_count":0,"master_deck":["AscendersBane","Strike_R","Defend_R+1","Defend_R","Defend_R","Bash+1","Battle Trance+1","Spot Weakness+1","Ghostly Armor","Pommel Strike","Combust+1","Feel No Pain+1","Wild Strike+1","Iron Wave+1","Evolve+1","Immolate+1","Pommel Strike+1","Spot Weakness+1","True Grit+1","True Grit"],"relics":["Burning Blood","Molten Egg 2","Empty Cage","Bottled Lightning"],"potions_floor_usage":[16,28],"damage_taken":[{"damage":16,"enemies":"Jaw Worm","floor":1,"turns":5},{"damage":4,"enemies":"Small Slimes","floor":3,"turns":4},{"damage":0,"enemies":"2 Louse","floor":5,"turns":3},{"damage":7,"enemies":"Looter","floor":7,"turns":4},{"damage":22,"enemies":"Gremlin Gang","floor":11,"turns":3},{"damage":2,"enemies":"2 Fungi Beasts","floor":14,"turns":3},{"damage":23,"enemies":"Hexaghost","floor":16,"turns":7},{"damage":20,"enemies":"Spheric Guardian","floor":18,"turns":4},{"damage":30,"enemies":"Shell Parasite","floor":21,"turns":5},{"damage":14,"enemies":"3 Cultists","floor":24,"turns":4},{"damage":40,"enemies":"Shelled Parasite and Fungi","floor":28,"turns":6},{"damage":26,"enemies":"Snake Plant","floor":29,"turns":2}],"seed_played":"-2396640679397681198","potions_obtained":[{"floor":1,"key":"Dexterity Potion"},{"floor":3,"key":"Ancient Potion"},{"floor":14,"key":"LiquidBronze"},{"floor":21,"key":"Regen Potion"}],"is_trial":false,"path_per_floor":["M","?","M","$","M","R","M","?","T","R","M","R","$","M","R","B",null,"M","?","?","M","?","R","M","R","T","R","M","M"],"character_chosen":"IRONCLAD","items_purchased":["Ghostly Armor","Pommel Strike","Iron Wave+1"],"campfire_rested":2,"item_purchase_floors":[4,4,13],"current_hp_per_floor":[58,51,53,53,59,59,58,35,35,35,19,41,41,45,45,28,63,49,49,49,25,25,47,39,39,39,39,20,0],"gold":186,"neow_bonus":"HUNDRED_GOLD","is_prod":false,"is_daily":false,"chose_seed":false,"campfire_upgraded":5,"win_rate":0,"timestamp":1547366283,"path_taken":["M","?","M","$","M","R","M","?","T","R","M","R","$","M","R","BOSS","M","?","?","?","?","R","M","R","T","R","M","?"],"build_version":"2019-01-10","purchased_purges":1,"victory":false,"max_hp_per_floor":[75,75,75,75,75,75,75,75,75,75,75,75,75,75,75,75,75,75,75,75,75,75,75,75,75,75,75,75,75],"card_choices":[{"not_picked":["Thunderclap","Anger"],"picked":"Battle Trance","floor":1},{"not_picked":["Clothesline","Havoc"],"picked":"Spot Weakness","floor":3},{"not_picked":["Metallicize","Twin Strike"],"picked":"Combust","floor":5},{"not_picked":["Body Slam","Flex"],"picked":"Feel No Pain","floor":7},{"not_picked":["Heavy Blade+1","Rage"],"picked":"Wild Strike+1","floor":11},{"not_picked":["Heavy Blade+1","Uppercut+1"],"picked":"Evolve","floor":14},{"not_picked":["Double Tap","Dark Embrace"],"picked":"Immolate+1","floor":16},{"not_picked":["Shrug It Off","Perfected Strike+1"],"picked":"Pommel Strike+1","floor":18},{"not_picked":["Anger+1","Clash+1","Dropkick+1"],"picked":"SKIP","floor":21},{"not_picked":["Anger+1","Clash+1","Dropkick+1"],"picked":"SKIP","floor":21},{"not_picked":["Body Slam+1","Headbutt+1"],"picked":"True Grit","floor":24},{"not_picked":["Juggernaut","Warcry"],"picked":"True Grit","floor":28}],"player_experience":776080,"relics_obtained":[{"floor":9,"key":"Molten Egg 2"},{"floor":26,"key":"Bottled Lightning"}],"event_choices":[{"cards_removed":["Strike_R"],"damage_healed":0,"gold_gain":0,"player_choice":"Card Removal","damage_taken":7,"max_hp_gain":0,"max_hp_loss":0,"event_name":"Golden Wing","floor":2,"gold_loss":0},{"damage_healed":0,"gold_gain":0,"player_choice":"Entered Light","damage_taken":23,"max_hp_gain":0,"max_hp_loss":0,"event_name":"Shining Light","floor":8,"gold_loss":0,"cards_upgraded":["Defend_R","Spot Weakness"]},{"cards_removed":["Strike_R"],"damage_healed":0,"gold_gain":0,"player_choice":"Gave Gold","damage_taken":0,"max_hp_gain":0,"max_hp_loss":0,"event_name":"Beggar","floor":19,"gold_loss":75},{"damage_healed":0,"gold_gain":0,"player_choice":"Copied","damage_taken":0,"max_hp_gain":0,"max_hp_loss":0,"event_name":"Duplicator","floor":20,"gold_loss":0,"cards_obtained":["Spot Weakness"]},{"damage_healed":0,"gold_gain":0,"player_choice":"Forge","damage_taken":0,"max_hp_gain":0,"max_hp_loss":0,"event_name":"Accursed Blacksmith","floor":22,"gold_loss":0,"cards_upgraded":["Feel No Pain"]}],"is_beta":false,"boss_relics":[{"not_picked":["Lizard Tail","Runic Pyramid"],"picked":"Empty Cage"}],"items_purged_floors":[4],"is_endless":false,"potions_floor_spawned":[1,3,14,21],"killed_by":"Snake Plant","ascension_level":19}