{"path_per_floor":["M","?","?","M","M","R","E","T","T","R","M","M","R","M","R","B",null,"M","$","?","M","?","R","M","R","T","M","M","M","T","M","R","B",null,"M","$","M","M","$","R","?","R","T","?","E","?","R","M","R","B"],"character_chosen":"THE_SILENT","items_purchased":["Pen Nib","Backflip","Omamori"],"gold_per_floor":[116,116,116,130,148,148,183,183,183,183,198,210,210,226,226,327,327,342,68,68,79,79,79,97,97,97,114,124,137,137,151,151,246,246,263,10,26,44,44,44,44,44,44,44,102,102,102,119,119,119],"floor_reached":51,"campfire_rested":6,"playtime":3245,"current_hp_per_floor":[54,47,47,47,46,46,20,20,20,20,20,4,25,14,35,57,67,43,43,43,38,38,38,26,47,47,45,33,24,24,22,43,63,68,56,56,51,11,11,32,61,61,61,61,41,56,56,24,42,55],"items_purged":["Defend_G","Survivor"],"gold":119,"score":648,"play_id":"52135faf-a4e8-44ca-a93b-73ac57c795fb","is_prod":false,"is_daily":false,"is_ascension_mode":true,"campfire_upgraded":5,"path_taken":["M","?","?","M","M","R","E","?","T","R","?","M","R","M","R","BOSS","M","$","?","?","?","R","M","R","T","M","M","M","?","M","R","BOSS","M","$","M","M","?","R","?","R","T","?","E","?","R","?","R","BOSS"],"build_version":"2018-02-22-PROD2","purchased_purges":3,"victory":true,"master_deck":["Defend_G+1","Defend_G+1","Defend_G+1","Defend_G+1","Strike_G+1","Strike_G+1","Strike_G+1","Strike_G+1","Neutralize","Accuracy","Malaise","Acrobatics","Sucker Punch+1","Cloak And Dagger+1","Prepared+1","Dash","Accuracy+1","Backflip","Adrenaline","Backflip","Dagger Spray+1","Cloak And Dagger+1","Envenom+1"],"max_hp_per_floor":[70,70,70,70,70,70,70,70,70,70,70,70,70,70,70,70,70,70,70,70,70,70,70,70,70,70,70,70,70,70,70,70,70,70,70,70,70,70,70,70,61,61,61,61,61,61,61,61,61,61],"relics":["Orrery","Matryoshka","Paper Crane","Kunai","Ancient Tea Set","Pantograph","Pen Nib","Sundial","Bronze Scales","Lizard Tail","Omamori","Du-Vu Doll","Tiny Chest"],"card_choices":[{"not_picked":["Slice","Underhanded Strike"],"picked":"Accuracy"},{"not_picked":["Quick Slash","Underhanded Strike"],"picked":"Malaise"},{"not_picked":["Sucker Punch","Quick Slash"],"picked":"Acrobatics"},{"not_picked":["Underhanded Strike","Reflex"],"picked":"Sucker Punch"},{"not_picked":["Sucker Punch","Dodge and Roll"],"picked":"Cloak And Dagger"},{"not_picked":["Setup","Calculated Gamble"],"picked":"Prepared"},{"not_picked":["Quick Slash","Caltrops"],"picked":"Dash"},{"not_picked":["Reflex","Sucker Punch"],"picked":"Accuracy"},{"not_picked":["Prepared","Quick Slash"],"picked":"Backflip"},{"not_picked":["Bullet Time","Night Terror"],"picked":"Adrenaline"},{"not_picked":["Flechettes","Quick Slash"],"picked":"Calculated Gamble"},{"not_picked":["Acrobatics","Expertise"],"picked":"Dagger Spray"},{"not_picked":["Dagger Spray","Outmaneuver"],"picked":"Cloak And Dagger"},{"not_picked":["Tactician","Doppelganger"],"picked":"Envenom"}],"player_experience":219941,"potions_floor_usage":[12,31,33,38,48,50],"damage_taken":[{"damage":9,"enemies":"Jaw Worm","floor":1,"turns":5},{"damage":0,"enemies":"2 Louse","floor":4,"turns":4},{"damage":1,"enemies":"Cultist","floor":5,"turns":4},{"damage":26,"enemies":"Lagavulin","floor":7,"turns":11},{"damage":0,"enemies":"Blue Slaver","floor":11,"turns":4},{"damage":16,"enemies":"Exordium Wildlife","floor":12,"turns":4},{"damage":11,"enemies":"Large Slime","floor":14,"turns":6},{"damage":3,"enemies":"The Guardian","floor":16,"turns":14},{"damage":24,"enemies":"3 Byrds","floor":18,"turns":9},{"damage":5,"enemies":"Shell Parasite","floor":21,"turns":8},{"damage":12,"enemies":"Centurion and Healer","floor":24,"turns":8},{"damage":2,"enemies":"Snecko","floor":27,"turns":8},{"damage":12,"enemies":"Snake Plant","floor":28,"turns":6},{"damage":9,"enemies":"Centurion and Healer","floor":29,"turns":9},{"damage":2,"enemies":"3 Cultists","floor":31,"turns":4},{"damage":5,"enemies":"Champ","floor":33,"turns":19},{"damage":12,"enemies":"3 Shapes","floor":35,"turns":5},{"damage":5,"enemies":"Orb Walker","floor":37,"turns":5},{"damage":40,"enemies":"4 Shapes","floor":38,"turns":9},{"damage":20,"enemies":"Giant Head","floor":45,"turns":10},{"damage":32,"enemies":"Sphere and 2 Shapes","floor":48,"turns":6},{"damage":18,"enemies":"Time Eater","floor":50,"turns":15}],"event_choices":[{"event_name":"Golden Wing","player_choice":"Card Removal","floor":2,"damage_taken":0},{"event_name":"Accursed Blacksmith","player_choice":"Forge","floor":3,"damage_taken":0},{"event_name":"Vampires","player_choice":"Ignored","floor":20,"damage_taken":0},{"event_name":"Back to Basics","player_choice":"Simplicity","floor":22,"damage_taken":0},{"event_name":"The Moai Head","player_choice":"Heal","floor":41,"damage_taken":0},{"event_name":"Winding Halls","player_choice":"Writhe","floor":46,"damage_taken":0}],"boss_relics":[{"not_picked":["Calling Bell","Runic Pyramid","Runic Dome"]},{"not_picked":["Snecko Eye","Question Card"],"picked":"Lizard Tail"}],"potions_floor_spawned":[4,7,11,16,21,24,28,31,33,38,48],"seed_played":"6966269113596239049","ascension_level":6,"is_trial":false}