{"path_per_floor":["M","?","?","M","$","R","M","M","T","?","R","M","$","M","R","B",null,"M","M"],"character_chosen":"DEFECT","items_purchased":["Loop","Loop"],"gold_per_floor":[114,64,64,83,44,44,57,76,76,76,76,95,8,28,28,127,127,116,135,135],"floor_reached":20,"campfire_rested":1,"playtime":642,"item_purchase_floors":[5,13],"current_hp_per_floor":[75,75,75,73,73,73,72,63,63,60,60,52,52,47,69,36,75,53,34,0],"items_purged":["Strike_B"],"gold":135,"score":166,"play_id":"441d527f-2416-448c-8bed-aa800ca61ffa","local_time":"20180603192531","is_prod":false,"is_daily":false,"chose_seed":false,"is_ascension_mode":false,"campfire_upgraded":2,"win_rate":0,"timestamp":1528017931,"campfire_choices":[{"data":"Loop","floor":6,"key":"SMITH"},{"data":"Zap","floor":11,"key":"SMITH"},{"floor":15,"key":"REST"}],"path_taken":["M","?","?","M","$","R","M","M","T","?","R","M","?","M","R","BOSS","M","?","?"],"build_version":"2018-05-30v2","seed_source_timestamp":4242000319282,"purchased_purges":1,"victory":false,"master_deck":["Strike_B","Defend_B","Defend_B","Defend_B","Defend_B","Zap+1","Dualcast","Gash","Loop+1","Gash","Amplify","Loop","BootSequence","Core Surge","Normality","Normality","Regret","White Noise"],"max_hp_per_floor":[75,75,75,75,75,75,75,75,75,75,75,75,75,75,75,75,75,75,75,75],"relics":["Cracked Core","Boot","Mercury Hourglass","The Courier","Calling Bell","Anchor","Centennial Puzzle","Shovel"],"card_choices":[{"not_picked":["FTL","Blizzard"],"picked":"Gash","floor":1},{"not_picked":["Sweeping Beam","Redo","Turbo"],"picked":"SKIP","floor":4},{"not_picked":["Ball Lightning","Cold Snap","Stack"],"picked":"SKIP","floor":7},{"not_picked":["Lockon","Undo"],"picked":"Gash","floor":8},{"not_picked":["Steam","Auto Shields"],"picked":"Amplify","floor":12},{"not_picked":["Stack","Leap"],"picked":"BootSequence","floor":14},{"not_picked":["Buffer","Machine Learning"],"picked":"Core Surge","floor":16},{"not_picked":["FTL","Turbo","Beam Cell+1"],"picked":"SKIP","floor":18},{"not_picked":["Melter","Sweeping Beam+1"],"picked":"White Noise","floor":19}],"player_experience":348491,"potions_floor_usage":[14,16,16,20],"damage_taken":[{"damage":0,"enemies":"Small Slimes","floor":1,"turns":3},{"damage":2,"enemies":"2 Louse","floor":4,"turns":3},{"damage":1,"enemies":"Cultist","floor":7,"turns":3},{"damage":9,"enemies":"Exordium Wildlife","floor":8,"turns":4},{"damage":8,"enemies":"Exordium Thugs","floor":12,"turns":3},{"damage":5,"enemies":"Looter","floor":14,"turns":3},{"damage":33,"enemies":"Hexaghost","floor":16,"turns":9},{"damage":22,"enemies":"2 Thieves","floor":18,"turns":4},{"damage":19,"enemies":"3 Byrds","floor":19,"turns":3},{"damage":35,"enemies":"Masked Bandits","floor":20,"turns":3}],"relics_obtained":[{"floor":9,"key":"Mercury Hourglass"},{"floor":17,"key":"Anchor"},{"floor":17,"key":"Centennial Puzzle"},{"floor":17,"key":"Shovel"}],"event_choices":[{"event_name":"The Cleric","player_choice":"Card Removal","floor":2,"damage_taken":0},{"event_name":"Living Wall","player_choice":"Forget","floor":3,"damage_taken":0},{"event_name":"Scrap Ooze","player_choice":"success","floor":10,"damage_taken":3},{"event_name":"Masked Bandits","player_choice":"Fought over 135 gold","floor":20,"damage_taken":0}],"boss_relics":[{"not_picked":["Runic Dome","Pandora\u0027s Box"],"picked":"Calling Bell"}],"items_purged_floors":[13],"potions_floor_spawned":[7,12,14,18],"seed_played":"1330205035120361928","killed_by":"Masked Bandits","ascension_level":0,"potions_obtained":[{"floor":7,"key":"GamblersBrew"},{"floor":12,"key":"Ancient Potion"},{"floor":14,"key":"Ancient Potion"},{"floor":18,"key":"Energy Potion"}],"is_trial":false}