{"path_per_floor":["M","?","M","?","$","R","M","R","T","R","M","E","M","E","R"],"character_chosen":"DEFECT","items_purchased":[],"gold_per_floor":[114,114,131,131,56,56,74,74,74,74,91,120,135,166,166,166],"floor_reached":16,"campfire_rested":0,"playtime":608,"item_purchase_floors":[],"current_hp_per_floor":[68,68,68,73,73,73,72,72,72,72,65,65,30,12,12,0],"items_purged":["Strike_B"],"gold":166,"score":203,"play_id":"18872586-0721-4407-adf9-a9ade3c3116f","local_time":"20180621224528","is_prod":false,"is_daily":false,"chose_seed":false,"is_ascension_mode":true,"campfire_upgraded":4,"win_rate":0,"timestamp":1529588728,"campfire_choices":[{"data":"Coolheaded","floor":6,"key":"SMITH"},{"data":"Hologram","floor":8,"key":"SMITH"},{"data":"Rip and Tear","floor":10,"key":"SMITH"},{"data":"Buffer","floor":15,"key":"SMITH"}],"path_taken":["M","?","M","?","$","R","?","R","T","R","M","E","M","E","R","BOSS"],"build_version":"2018-06-14v2","seed_source_timestamp":374057745913660,"purchased_purges":1,"victory":false,"master_deck":["Strike_B","Defend_B","Defend_B","Defend_B","Defend_B","Zap","Dualcast","AscendersBane","Rip and Tear+1","Buffer+1","Coolheaded+1","Hologram+1","Beam Cell","Coolheaded"],"max_hp_per_floor":[68,68,68,73,73,73,73,73,73,73,73,73,73,73,73,73],"relics":["Cracked Core","Unceasing Top","Potion Belt","Shuriken"],"card_choices":[{"not_picked":["Hello World","Barrage"],"picked":"Coolheaded","floor":1},{"not_picked":["Streamline","Turbo","Barrage"],"picked":"SKIP","floor":3},{"not_picked":["Streamline","Turbo","Barrage"],"picked":"SKIP","floor":3},{"not_picked":["Leap","Hello World"],"picked":"Hologram","floor":7},{"not_picked":["Stack","Barrage"],"picked":"Beam Cell","floor":11},{"not_picked":["Recycle","Rainbow","White Noise"],"picked":"SKIP","floor":12},{"not_picked":["Tempest","Beam Cell","Sweeping Beam"],"picked":"SKIP","floor":13},{"not_picked":["Chaos","Rebound"],"picked":"Coolheaded","floor":14}],"player_experience":522640,"potions_floor_usage":[12,12,12,12,12],"damage_taken":[{"damage":0,"enemies":"2 Louse","floor":1,"turns":1},{"damage":0,"enemies":"Cultist","floor":3,"turns":4},{"damage":1,"enemies":"Small Slimes","floor":7,"turns":3},{"damage":7,"enemies":"2 Fungi Beasts","floor":11,"turns":2},{"damage":0,"enemies":"Lagavulin","floor":12,"turns":3},{"damage":35,"enemies":"Gremlin Gang","floor":13,"turns":4},{"damage":18,"enemies":"3 Sentries","floor":14,"turns":8},{"damage":22,"enemies":"Slime Boss","floor":16,"turns":10}],"relics_obtained":[{"floor":9,"key":"Unceasing Top"},{"floor":12,"key":"Potion Belt"},{"floor":14,"key":"Shuriken"}],"event_choices":[{"event_name":"The Lab","player_choice":"Got Potions","floor":2,"damage_taken":0},{"event_name":"Big Fish","player_choice":"Donut","floor":4,"damage_taken":0}],"boss_relics":[],"items_purged_floors":[5],"is_endless":false,"potions_floor_spawned":[1,12],"seed_played":"7429802484091324598","killed_by":"Slime Boss","ascension_level":10,"potions_obtained":[{"floor":1,"key":"FearPotion"},{"floor":2,"key":"Swift Potion"},{"floor":2,"key":"EntropicBrew"},{"floor":12,"key":"SteroidPotion"}],"is_trial":false}