{"gold_per_floor":[318,338,65,78,78,108,123,123,123,123,123,27,45,73,73,144,144,159,159,84,84,84,84],"floor_reached":23,"playtime":1004,"items_purged":["Strike_B"],"score":432,"play_id":"d6af94f6-7d92-4868-a00b-89e5313aad62","local_time":"20180812175434","is_ascension_mode":true,"campfire_choices":[{"floor":8,"key":"REST"},{"data":"Zap","floor":10,"key":"SMITH"},{"data":"Capacitor","floor":15,"key":"SMITH"}],"neow_cost":"NO_GOLD","seed_source_timestamp":2763090037730145,"circlet_count":0,"master_deck":["Strike_B","Strike_B","Strike_B","Defend_B","Defend_B","Defend_B+1","Defend_B","Zap+1","Dualcast","AscendersBane","Capacitor+1","Rebound","Darkness+1","Sweeping Beam","Seek","Sunder","Coolheaded+1","Conserve Battery+1","Glacier+1","Coolheaded+1","Multi-Cast+1","Self Repair","Zap+1"],"relics":["Cracked Core","Old Coin","Bag of Preparation","Pen Nib","Toxic Egg 2","Blue Candle","Philosopher\u0027s Stone","NlothsMask"],"potions_floor_usage":[6],"damage_taken":[{"damage":0,"enemies":"Small Slimes","floor":1,"turns":3},{"damage":7,"enemies":"Jaw Worm","floor":2,"turns":3},{"damage":2,"enemies":"2 Louse","floor":4,"turns":3},{"damage":27,"enemies":"Gremlin Nob","floor":6,"turns":4},{"damage":3,"enemies":"Blue Slaver","floor":7,"turns":4},{"damage":0,"enemies":"2 Fungi Beasts","floor":13,"turns":3},{"damage":9,"enemies":"Lagavulin","floor":14,"turns":6},{"damage":0,"enemies":"The Guardian","floor":16,"turns":13},{"damage":25,"enemies":"Shell Parasite","floor":18,"turns":6},{"damage":32,"enemies":"Slavers","floor":23,"turns":1}],"seed_played":"-1222547696791120552","potions_obtained":[{"floor":4,"key":"SteroidPotion"},{"floor":7,"key":"FairyPotion"},{"floor":14,"key":"PowerPotion"}],"is_trial":false,"path_per_floor":["M","M","$","M","?","E","M","R","T","R","?","$","M","E","R","B",null,"M","?","$","?","?"],"character_chosen":"DEFECT","items_purchased":["Bag of Preparation","Fire Potion","Darkness","Coolheaded+1","Conserve Battery+1"],"campfire_rested":1,"item_purchase_floors":[3,3,3,12,12],"current_hp_per_floor":[64,57,57,55,34,7,4,25,25,25,48,48,48,39,39,39,63,38,38,38,31,31,0],"gold":84,"neow_bonus":"ONE_RARE_RELIC","is_prod":false,"is_daily":false,"chose_seed":false,"campfire_upgraded":2,"win_rate":0,"timestamp":1534089274,"path_taken":["M","M","$","M","?","E","M","R","T","R","?","$","?","E","R","BOSS","M","?","$","?","?","E"],"build_version":"2018-08-09","purchased_purges":1,"victory":false,"max_hp_per_floor":[71,71,71,71,71,71,71,71,71,71,71,71,71,71,71,71,71,71,71,71,71,71,71],"card_choices":[{"not_picked":["Go for the Eyes","Conserve Battery"],"picked":"Capacitor","floor":1},{"not_picked":["Streamline","Self Repair"],"picked":"Rebound","floor":2},{"not_picked":["Undo","Turbo"],"picked":"Sweeping Beam","floor":4},{"not_picked":["Sunder","Hello World"],"picked":"Seek","floor":6},{"not_picked":["Streamline","Stack"],"picked":"Sunder","floor":7},{"not_picked":["Rip and Tear","Reinforced Body+1"],"picked":"Glacier+1","floor":13},{"not_picked":["Beam Cell","Rip and Tear"],"picked":"Coolheaded+1","floor":14},{"not_picked":["Fission+1","Machine Learning"],"picked":"Multi-Cast+1","floor":16},{"not_picked":["Ball Lightning","Barrage"],"picked":"Self Repair","floor":18}],"player_experience":956082,"relics_obtained":[{"floor":6,"key":"Pen Nib"},{"floor":9,"key":"Toxic Egg 2"},{"floor":14,"key":"Blue Candle"}],"event_choices":[{"event_name":"Shining Light","player_choice":"Entered Light","floor":5,"damage_taken":0},{"event_name":"Big Fish","player_choice":"Banana","floor":11,"damage_taken":0},{"event_name":"Match and Keep!","player_choice":"1 cards matched","floor":19,"damage_taken":0},{"event_name":"Knowing Skull","player_choice":"","floor":21,"damage_taken":0},{"event_name":"FaceTrader","player_choice":"Trade","floor":22,"damage_taken":0}],"is_beta":false,"boss_relics":[{"not_picked":["FrozenCore","Pandora\u0027s Box"],"picked":"Philosopher\u0027s Stone"}],"items_purged_floors":[20],"is_endless":false,"potions_floor_spawned":[4,7,14],"killed_by":"Slavers","ascension_level":15}