{"gold_per_floor":[10,10,28,40,59,79,79,31,31,58,58,75,75,86,86,157,157,172,182,182,182,182,182,29,48,74,74,97,97,129,129,129,204,204,220,145,145,47,47,47,64,81,81,109,9,9,29,45,45,45],"floor_reached":51,"playtime":2195,"items_purged":["Defend_R","Defend_R"],"score":1264,"play_id":"6f0f3781-60f7-4ea1-a35f-8acf82f362b1","local_time":"20190307071232","is_ascension_mode":true,"campfire_choices":[{"data":"True Grit","floor":7,"key":"SMITH"},{"floor":11,"key":"REST"},{"floor":13,"key":"REST"},{"floor":15,"key":"REST"},{"data":"Bash","floor":23,"key":"SMITH"},{"floor":29,"key":"REST"},{"floor":32,"key":"REST"},{"data":"Clothesline","floor":40,"key":"SMITH"},{"floor":46,"key":"REST"},{"data":"Demon Form","floor":49,"key":"SMITH"}],"neow_cost":"NO_GOLD","seed_source_timestamp":18263246312905,"circlet_count":0,"master_deck":["AscendersBane","Defend_R","Defend_R","Bash+1","Inflame","Shrug It Off","Double Tap","True Grit+1","Shrug It Off","Shrug It Off+1","Spot Weakness+1","Impervious+1","Shrug It Off+1","Necronomicurse","Pain","Pain","Bite","Bite","Bite","Bite","Bite","Demon Form+1","Clothesline+1","Uppercut","Shame","Spot Weakness+1"],"relics":["Burning Blood","Du-Vu Doll","Toxic Egg 2","Cursed Key","Necronomicon","NlothsMask","Oddly Smooth Stone","PreservedInsect","Letter Opener","Velvet Choker","Bird Faced Urn","Potion Belt"],"potions_floor_usage":[6,10,16,25,42,42,50,50],"damage_taken":[{"damage":1,"enemies":"Cultist","floor":1,"turns":3},{"damage":4,"enemies":"Jaw Worm","floor":3,"turns":4},{"damage":0,"enemies":"2 Louse","floor":4,"turns":4},{"damage":13,"enemies":"Red Slaver","floor":5,"turns":4},{"damage":33,"enemies":"Exordium Wildlife","floor":6,"turns":7},{"damage":29,"enemies":"Gremlin Nob","floor":10,"turns":4},{"damage":8,"enemies":"Blue Slaver","floor":12,"turns":4},{"damage":25,"enemies":"2 Fungi Beasts","floor":14,"turns":4},{"damage":75,"enemies":"Hexaghost","floor":16,"turns":11},{"damage":2,"enemies":"Shell Parasite","floor":18,"turns":9},{"damage":2,"enemies":"3 Byrds","floor":19,"turns":7},{"damage":3,"enemies":"Snake Plant","floor":25,"turns":3},{"damage":24,"enemies":"Gremlin Leader","floor":30,"turns":5},{"damage":97,"enemies":"Champ","floor":33,"turns":13},{"damage":10,"enemies":"3 Darklings","floor":35,"turns":7},{"damage":3,"enemies":"Orb Walker","floor":41,"turns":4},{"damage":24,"enemies":"Jaw Worm Horde","floor":42,"turns":4},{"damage":33,"enemies":"Nemesis","floor":44,"turns":5},{"damage":19,"enemies":"Spire Growth","floor":47,"turns":4},{"damage":9,"enemies":"Transient","floor":48,"turns":5},{"damage":89,"enemies":"Awakened One","floor":50,"turns":8}],"seed_played":"4582386768836660906","potions_obtained":[{"floor":4,"key":"PowerPotion"},{"floor":5,"key":"FearPotion"},{"floor":12,"key":"FearPotion"},{"floor":25,"key":"Fruit Juice"},{"floor":33,"key":"SkillPotion"},{"floor":42,"key":"Swift Potion"},{"floor":44,"key":"Swift Potion"}],"is_trial":false,"path_per_floor":["M","$","M","M","M","M","R","$","T","E","R","M","R","M","R","B",null,"M","M","?","?","?","R","$","M","T","?","T","R","E","?","R","B",null,"M","$","?","$","?","R","M","M","T","E","$","R","M","M","R","B",null],"character_chosen":"IRONCLAD","items_purchased":["Shrug It Off","Oddly Smooth Stone","Clothesline","PowerPotion"],"campfire_rested":6,"item_purchase_floors":[8,24,38,38],"current_hp_per_floor":[77,77,79,80,73,46,46,46,46,23,47,47,71,54,78,11,63,69,75,75,59,59,59,59,69,69,69,69,85,67,67,85,20,69,81,81,81,81,81,81,85,73,73,52,52,77,70,83,83,18],"gold":45,"neow_bonus":"ONE_RARE_RELIC","is_prod":false,"is_daily":false,"chose_seed":false,"campfire_upgraded":4,"win_rate":0,"timestamp":1551964352,"path_taken":["M","$","?","M","M","M","R","$","T","E","R","M","R","M","R","BOSS","M","M","?","?","?","R","$","?","T","?","?","R","E","?","R","BOSS","M","$","?","$","?","R","M","?","T","E","?","R","?","M","R","BOSS"],"build_version":"2019-01-23","purchased_purges":2,"victory":true,"max_hp_per_floor":[80,80,80,80,80,80,80,80,80,80,80,80,80,80,80,80,80,80,80,80,80,80,80,80,85,85,85,85,85,85,85,85,85,85,85,85,85,85,85,85,85,85,85,85,85,85,85,85,85,85],"card_choices":[{"not_picked":["Armaments","Headbutt"],"picked":"Inflame","floor":1},{"not_picked":["Thunderclap","Pommel Strike"],"picked":"Shrug It Off","floor":3},{"not_picked":["Flex","Thunderclap"],"picked":"Double Tap","floor":4},{"not_picked":["Thunderclap","Havoc"],"picked":"True Grit","floor":5},{"not_picked":["Headbutt","Flex","Pommel Strike"],"picked":"SKIP","floor":6},{"not_picked":["Flex+1","Perfected Strike"],"picked":"Shrug It Off+1","floor":10},{"not_picked":["Body Slam","Clash"],"picked":"Spot Weakness+1","floor":12},{"not_picked":["Sever Soul","Anger","Whirlwind"],"picked":"SKIP","floor":14},{"not_picked":["Barricade","Juggernaut"],"picked":"Impervious+1","floor":16},{"not_picked":["Headbutt","Perfected Strike","Infernal Blade+1"],"picked":"SKIP","floor":18},{"not_picked":["Heavy Blade","Blood for Blood"],"picked":"Shrug It Off+1","floor":19},{"not_picked":["Iron Wave","Wild Strike","Twin Strike"],"picked":"SKIP","floor":25},{"not_picked":["Iron Wave","Thunderclap","Body Slam"],"picked":"SKIP","floor":30},{"not_picked":["Exhume+1","Barricade"],"picked":"Demon Form","floor":33},{"not_picked":["True Grit+1","Anger","Sword Boomerang"],"picked":"SKIP","floor":35},{"not_picked":["Reckless Charge+1","Sever Soul","Flex+1"],"picked":"SKIP","floor":41},{"not_picked":["Iron Wave","Clothesline"],"picked":"Uppercut","floor":42},{"not_picked":["Burning Pact+1","Shrug It Off+1"],"picked":"Spot Weakness+1","floor":44},{"not_picked":["Flex+1","Cleave+1","Sword Boomerang"],"picked":"SKIP","floor":47},{"not_picked":["Flex+1","Rage+1","Havoc+1"],"picked":"SKIP","floor":48}],"player_experience":253014,"relics_obtained":[{"floor":9,"key":"Toxic Egg 2"},{"floor":10,"key":"Blood Vial"},{"floor":21,"key":"Necronomicon"},{"floor":28,"key":"PreservedInsect"},{"floor":30,"key":"Letter Opener"},{"floor":43,"key":"Bird Faced Urn"},{"floor":44,"key":"Potion Belt"}],"event_choices":[{"damage_healed":0,"gold_gain":0,"player_choice":"Read","damage_taken":0,"max_hp_gain":0,"max_hp_loss":0,"event_name":"The Library","floor":20,"gold_loss":0,"cards_obtained":["Shockwave"]},{"damage_healed":0,"gold_gain":0,"player_choice":"Obtained Book","damage_taken":16,"max_hp_gain":0,"max_hp_loss":0,"event_name":"Cursed Tome","floor":21,"gold_loss":0},{"damage_healed":0,"gold_gain":0,"player_choice":"Trade","damage_taken":0,"relics_obtained":["NlothsMask"],"max_hp_gain":0,"max_hp_loss":0,"event_name":"FaceTrader","floor":22,"gold_loss":0},{"damage_healed":0,"gold_gain":0,"player_choice":"Ignored","damage_taken":0,"max_hp_gain":0,"max_hp_loss":0,"event_name":"Beggar","floor":27,"gold_loss":0},{"damage_healed":0,"gold_gain":0,"player_choice":"Became a vampire (Vial)","damage_taken":0,"max_hp_gain":0,"max_hp_loss":0,"event_name":"Vampires","floor":31,"relics_lost":["Blood Vial"],"gold_loss":0,"cards_obtained":["Bite","Bite","Bite","Bite","Bite"]},{"cards_removed":["Shockwave"],"damage_healed":0,"gold_gain":0,"player_choice":"Removed Skill","damage_taken":0,"max_hp_gain":0,"max_hp_loss":0,"event_name":"Falling","floor":37,"gold_loss":0},{"damage_healed":0,"gold_gain":0,"player_choice":"Ignored","damage_taken":0,"max_hp_gain":0,"max_hp_loss":0,"event_name":"SecretPortal","floor":39,"gold_loss":0}],"is_beta":false,"boss_relics":[{"not_picked":["Runic Pyramid","Eternal Feather"],"picked":"Cursed Key"},{"not_picked":["Snecko Eye","Black Star"],"picked":"Velvet Choker"}],"items_purged_floors":[36,45],"is_endless":false,"potions_floor_spawned":[4,5,12,25,33,42,44],"ascension_level":13}