{"gold_per_floor":[113,188,148,158,88,120,134,134,212,226,240,240,254,272,272,377,377,367,367,58,77,177,177],"floor_reached":23,"playtime":999,"items_purged":[],"score":283,"play_id":"397e5072-fdf6-49ed-b038-d065ab9f6bdf","local_time":"20190127010635","is_ascension_mode":true,"campfire_choices":[{"data":"Spot Weakness","floor":8,"key":"SMITH"},{"data":"True Grit","floor":12,"key":"SMITH"},{"data":"True Grit","floor":15,"key":"SMITH"}],"neow_cost":"NONE","seed_source_timestamp":1413522129344300,"circlet_count":0,"master_deck":["Strike_R","Strike_R","Strike_R","Strike_R","Strike_R","Defend_R","Defend_R","Defend_R","Defend_R","Bash","Corruption","Iron Wave","Flex","True Grit+1","True Grit+1","Spot Weakness+1","True Grit","Flex","Sword Boomerang","Heavy Blade","Offering","Sword Boomerang","Flame Barrier","Metallicize","Clothesline"],"relics":["Burning Blood","NeowsBlessing","Ancient Tea Set","Pantograph","Black Star","Orichalcum","Pocketwatch","Mummified Hand"],"potions_floor_usage":[16,22,22,23,23],"damage_taken":[{"damage":0,"enemies":"Jaw Worm","floor":1,"turns":1},{"damage":0,"enemies":"Small Slimes","floor":4,"turns":2},{"damage":0,"enemies":"Gremlin Nob","floor":6,"turns":2},{"damage":1,"enemies":"Cultist","floor":7,"turns":3},{"damage":11,"enemies":"Looter","floor":10,"turns":4},{"damage":1,"enemies":"Exordium Wildlife","floor":11,"turns":3},{"damage":18,"enemies":"Large Slime","floor":13,"turns":7},{"damage":4,"enemies":"2 Fungi Beasts","floor":14,"turns":3},{"damage":11,"enemies":"The Guardian","floor":16,"turns":10},{"damage":21,"enemies":"2 Thieves","floor":18,"turns":4},{"damage":11,"enemies":"Chosen","floor":21,"turns":7},{"damage":53,"enemies":"Colosseum Slavers","floor":22,"turns":8},{"damage":20,"enemies":"Colosseum Nobs","floor":22,"turns":5},{"damage":15,"enemies":"Book of Stabbing","floor":23,"turns":3}],"seed_played":"-9186213039918214795","potions_obtained":[{"floor":1,"key":"Weak Potion"},{"floor":3,"key":"Dexterity Potion"},{"floor":3,"key":"Dexterity Potion"},{"floor":3,"key":"SpeedPotion"},{"floor":16,"key":"Regen Potion"},{"floor":22,"key":"LiquidBronze"}],"is_trial":false,"path_per_floor":["M","?","?","M","$","E","M","R","T","M","M","R","M","M","R","B",null,"M","?","$","M","?","E"],"character_chosen":"IRONCLAD","items_purchased":["Flex","True Grit","Orichalcum","Flame Barrier","Metallicize","Clothesline"],"campfire_rested":0,"item_purchase_floors":[5,5,20,20,20,20],"current_hp_per_floor":[78,67,67,73,73,79,80,80,80,75,80,80,68,70,70,75,79,64,64,64,59,13,0],"gold":177,"neow_bonus":"THREE_ENEMY_KILL","is_prod":false,"is_daily":false,"chose_seed":false,"campfire_upgraded":3,"win_rate":0,"timestamp":1548579995,"path_taken":["M","?","?","?","$","E","M","R","T","M","M","R","M","M","R","BOSS","M","?","$","M","?","E"],"build_version":"2019-01-23","purchased_purges":0,"victory":false,"max_hp_per_floor":[80,80,80,80,80,80,80,80,80,80,80,80,80,80,80,80,80,80,80,80,80,80,80],"card_choices":[{"not_picked":["Headbutt","Body Slam"],"picked":"Corruption","floor":1},{"not_picked":["Wild Strike","Cleave"],"picked":"Iron Wave","floor":4},{"not_picked":["Clothesline","Shrug It Off"],"picked":"True Grit","floor":6},{"not_picked":["Anger","True Grit"],"picked":"Spot Weakness","floor":7},{"not_picked":["Anger","Perfected Strike"],"picked":"True Grit","floor":10},{"not_picked":["Thunderclap","Anger"],"picked":"Flex","floor":11},{"not_picked":["Headbutt","Warcry"],"picked":"Sword Boomerang","floor":13},{"not_picked":["Rupture","True Grit"],"picked":"Heavy Blade","floor":14},{"not_picked":["Barricade","Berserk"],"picked":"Offering","floor":16},{"not_picked":["Thunderclap+1","Clash"],"picked":"Sword Boomerang","floor":18},{"not_picked":["Sever Soul","Anger","Rage"],"picked":"SKIP","floor":21}],"player_experience":588529,"relics_obtained":[{"floor":6,"key":"Ancient Tea Set"},{"floor":9,"key":"Pantograph"},{"floor":22,"key":"Pocketwatch"},{"floor":22,"key":"Mummified Hand"}],"event_choices":[{"damage_healed":0,"gold_gain":75,"player_choice":"Gather Gold","damage_taken":11,"max_hp_gain":0,"max_hp_loss":0,"event_name":"World of Goop","floor":2,"gold_loss":0},{"damage_healed":0,"gold_gain":0,"player_choice":"Bought 3 Potions","damage_taken":0,"max_hp_gain":0,"max_hp_loss":0,"event_name":"The Woman in Blue","floor":3,"gold_loss":0},{"damage_healed":0,"gold_gain":0,"player_choice":"Ignored","damage_taken":0,"max_hp_gain":0,"max_hp_loss":0,"event_name":"Beggar","floor":19,"gold_loss":0},{"damage_healed":0,"gold_gain":0,"player_choice":"Fight","damage_taken":0,"max_hp_gain":0,"max_hp_loss":0,"event_name":"Colosseum","floor":22,"gold_loss":0},{"damage_healed":0,"gold_gain":0,"player_choice":"Fought Nobs","damage_taken":0,"max_hp_gain":0,"max_hp_loss":0,"event_name":"Colosseum","floor":22,"gold_loss":0}],"is_beta":false,"boss_relics":[{"not_picked":["Astrolabe","White Beast Statue"],"picked":"Black Star"}],"items_purged_floors":[],"is_endless":false,"potions_floor_spawned":[1,7,14,16,22],"killed_by":"Book of Stabbing","ascension_level":6}