{"gold_per_floor":[112,112,112,123,43,78,98,132,132,132,132,161,173,184,184,256,256,269,316,351,369,381,381,415,429,511,524,68,82,82,5,5,80,80,91,91,104,70,88,88,88,116,163,163,175,175,175,208,208,208],"floor_reached":51,"playtime":2903,"items_purged":[],"score":1466,"play_id":"32be3d5e-0452-407e-b65a-f07351f483a6","local_time":"20180705194158","is_ascension_mode":true,"campfire_choices":[{"data":"Malaise","floor":11,"key":"SMITH"},{"floor":15,"key":"DIG"},{"floor":23,"key":"DIG"},{"floor":30,"key":"REST"},{"floor":32,"key":"REST"},{"floor":40,"key":"DIG"},{"floor":47,"key":"DIG"},{"floor":49,"key":"REST"}],"neow_cost":"NONE","seed_source_timestamp":87630087822110,"circlet_count":0,"master_deck":["Defend_G","Defend_G+1","Defend_G","Defend_G","Defend_G","Strike_G","Strike_G","Strike_G","Strike_G","Survivor","Neutralize+1","AscendersBane","Quick Slash","Sucker Punch","Malaise+1","Caltrops","Backstab","Backflip+1","Dagger Spray+1","Predator","Adrenaline+1","Terror+1","Footwork","Cloak And Dagger+1","Malaise+1","Sucker Punch+1","Dodge and Roll+1","Predator","J.A.X.+1","Bullet Time+1","Footwork+1","Backflip+1","Malaise+1","Backflip+1","Injury","Deflect+1","Parasite","Mind Blast","Backstab","Madness+1","Madness+1","Burst+1"],"relics":["Ring of the Snake","NeowsBlessing","Bag of Preparation","Shovel","Toxic Egg 2","Oddly Smooth Stone","Letter Opener","Darkstone Periapt","Runic Dome","Blood Vial","Red Mask","Thread and Needle","Mercury Hourglass","Bottled Flame","Bag of Marbles","Anchor","Ancient Tea Set","Cursed Key","Juzu Bracelet","Dead Branch","Bronze Scales","War Paint","Frozen Egg 2"],"potions_floor_usage":[8,16,18,21,24,33,33],"damage_taken":[{"damage":0,"enemies":"Cultist","floor":1,"turns":1},{"damage":0,"enemies":"Jaw Worm","floor":4,"turns":1},{"damage":0,"enemies":"3 Sentries","floor":6,"turns":2},{"damage":2,"enemies":"Small Slimes","floor":7,"turns":5},{"damage":8,"enemies":"Lagavulin","floor":8,"turns":9},{"damage":19,"enemies":"Gremlin Nob","floor":12,"turns":5},{"damage":0,"enemies":"Looter","floor":13,"turns":4},{"damage":2,"enemies":"Exordium Thugs","floor":14,"turns":4},{"damage":5,"enemies":"The Guardian","floor":16,"turns":16},{"damage":2,"enemies":"Spheric Guardian","floor":18,"turns":3},{"damage":5,"floor":20,"turns":4},{"damage":1,"enemies":"2 Thieves","floor":21,"turns":3},{"damage":6,"enemies":"Snake Plant","floor":22,"turns":4},{"damage":32,"enemies":"Gremlin Leader","floor":24,"turns":6},{"damage":0,"enemies":"Sentry and Sphere","floor":25,"turns":4},{"damage":15,"enemies":"Chosen and Byrds","floor":27,"turns":6},{"damage":0,"enemies":"Snecko","floor":29,"turns":3},{"damage":20,"enemies":"Automaton","floor":33,"turns":8},{"damage":3,"enemies":"Orb Walker","floor":35,"turns":2},{"damage":0,"enemies":"3 Shapes","floor":37,"turns":2},{"damage":0,"enemies":"Sphere and 2 Shapes","floor":39,"turns":5},{"damage":3,"enemies":"2 Orb Walkers","floor":42,"turns":4},{"damage":6,"enemies":"4 Shapes","floor":45,"turns":1},{"damage":3,"enemies":"Giant Head","floor":48,"turns":5},{"damage":18,"enemies":"Awakened One","floor":50,"turns":12}],"seed_played":"537626256654998886","potions_obtained":[{"floor":6,"key":"EssenceOfSteel"},{"floor":14,"key":"FearPotion"},{"floor":16,"key":"AttackPotion"},{"floor":20,"key":"EssenceOfSteel"},{"floor":21,"key":"Poison Potion"},{"floor":25,"key":"SteroidPotion"},{"floor":27,"key":"PowerPotion"},{"floor":33,"key":"PowerPotion"},{"floor":35,"key":"LiquidBronze"}],"is_trial":false,"path_per_floor":["M","?","?","M","$","E","M","E","T","?","R","E","M","M","R","B",null,"M","T","?","M","M","R","E","M","T","M","$","M","R","?","R","B",null,"M","?","M","$","M","R","?","E","T","?","M","?","R","E","R","B"],"character_chosen":"THE_SILENT","items_purchased":["Malaise","Bag of Marbles","Anchor","Ancient Tea Set","Malaise+1"],"campfire_rested":3,"item_purchase_floors":[5,28,28,28,38],"current_hp_per_floor":[59,59,59,59,59,59,57,49,49,49,49,30,30,28,28,23,55,53,53,50,51,47,47,17,19,19,6,6,8,27,27,46,28,57,56,56,58,58,60,60,66,65,71,71,67,53,53,52,75,59],"gold":208,"neow_bonus":"THREE_ENEMY_KILL","is_prod":false,"is_daily":false,"chose_seed":false,"campfire_upgraded":1,"win_rate":0,"timestamp":1530812518,"path_taken":["M","?","?","?","?","E","?","E","T","?","R","E","M","M","R","BOSS","M","?","?","M","M","R","E","?","T","M","$","M","R","?","R","BOSS","M","?","?","$","M","R","?","E","T","?","M","?","R","E","R","BOSS"],"build_version":"2018-06-28","purchased_purges":0,"victory":true,"max_hp_per_floor":[66,66,66,66,66,66,66,66,66,66,66,66,66,66,66,66,66,66,66,66,66,66,66,66,66,66,66,66,66,66,66,66,66,66,66,66,66,66,66,66,72,72,78,78,78,78,78,78,78,78],"card_choices":[{"not_picked":["Flying Knee","Deadly Poison"],"picked":"Quick Slash","floor":1},{"not_picked":["Outmaneuver","Skewer"],"picked":"Sucker Punch","floor":4},{"not_picked":["Crippling Poison","Underhanded Strike"],"picked":"Caltrops","floor":6},{"not_picked":["Infinite Blades","Choke"],"picked":"Backstab","floor":7},{"not_picked":["Underhanded Strike","Cloak And Dagger"],"picked":"Backflip","floor":8},{"not_picked":["Quick Slash","Caltrops","Masterful Stab"],"picked":"SKIP","floor":12},{"not_picked":["All Out Attack","Slice"],"picked":"Dagger Spray","floor":13},{"not_picked":["Backflip+1","Accuracy"],"picked":"Predator","floor":14},{"not_picked":["A Thousand Cuts","Doppelganger+1"],"picked":"Adrenaline+1","floor":16},{"not_picked":["Distraction+1","Bane"],"picked":"Terror+1","floor":18},{"not_picked":["Reflex+1","Deadly Poison+1"],"picked":"Footwork","floor":20},{"not_picked":["Outmaneuver+1","Sucker Punch","Grand Finale"],"picked":"SKIP","floor":21},{"not_picked":["Deflect+1","Deadly Poison+1"],"picked":"Cloak And Dagger+1","floor":22},{"not_picked":["Distraction+1","Deflect+1"],"picked":"Malaise+1","floor":24},{"not_picked":["Quick Slash+1","Catalyst+1"],"picked":"Sucker Punch+1","floor":25},{"not_picked":["Bane","Slice"],"picked":"Dodge and Roll+1","floor":27},{"not_picked":["Prepared+1","Flying Knee"],"picked":"Predator","floor":29},{"not_picked":["Die Die Die","Unload"],"picked":"Bullet Time+1","floor":33},{"not_picked":["Poisoned Stab+1","Dagger Throw+1"],"picked":"Footwork+1","floor":35},{"not_picked":["Choke","Deadly Poison+1"],"picked":"Backflip+1","floor":37},{"not_picked":["Quick Slash","Outmaneuver+1"],"picked":"Backflip+1","floor":39},{"not_picked":["Poisoned Stab+1","Finisher"],"picked":"Deflect+1","floor":42},{"not_picked":["Swift Strike","Good Instincts+1"],"picked":"Mind Blast","floor":44},{"not_picked":["Slice+1","Quick Slash"],"picked":"Backstab","floor":45},{"not_picked":["Underhanded Strike","Deadly Poison+1"],"picked":"Burst+1","floor":48}],"player_experience":756541,"relics_obtained":[{"floor":6,"key":"Bag of Preparation"},{"floor":8,"key":"Shovel"},{"floor":9,"key":"Toxic Egg 2"},{"floor":12,"key":"Letter Opener"},{"floor":15,"key":"Darkstone Periapt"},{"floor":19,"key":"Blood Vial"},{"floor":20,"key":"Red Mask"},{"floor":23,"key":"Thread and Needle"},{"floor":24,"key":"Mercury Hourglass"},{"floor":26,"key":"Bottled Flame"},{"floor":40,"key":"Juzu Bracelet"},{"floor":42,"key":"Dead Branch"},{"floor":43,"key":"Bronze Scales"},{"floor":47,"key":"War Paint"},{"floor":48,"key":"Frozen Egg 2"}],"event_choices":[{"event_name":"Scrap Ooze","player_choice":"unsuccessful","floor":2,"damage_taken":0},{"event_name":"Upgrade Shrine","player_choice":"Upgraded","floor":3,"damage_taken":0},{"event_name":"Dead Adventurer","player_choice":"Searched \u00271\u0027 times","floor":10,"damage_taken":0},{"event_name":"Masked Bandits","player_choice":"Fought over 316 gold","floor":20,"damage_taken":0},{"event_name":"Drug Dealer","player_choice":"Got JAXXED","floor":31,"damage_taken":0},{"event_name":"Falling","player_choice":"Removed Attack","floor":36,"damage_taken":0},{"event_name":"Accursed Blacksmith","player_choice":"Forge","floor":41,"damage_taken":0},{"event_name":"SensoryStone","player_choice":"Memory 1","floor":44,"damage_taken":0},{"event_name":"Winding Halls","player_choice":"Embrace Madness","floor":46,"damage_taken":0}],"boss_relics":[{"not_picked":["Tiny House","Snecko Eye"],"picked":"Runic Dome"},{"not_picked":["Fusion Hammer","White Beast Statue"],"picked":"Cursed Key"}],"items_purged_floors":[],"is_endless":false,"potions_floor_spawned":[6,14,16,20,21,25,27,33,35,42,45,48],"ascension_level":15}