{"path_per_floor":["M","?","M","?","$","E","R","E","T","$","?","M","R","E","R","B",null,"M","?","?","M","$","R","M","R","T","$","R","?","?","M","R","B",null,"M","$","M","M","M","E","R","M","T"],"character_chosen":"THE_SILENT","items_purchased":["Corpse Explosion","Apotheosis","Bandage Up"],"gold_per_floor":[113,113,130,130,50,85,85,112,112,37,37,55,55,89,89,185,185,205,205,205,221,22,22,33,33,33,33,33,33,33,43,43,143,173,192,3,19,31,49,78,78,88,111],"floor_reached":44,"campfire_rested":3,"playtime":3281,"current_hp_per_floor":[70,63,63,63,63,63,63,54,54,54,47,47,47,38,59,63,70,55,55,55,53,53,53,44,65,65,65,65,49,49,43,64,56,70,59,59,61,67,52,42,42,11,11],"items_purged":["Regret","Pain"],"gold":111,"play_id":"e57b02e7-8a52-44b3-a1d2-ef993617704f","is_prod":false,"is_daily":false,"is_ascension_mode":true,"campfire_upgraded":5,"path_taken":["M","?","?","?","$","E","R","E","T","$","?","M","R","E","R","BOSS","M","?","?","?","$","R","M","R","T","?","R","?","?","M","R","BOSS","M","$","M","M","?","E","R","M","T","M"],"build_version":"2018-02-01-PROD3","purchased_purges":2,"victory":false,"master_deck":["Defend_G+1","Defend_G+1","Defend_G+1","Defend_G+1","Defend_G+1","Strike_G+1","Strike_G+1","Strike_G+1","Strike_G+1","Survivor","Neutralize+1","Cloak And Dagger","Noxious Fumes+1","Corpse Explosion","Terror","Footwork","Finisher","Backstab","Adrenaline+1","Catalyst","Bane+1","Apotheosis+1","Cloak And Dagger","Escape Plan","PiercingWail","Prepared+1","After Image","Clumsy","Regret","Bandage Up","Die Die Die","Cloak And Dagger","Bouncing Flask+1","Accuracy+1","Backflip+1"],"max_hp_per_floor":[70,70,70,70,70,70,70,70,70,70,70,70,70,70,70,70,70,70,70,70,70,70,70,70,70,70,70,70,70,70,70,70,70,70,70,70,70,70,70,70,70,70,70],"relics":["Ring of the Snake","NeowsBlessing","Prayer Wheel","Dream Catcher","Paper Crane","Frozen Eye","Mercury Hourglass","Kunai","Question Card","Ancient Tea Set","Enchiridion","Calling Bell","Tiny Chest","Vajra","Lantern","Regal Pillow","Oddly Smooth Stone"],"card_choices":[{"not_picked":["PiercingWail","Catalyst"],"picked":"Cloak And Dagger"},{"not_picked":["Prepared","Masterful Stab"],"picked":"Noxious Fumes"},{"not_picked":["Poisoned Stab","Escape Plan"],"picked":"Terror"},{"not_picked":["Leg Sweep","Terror"],"picked":"Footwork"},{"not_picked":["Deflect","Bane"],"picked":"Finisher"},{"not_picked":["PiercingWail","Dodge and Roll"],"picked":"Backstab"},{"not_picked":["Glass Knife","A Thousand Cuts"],"picked":"Adrenaline"},{"not_picked":["Riddle With Holes","Reflex","Deflect"],"picked":"Bane"},{"not_picked":["Riddle With Holes","Poisoned Stab","Finisher"],"picked":"Cloak And Dagger"},{"not_picked":["Sucker Punch","Endless Agony","PiercingWail"],"picked":"Escape Plan"},{"not_picked":["Flechettes","Dodge and Roll","Bullet Time"],"picked":"PiercingWail"},{"not_picked":["Underhanded Strike","Eviscerate","Reflex"],"picked":"Prepared"},{"not_picked":["Wraith Form","Tactician","Glass Knife"],"picked":"After Image"},{"not_picked":["Masterful Stab","Malaise","PiercingWail"],"picked":"Die Die Die"},{"not_picked":["Distraction","Flying Knee","PiercingWail"],"picked":"Cloak And Dagger"},{"not_picked":["Bane","After Image","Quick Slash"],"picked":"Bouncing Flask"},{"not_picked":["Crippling Poison","Underhanded Strike","Poisoned Stab"],"picked":"Accuracy"},{"not_picked":["Skewer","Bouncing Flask","Dagger Throw"],"picked":"Backflip"}],"player_experience":79293,"potions_floor_usage":[8,14,16,24,37,38,38,40],"damage_taken":[{"damage":0,"enemies":"Small Slimes","floor":1,"turns":1},{"damage":0,"enemies":"Cultist","floor":3,"turns":1},{"damage":0,"enemies":"3 Sentries","floor":6,"turns":2},{"damage":19,"enemies":"Lagavulin","floor":8,"turns":8},{"damage":0,"enemies":"Blue Slaver","floor":12,"turns":5},{"damage":9,"enemies":"Gremlin Nob","floor":14,"turns":4},{"damage":11,"enemies":"Slime Boss","floor":16,"turns":8},{"damage":15,"enemies":"3 Byrds","floor":18,"turns":4},{"damage":2,"enemies":"Chosen","floor":21,"turns":6},{"damage":9,"enemies":"3 Cultists","floor":24,"turns":5},{"damage":6,"enemies":"Snecko","floor":31,"turns":6},{"damage":8,"enemies":"Automaton","floor":33,"turns":9},{"damage":11,"enemies":"Orb Walker","floor":35,"turns":4},{"damage":4,"enemies":"3 Shapes","floor":37,"turns":7},{"damage":0,"enemies":"Maw","floor":38,"turns":9},{"damage":21,"enemies":"Sphere and 2 Shapes","floor":39,"turns":6},{"damage":16,"enemies":"Nemesis","floor":40,"turns":8},{"damage":35,"enemies":"3 Darklings","floor":42,"turns":4},{"damage":18,"enemies":"4 Shapes","floor":44,"turns":1}],"event_choices":[{"event_name":"Golden Wing","player_choice":"Card Removal","floor":2,"damage_taken":0},{"event_name":"Big Fish","player_choice":"Box","floor":4,"damage_taken":0},{"event_name":"Scrap Ooze","player_choice":"success","floor":11,"damage_taken":7},{"event_name":"The Library","player_choice":"Read","floor":19,"damage_taken":0},{"event_name":"Vampires","player_choice":"Ignored","floor":20,"damage_taken":0},{"event_name":"Cursed Tome","player_choice":"Obtained Book","floor":29,"damage_taken":0},{"event_name":"Back to Basics","player_choice":"Simplicity","floor":30,"damage_taken":0}],"boss_relics":[{"not_picked":["Runic Pyramid","Snecko Eye"],"picked":"Question Card"},{"not_picked":["Tiny House","White Beast Statue"],"picked":"Calling Bell"}],"potions_floor_spawned":[6,12,14,21,31,33,37,38],"seed_played":"8502062915558523230","killed_by":"4 Shapes","ascension_level":1,"is_trial":false}