{"gold_per_floor":[113,129,129,144,158,158,186,186,186,221,221,15,30,56,56,56],"floor_reached":16,"playtime":748,"items_purged":["Strike_B"],"score":268,"play_id":"4b971aad-f145-449a-b012-8fdac8ccefbf","local_time":"20190116162314","is_ascension_mode":true,"campfire_choices":[{"data":"Zap","floor":6,"key":"SMITH"},{"data":"Sunder","floor":8,"key":"SMITH"},{"data":"Beam Cell","floor":15,"key":"SMITH"}],"neow_cost":"NONE","seed_source_timestamp":518371813985300,"circlet_count":0,"master_deck":["AscendersBane","Strike_B","Strike_B","Strike_B","Defend_B","Defend_B","Defend_B","Defend_B","Zap+1","Dualcast","Buffer+1","Turbo","Hologram","Coolheaded","Sweeping Beam","Sunder+1","Melter","Storm","Loop","Beam Cell+1"],"relics":["Cracked Core","Blue Candle","Emotion Chip","Turnip","Letter Opener"],"potions_floor_usage":[10,13,16],"damage_taken":[{"damage":5,"enemies":"Small Slimes","floor":1,"turns":3},{"damage":0,"enemies":"Cultist","floor":2,"turns":3},{"damage":0,"enemies":"Jaw Worm","floor":4,"turns":3},{"damage":13,"enemies":"Exordium Wildlife","floor":5,"turns":4},{"damage":24,"enemies":"Lagavulin","floor":7,"turns":8},{"damage":10,"enemies":"Gremlin Nob","floor":10,"turns":3},{"damage":0,"enemies":"Large Slime","floor":13,"turns":6},{"damage":0,"enemies":"3 Sentries","floor":14,"turns":4},{"damage":14,"enemies":"Hexaghost","floor":16,"turns":8}],"seed_played":"7263122279870399126","potions_obtained":[{"floor":7,"key":"FearPotion"},{"floor":14,"key":"Ancient Potion"}],"is_trial":false,"path_per_floor":["M","M","?","M","M","R","E","R","T","E","?","$","M","E","R","B"],"character_chosen":"DEFECT","items_purchased":["Storm","SkillPotion"],"campfire_rested":0,"item_purchase_floors":[12,12],"current_hp_per_floor":[59,59,59,59,46,46,22,22,22,12,12,12,12,12,12,0],"gold":56,"neow_bonus":"ONE_RANDOM_RARE_CARD","is_prod":false,"is_daily":false,"chose_seed":false,"campfire_upgraded":3,"win_rate":0,"timestamp":1547684594,"path_taken":["M","M","?","?","?","R","E","R","T","E","?","?","M","E","R","BOSS"],"build_version":"2019-01-10","purchased_purges":1,"victory":false,"max_hp_per_floor":[71,71,71,71,71,71,71,71,71,71,71,71,71,71,71,71],"card_choices":[{"not_picked":["Beam Cell","Cold Snap"],"picked":"Turbo","floor":1},{"not_picked":["Redo","Gash"],"picked":"Hologram","floor":2},{"not_picked":["Tempest","Steam"],"picked":"Coolheaded","floor":4},{"not_picked":["Stack","Blizzard"],"picked":"Sweeping Beam","floor":5},{"not_picked":["Barrage","Recycle"],"picked":"Sunder","floor":7},{"not_picked":["Redo","Steam"],"picked":"Melter","floor":10},{"not_picked":["Redo","Stack"],"picked":"Loop","floor":13},{"not_picked":["Hologram","Gash"],"picked":"Beam Cell","floor":14}],"player_experience":512178,"relics_obtained":[{"floor":7,"key":"Blue Candle"},{"floor":9,"key":"Emotion Chip"},{"floor":10,"key":"Turnip"},{"floor":14,"key":"Letter Opener"}],"event_choices":[{"damage_healed":0,"gold_gain":0,"player_choice":"Forge","damage_taken":0,"max_hp_gain":0,"max_hp_loss":0,"event_name":"Accursed Blacksmith","floor":3,"gold_loss":0,"cards_upgraded":["Buffer"]},{"damage_healed":0,"gold_gain":0,"player_choice":"Ignored","damage_taken":0,"max_hp_gain":0,"max_hp_loss":0,"event_name":"Liars Game","floor":11,"gold_loss":0}],"is_beta":false,"boss_relics":[],"items_purged_floors":[12],"is_endless":false,"potions_floor_spawned":[7,14],"killed_by":"Hexaghost","ascension_level":17}