{"gold_per_floor":[116,116,127,146,146,206,16,16,43,43,60,85,85,35,35,134,134,145,110,33,46,63,63,81,81,104,104,104,114,43,60,60,60],"floor_reached":33,"playtime":2174,"items_purged":[],"score":305,"play_id":"8fce7de0-8bcb-4db2-8ba4-4b6c52a900c1","local_time":"20180704021307","is_ascension_mode":false,"campfire_choices":[{"data":"Cloak And Dagger","floor":8,"key":"SMITH"},{"data":"Accuracy","floor":10,"key":"SMITH"},{"data":"Accuracy","floor":13,"key":"SMITH"},{"data":"Accuracy","floor":15,"key":"SMITH"},{"data":"Adrenaline","floor":23,"key":"SMITH"},{"data":"Cloak And Dagger","floor":28,"key":"SMITH"},{"data":"Cloak And Dagger","floor":32,"key":"SMITH"}],"neow_cost":"","seed_source_timestamp":256165545051659,"circlet_count":0,"master_deck":["Survivor","Neutralize","Caltrops","Accuracy+1","Cloak And Dagger+1","Backflip","Outmaneuver","Accuracy+1","Accuracy+1","Adrenaline+1","Terror","Expertise","Slice","Deadly Poison","Flying Knee","Dagger Spray","Dodge and Roll","Cloak And Dagger+1","Accuracy","J.A.X.","Dagger Spray","Terror+1","Backstab","Backflip","Backstab","Cloak And Dagger+1"],"relics":["Ring of the Snake","Tiny Chest","Anchor","Oddly Smooth Stone","Pen Nib","Pandora\u0027s Box","Bag of Preparation"],"potions_floor_usage":[6,6,6,29,31],"damage_taken":[{"damage":0,"enemies":"Small Slimes","floor":1,"turns":5},{"damage":2,"enemies":"Cultist","floor":3,"turns":5},{"damage":0,"enemies":"2 Louse","floor":4,"turns":4},{"damage":0,"enemies":"Gremlin Nob","floor":6,"turns":2},{"damage":0,"enemies":"Gremlin Gang","floor":11,"turns":7},{"damage":13,"enemies":"3 Sentries","floor":12,"turns":9},{"damage":33,"enemies":"The Guardian","floor":16,"turns":14},{"damage":9,"enemies":"Chosen","floor":18,"turns":4},{"damage":4,"enemies":"3 Byrds","floor":21,"turns":4},{"damage":11,"enemies":"Snecko","floor":22,"turns":6},{"damage":41,"enemies":"Sentry and Sphere","floor":24,"turns":6},{"damage":0,"enemies":"Cultist and Chosen","floor":29,"turns":4},{"damage":2,"enemies":"Snake Plant","floor":31,"turns":3},{"damage":4,"enemies":"Automaton","floor":33,"turns":4}],"seed_played":"5797629450382695963","potions_obtained":[{"floor":1,"key":"Strength Potion"},{"floor":3,"key":"SteroidPotion"},{"floor":4,"key":"Fire Potion"},{"floor":22,"key":"SpeedPotion"},{"floor":24,"key":"Energy Potion"}],"is_trial":false,"path_per_floor":["M","?","M","M","?","E","$","R","T","R","M","E","R","?","R","B",null,"M","$","?","M","M","R","M","?","T","?","R","M","$","M","R"],"character_chosen":"THE_SILENT","items_purchased":["Outmaneuver","Anchor","Accuracy","Backstab"],"campfire_rested":0,"item_purchase_floors":[7,7,19,30],"current_hp_per_floor":[70,70,68,68,68,68,68,68,68,68,68,55,55,55,55,22,70,61,61,61,57,46,46,5,5,5,5,5,5,5,3,3,0],"gold":60,"neow_bonus":"","is_prod":false,"is_daily":false,"chose_seed":false,"campfire_upgraded":7,"win_rate":0,"timestamp":1530695587,"path_taken":["M","?","?","M","?","E","$","R","T","R","M","E","R","?","R","BOSS","M","$","?","M","M","R","?","?","T","?","R","?","?","M","R","BOSS"],"build_version":"2018-06-28","purchased_purges":0,"victory":false,"max_hp_per_floor":[70,70,70,70,70,70,70,70,70,70,70,70,70,70,70,70,70,70,70,70,70,70,70,70,70,70,70,70,70,70,70,70,70],"card_choices":[{"not_picked":["Well Laid Plans","Catalyst"],"picked":"Caltrops","floor":1},{"not_picked":["Predator","Bane"],"picked":"Accuracy","floor":3},{"not_picked":["Quick Slash","Bane"],"picked":"Cloak And Dagger","floor":4},{"not_picked":["PiercingWail","Catalyst"],"picked":"Backflip","floor":6},{"not_picked":["Poisoned Stab","Noxious Fumes"],"picked":"Accuracy","floor":11},{"not_picked":["Sucker Punch","Backflip"],"picked":"Accuracy","floor":12},{"not_picked":["Die Die Die","Wraith Form v2"],"picked":"Adrenaline","floor":16},{"not_picked":["Poisoned Stab","Backstab"],"picked":"Cloak And Dagger","floor":18},{"not_picked":["Poisoned Stab","Blur"],"picked":"Dagger Spray","floor":21},{"not_picked":["Acrobatics","Dagger Throw"],"picked":"Terror+1","floor":22},{"not_picked":["Poisoned Stab","Deadly Poison"],"picked":"Backstab","floor":24},{"not_picked":["Riddle With Holes","Malaise"],"picked":"Backflip","floor":29},{"not_picked":["Backflip","Bane"],"picked":"Cloak And Dagger","floor":31}],"player_experience":101424,"relics_obtained":[{"floor":6,"key":"Tiny Chest"},{"floor":9,"key":"Oddly Smooth Stone"},{"floor":12,"key":"Pen Nib"},{"floor":26,"key":"Bag of Preparation"}],"event_choices":[{"event_name":"Purifier","player_choice":"One Purge","floor":2,"damage_taken":0},{"event_name":"The Woman in Blue","player_choice":"Bought 0 Potions","floor":5,"damage_taken":0},{"event_name":"The Cleric","player_choice":"Card Removal","floor":14,"damage_taken":0},{"event_name":"Drug Dealer","player_choice":"Got JAXXED","floor":20,"damage_taken":0},{"event_name":"Purifier","player_choice":"One Purge","floor":25,"damage_taken":0},{"event_name":"Ghosts","player_choice":"Ignored","floor":27,"damage_taken":0}],"boss_relics":[{"not_picked":["Philosopher\u0027s Stone","Busted Crown"],"picked":"Pandora\u0027s Box"}],"items_purged_floors":[],"is_endless":false,"potions_floor_spawned":[1,3,4,22,24],"killed_by":"Automaton","ascension_level":0}