{"path_per_floor":["M","?","M","M","M","M","M","R","T","R","?","$","M","M","R","B",null,"M","?","?","M","$","R","?","R","T","E","M","R","M","E","R"],"character_chosen":"IRONCLAD","items_purchased":["Toxic Egg 2"],"gold_per_floor":[109,109,128,144,163,181,199,199,226,226,302,227,245,265,265,389,389,413,413,393,407,51,51,51,51,78,108,124,124,138,167,167,167],"floor_reached":33,"campfire_rested":3,"playtime":2150,"item_purchase_floors":[22],"current_hp_per_floor":[80,74,73,69,50,29,31,53,53,53,42,42,44,46,68,49,74,51,51,51,48,48,70,70,70,74,54,61,61,71,78,78,0],"items_purged":["Bash","Strike_R"],"gold":167,"score":304,"play_id":"8baba991-dec9-48ce-b8be-cfbbe4959002","local_time":"20180624195744","is_prod":false,"is_daily":false,"chose_seed":false,"is_ascension_mode":false,"campfire_upgraded":4,"win_rate":0,"timestamp":1529834264,"campfire_choices":[{"floor":8,"key":"REST"},{"data":"Uppercut","floor":10,"key":"SMITH"},{"floor":15,"key":"REST"},{"floor":23,"key":"REST"},{"data":"Clash","floor":25,"key":"SMITH"},{"data":"Inflame","floor":29,"key":"SMITH"},{"data":"Flex","floor":32,"key":"SMITH"}],"path_taken":["M","?","?","M","?","M","M","R","T","R","?","?","?","M","R","BOSS","M","?","?","?","$","R","?","R","T","E","M","R","M","E","R","BOSS"],"build_version":"2018-06-21","seed_source_timestamp":0,"purchased_purges":2,"circlet_count":0,"victory":false,"master_deck":["Strike_R+1","Strike_R+1","Strike_R+1","Defend_R+1","Defend_R+1","Defend_R+1","Defend_R+1","Offering+1","Clash+1","Flex+1","Double Tap+1","Uppercut+1","Cleave","Inflame+1","Feed","Spot Weakness+1","Flame Barrier+1"],"max_hp_per_floor":[80,74,74,74,74,74,74,74,74,74,74,74,74,74,74,74,74,74,74,74,74,74,74,74,74,74,77,77,77,80,80,80,80],"special_seed":0,"relics":["Burning Blood","Bloody Idol","Bronze Scales","Shuriken","Black Star","Toxic Egg 2","Lantern","War Paint","Happy Flower","Ancient Tea Set","Bag of Preparation"],"card_choices":[{"not_picked":["True Grit","Sword Boomerang","Dual Wield"],"picked":"SKIP","floor":1.0},{"not_picked":["Evolve","Cleave"],"picked":"Offering","floor":3.0},{"not_picked":["Sword Boomerang","Uppercut"],"picked":"Clash","floor":4.0},{"not_picked":["Shrug It Off","Cleave"],"picked":"Flex","floor":5.0},{"not_picked":["Havoc","Twin Strike"],"picked":"Double Tap","floor":6.0},{"not_picked":["Pommel Strike","Warcry"],"picked":"Uppercut","floor":7},{"not_picked":["Body Slam","Double Tap"],"picked":"Cleave","floor":13},{"not_picked":["Uppercut","Rage"],"picked":"Inflame","floor":14},{"not_picked":["Fiend Fire","Bludgeon"],"picked":"Feed","floor":16},{"not_picked":["Cleave","Spot Weakness","Fire Breathing"],"picked":"SKIP","floor":18},{"not_picked":["Seeing Red","Armaments","Sentinel+1"],"picked":"SKIP","floor":21},{"not_picked":["Havoc+1","Power Through+1","Corruption"],"picked":"SKIP","floor":27},{"not_picked":["Seeing Red+1","Sentinel+1","Perfected Strike"],"picked":"SKIP","floor":28},{"not_picked":["Armaments+1","Warcry+1"],"picked":"Spot Weakness+1","floor":30},{"not_picked":["Fire Breathing","Twin Strike"],"picked":"Flame Barrier+1","floor":31}],"player_experience":456729,"potions_floor_usage":[11,11,16,16,16,31,31],"damage_taken":[{"damage":1.0,"enemies":"Small Slimes","floor":1.0,"turns":5.0},{"damage":7.0,"enemies":"Cultist","floor":3.0,"turns":5.0},{"damage":10.0,"enemies":"Jaw Worm","floor":4.0,"turns":2.0},{"damage":25.0,"enemies":"Exordium Wildlife","floor":5.0,"turns":4.0},{"damage":27.0,"enemies":"Exordium Thugs","floor":6.0,"turns":4.0},{"damage":4,"enemies":"Large Slime","floor":7,"turns":5},{"damage":17,"enemies":"3 Sentries","floor":11,"turns":7},{"damage":4,"enemies":"3 Louse","floor":13,"turns":2},{"damage":4,"enemies":"2 Fungi Beasts","floor":14,"turns":2},{"damage":25,"enemies":"The Guardian","floor":16,"turns":9},{"damage":29,"enemies":"2 Thieves","floor":18,"turns":2},{"damage":14,"enemies":"Chosen","floor":21,"turns":5},{"damage":34,"enemies":"Slavers","floor":27,"turns":5},{"damage":4,"enemies":"Snake Plant","floor":28,"turns":2},{"damage":4,"enemies":"3 Cultists","floor":30,"turns":3},{"damage":4,"enemies":"Book of Stabbing","floor":31,"turns":2},{"damage":80,"enemies":"Champ","floor":33,"turns":10}],"relics_obtained":[{"floor":9,"key":"Bronze Scales"},{"floor":11,"key":"Shuriken"},{"floor":26,"key":"Lantern"},{"floor":27,"key":"War Paint"},{"floor":27,"key":"Happy Flower"},{"floor":31,"key":"Ancient Tea Set"},{"floor":31,"key":"Bag of Preparation"}],"event_choices":[{"event_name":"Golden Idol","player_choice":"Lose Max HP","floor":2.0,"damage_taken":0.0},{"event_name":"Dead Adventurer","player_choice":"Searched \u00271\u0027 times","floor":11,"damage_taken":0},{"event_name":"Forgotten Altar","player_choice":"Gave Idol","floor":19,"damage_taken":0},{"event_name":"The Woman in Blue","player_choice":"Bought 1 Potion","floor":20,"damage_taken":0},{"event_name":"Back to Basics","player_choice":"Simplicity","floor":24,"damage_taken":0}],"boss_relics":[{"not_picked":["Philosopher\u0027s Stone","Snecko Eye"],"picked":"Black Star"}],"items_purged_floors":[12,22],"is_endless":true,"potions_floor_spawned":[4,6,7,11,11,14,21,28,30],"seed_played":"-532996338242098098","killed_by":"Champ","ascension_level":0,"potions_obtained":[{"floor":4.0,"key":"Dexterity Potion"},{"floor":6.0,"key":"FearPotion"},{"floor":7,"key":"SpeedPotion"},{"floor":11,"key":"Weak Potion"},{"floor":11,"key":"Weak Potion"},{"floor":14,"key":"Poison Potion"},{"floor":20,"key":"SmokeBomb"},{"floor":21,"key":"Poison Potion"},{"floor":28,"key":"GamblersBrew"},{"floor":30,"key":"Poison Potion"}],"is_trial":false}