{"path_per_floor":["M","T","?","M","$","R","M","M","T","E","M","M","R","M","R"],"character_chosen":"DEFECT","items_purchased":["Streamline"],"gold_per_floor":[109,109,109,123,25,25,43,63,63,96,111,125,125,138,138,138],"floor_reached":16,"campfire_rested":1,"playtime":451,"item_purchase_floors":[5],"current_hp_per_floor":[67,67,50,32,32,32,30,30,30,12,11,11,11,11,31,0],"items_purged":["Strike_B"],"gold":138,"score":125,"play_id":"461eb6fe-cbad-4b5f-9f72-ce8be8906fbd","local_time":"20180523001300","is_prod":false,"is_daily":false,"chose_seed":false,"is_ascension_mode":true,"campfire_upgraded":0,"timestamp":1527001980,"campfire_choices":[{"data":"1","floor":6,"key":"LIFT"},{"data":"2","floor":13,"key":"LIFT"},{"floor":15,"key":"REST"}],"path_taken":["M","?","?","M","$","R","?","M","T","E","?","M","R","?","R","BOSS"],"build_version":"2018-05-21v2","seed_source_timestamp":498389435442743,"purchased_purges":1,"victory":false,"master_deck":["Strike_B","Strike_B","Strike_B","Defend_B","Defend_B","Defend_B","Defend_B","Zap","Dualcast","Go for the Eyes","Leap","Streamline","Hologram","Turbo","Sweeping Beam","Defragment","Self Repair","Coolheaded"],"max_hp_per_floor":[68,68,68,68,68,68,68,68,68,68,68,68,68,68,68,68],"relics":["Cracked Core","Girya","Golden Idol","Dream Catcher"],"card_choices":[{"not_picked":["Steam","Hologram"],"picked":"Go for the Eyes","floor":1},{"not_picked":["Force Field","Turbo"],"picked":"Leap","floor":4},{"not_picked":["Streamline","Coolheaded"],"picked":"Hologram","floor":7},{"not_picked":["Streamline","Leap"],"picked":"Turbo","floor":8},{"not_picked":["Conserve Battery","Force Field","Rebound"],"picked":"SKIP","floor":10},{"not_picked":["Redo","Rebound"],"picked":"Sweeping Beam","floor":11},{"not_picked":["Lockon","Ball Lightning"],"picked":"Defragment","floor":12},{"not_picked":["Double Energy","Beam Cell"],"picked":"Self Repair","floor":14},{"not_picked":["Fusion","Buffer"],"picked":"Coolheaded","floor":15}],"player_experience":505627,"potions_floor_usage":[10,14,16],"damage_taken":[{"damage":1,"enemies":"Cultist","floor":1,"turns":3},{"damage":18,"enemies":"Small Slimes","floor":4,"turns":3},{"damage":2,"enemies":"2 Louse","floor":7,"turns":2},{"damage":0,"enemies":"Blue Slaver","floor":8,"turns":3},{"damage":18,"enemies":"Lagavulin","floor":10,"turns":5},{"damage":1,"enemies":"Gremlin Gang","floor":11,"turns":4},{"damage":0,"enemies":"Red Slaver","floor":12,"turns":4},{"damage":0,"enemies":"2 Fungi Beasts","floor":14,"turns":3},{"damage":31,"enemies":"Hexaghost","floor":16,"turns":9}],"relics_obtained":[{"floor":9,"key":"Dream Catcher"}],"event_choices":[{"event_name":"Golden Idol","player_choice":"Take Damage","floor":3,"damage_taken":0}],"boss_relics":[],"items_purged_floors":[5],"potions_floor_spawned":[8,10,11,12],"seed_played":"5148071310579145092","killed_by":"Hexaghost","ascension_level":4,"potions_obtained":[{"floor":8,"key":"FearPotion"},{"floor":10,"key":"FearPotion"},{"floor":11,"key":"Swift Potion"},{"floor":12,"key":"Fire Potion"}],"is_trial":false}