{"gold_per_floor":[119,137,137,157,107,137,152,152,152,179,179,197,207,233,233,332,332,349,349,366,93,106,106,131,131,131,141,141,141,141,153,153,253,253,267,133,133,0,0,0,11,11,35,47,47,47,47,78,78,78,78,78,1,29,29],"floor_reached":55,"playtime":2523,"items_purged":["Defend_B","Defend_B"],"score":774,"play_id":"c8b5408f-9c2f-4603-8310-b950ae17767f","local_time":"20181031153645","is_ascension_mode":true,"campfire_choices":[{"data":"Hologram","floor":8,"key":"SMITH"},{"data":"Streamline","floor":11,"key":"SMITH"},{"data":"Loop","floor":15,"key":"SMITH"},{"data":"Recycle","floor":23,"key":"SMITH"},{"data":"Dualcast","floor":25,"key":"SMITH"},{"data":"Conserve Battery","floor":28,"key":"SMITH"},{"floor":32,"key":"REST"},{"data":"Lockon","floor":40,"key":"SMITH"},{"floor":42,"key":"RECALL"},{"data":"Multi-Cast","floor":46,"key":"SMITH"},{"floor":49,"key":"REST"},{"data":"Buffer","floor":52,"key":"SMITH"}],"neow_cost":"NONE","seed_source_timestamp":1830911889549264,"circlet_count":0,"master_deck":["Defend_B","Zap","Dualcast+1","Recycle+1","Streamline+1","Streamline","Doom and Gloom","Darkness","Multi-Cast+1","Hologram+1","Redo","Loop+1","Buffer+1","Loop+1","Steam","Conserve Battery+1","Defragment","BootSequence+1","Core Surge","Lockon+1","Madness","Madness","Auto Shields","Steam+1"],"relics":["Cracked Core","Meat on the Bone","Matryoshka","Bronze Scales","Dodecahedron","Empty Cage","Oddly Smooth Stone","Letter Opener","Regal Pillow","Ancient Tea Set","Bottled Flame","Busted Crown","Red Mask","Omamori","Vajra","Nunchaku","Ice Cream","Mango"],"potions_floor_usage":[10,18,20,24,33,54],"damage_taken":[{"damage":0,"enemies":"Cultist","floor":1,"turns":4},{"damage":4,"enemies":"2 Louse","floor":2,"turns":2},{"damage":2,"enemies":"Small Slimes","floor":4,"turns":3},{"damage":35,"enemies":"3 Sentries","floor":6,"turns":5},{"damage":8,"enemies":"Red Slaver","floor":7,"turns":3},{"damage":16,"enemies":"Gremlin Nob","floor":10,"turns":3},{"damage":1,"enemies":"Exordium Thugs","floor":12,"turns":4},{"damage":16,"enemies":"Exordium Wildlife","floor":13,"turns":4},{"damage":30,"enemies":"3 Sentries","floor":14,"turns":7},{"damage":10,"enemies":"The Guardian","floor":16,"turns":6},{"damage":20,"enemies":"2 Thieves","floor":18,"turns":3},{"damage":0,"enemies":"Spheric Guardian","floor":20,"turns":3},{"damage":13,"enemies":"Centurion and Healer","floor":22,"turns":4},{"damage":11,"enemies":"Book of Stabbing","floor":24,"turns":5},{"damage":12,"enemies":"3 Cultists","floor":27,"turns":4},{"damage":11,"enemies":"Colosseum Slavers","floor":30,"turns":2},{"damage":17,"enemies":"Snake Plant","floor":31,"turns":3},{"damage":24,"enemies":"Automaton","floor":33,"turns":8},{"damage":0,"enemies":"Orb Walker","floor":35,"turns":2},{"damage":0,"enemies":"3 Shapes","floor":41,"turns":3},{"damage":0,"enemies":"Writhing Mass","floor":44,"turns":3},{"damage":32,"enemies":"Reptomancer","floor":48,"turns":3},{"damage":66,"enemies":"Donu and Deca","floor":50,"turns":5},{"damage":49,"enemies":"Shield and Spear","floor":54,"turns":4},{"damage":64,"enemies":"The Heart","floor":55,"turns":2}],"seed_played":"-8820860053050700133","potions_obtained":[{"floor":6,"key":"EssenceOfSteel"},{"floor":7,"key":"Energy Potion"},{"floor":10,"key":"Strength Potion"},{"floor":16,"key":"Swift Potion"},{"floor":18,"key":"Fruit Juice"},{"floor":20,"key":"Block Potion"},{"floor":31,"key":"Explosive Potion"},{"floor":35,"key":"Explosive Potion"},{"floor":41,"key":"Fire Potion"}],"is_trial":false,"path_per_floor":["M","M","?","M","?","E","M","R","T","E","R","M","M","E","R","B",null,"M","?","M","$","M","R","E","R","T","M","R","T","?","M","R","B",null,"M","$","?","?","T","R","M","R","T","M","T","R","$","E","R","B",null,"R","$","E","B"],"character_chosen":"DEFECT","items_purchased":["Conserve Battery","Oddly Smooth Stone","Lockon","Auto Shields"],"campfire_rested":2,"item_purchase_floors":[21,21,36,53],"current_hp_per_floor":[75,71,71,69,69,34,38,38,38,34,34,45,41,23,23,25,75,55,55,60,60,47,47,48,48,48,48,48,48,49,44,80,56,80,80,80,70,70,70,70,70,70,70,70,70,70,70,50,80,26,80,80,80,57,0],"gold":29,"neow_bonus":"TRANSFORM_CARD","is_prod":false,"is_daily":false,"chose_seed":false,"campfire_upgraded":9,"win_rate":0,"timestamp":1541014605,"path_taken":["M","M","?","?","?","E","M","R","T","E","R","M","M","E","R","BOSS","M","?","?","$","M","R","E","R","T","M","R","?","?","M","R","BOSS","M","$","?","?","?","R","M","R","T","?","?","R","$","E","R","BOSS","R","$","E","BOSS"],"build_version":"2018-10-30","purchased_purges":2,"victory":false,"max_hp_per_floor":[75,75,75,75,75,75,75,75,75,75,75,75,75,75,75,75,75,75,75,80,80,80,80,80,80,80,80,80,80,80,80,80,80,80,80,80,80,80,80,80,80,80,80,80,80,80,80,80,80,80,80,80,80,94,94],"card_choices":[{"not_picked":["Turbo","Cold Snap"],"picked":"Streamline","floor":1},{"not_picked":["Hello World","Stack"],"picked":"Streamline","floor":2},{"not_picked":["BootSequence","Loop"],"picked":"Darkness","floor":4},{"not_picked":["Gash","Conserve Battery"],"picked":"Multi-Cast","floor":6},{"not_picked":["Self Repair","Turbo"],"picked":"Hologram","floor":7},{"not_picked":["Sunder","Cold Snap","Chaos"],"picked":"SKIP","floor":10},{"not_picked":["Static Discharge","Leap"],"picked":"Redo","floor":12},{"not_picked":["Coolheaded","Sunder"],"picked":"Loop","floor":13},{"not_picked":["Recycle","Beam Cell","Steam"],"picked":"SKIP","floor":14},{"not_picked":["Rainbow","Fission"],"picked":"Buffer","floor":16},{"not_picked":["Storm+1","Rip and Tear+1","Ball Lightning"],"picked":"SKIP","floor":18},{"not_picked":["Aggregate","Turbo"],"picked":"Steam","floor":20},{"not_picked":["Barrage+1","Compile Driver"],"picked":"Defragment","floor":22},{"not_picked":["Rebound","Leap"],"picked":"BootSequence+1","floor":24},{"not_picked":["Recycle","Coolheaded","Compile Driver"],"picked":"SKIP","floor":27},{"not_picked":["Coolheaded","All For One","Tempest+1"],"picked":"SKIP","floor":31},{"not_picked":["Thunder Strike","Hyperbeam"],"picked":"Core Surge","floor":33},{"not_picked":["Sweeping Beam+1"],"picked":"SKIP","floor":35},{"not_picked":["Barrage"],"picked":"SKIP","floor":41},{"not_picked":["Tempest+1"],"picked":"SKIP","floor":44},{"not_picked":["Sweeping Beam+1"],"picked":"SKIP","floor":48},{"not_picked":[],"picked":"Steam+1","floor":54}],"player_experience":322502,"relics_obtained":[{"floor":6,"key":"Meat on the Bone"},{"floor":9,"key":"Matryoshka"},{"floor":10,"key":"Bronze Scales"},{"floor":14,"key":"Dodecahedron"},{"floor":24,"key":"Letter Opener"},{"floor":26,"key":"Regal Pillow"},{"floor":29,"key":"Ancient Tea Set"},{"floor":29,"key":"Bottled Flame"},{"floor":39,"key":"Omamori"},{"floor":43,"key":"Vajra"},{"floor":45,"key":"Nunchaku"},{"floor":48,"key":"Ice Cream"},{"floor":54,"key":"Mango"}],"event_choices":[{"damage_healed":0,"gold_gain":0,"cards_transformed":["Strike_B"],"player_choice":"Transformed","damage_taken":0,"max_hp_gain":0,"max_hp_loss":0,"event_name":"Transmorgrifier","floor":3,"gold_loss":0,"cards_obtained":["Doom and Gloom"]},{"cards_removed":["Strike_B"],"damage_healed":0,"gold_gain":0,"player_choice":"Card Removal","damage_taken":0,"max_hp_gain":0,"max_hp_loss":0,"event_name":"The Cleric","floor":5,"gold_loss":50},{"damage_healed":0,"gold_gain":0,"player_choice":"Copied","damage_taken":0,"max_hp_gain":0,"max_hp_loss":0,"event_name":"Duplicator","floor":19,"gold_loss":0,"cards_obtained":["Loop"]},{"damage_healed":0,"gold_gain":0,"player_choice":"Fight","damage_taken":0,"max_hp_gain":0,"max_hp_loss":0,"event_name":"Colosseum","floor":30,"gold_loss":0},{"damage_healed":0,"gold_gain":0,"player_choice":"Fled From Nobs","damage_taken":0,"max_hp_gain":0,"max_hp_loss":0,"event_name":"Colosseum","floor":30,"gold_loss":0},{"damage_healed":0,"gold_gain":0,"player_choice":"Embrace Madness","damage_taken":10,"max_hp_gain":0,"max_hp_loss":0,"event_name":"Winding Halls","floor":37,"gold_loss":0,"cards_obtained":["Madness","Madness"]},{"damage_healed":0,"gold_gain":0,"player_choice":"Paid","damage_taken":0,"relics_obtained":["Red Mask"],"max_hp_gain":0,"max_hp_loss":0,"event_name":"Tomb of Lord Red Mask","floor":38,"gold_loss":133}],"is_beta":true,"boss_relics":[{"not_picked":["Cursed Key","Orrery"],"picked":"Empty Cage"},{"not_picked":["Snecko Eye","Philosopher\u0027s Stone"],"picked":"Busted Crown"}],"items_purged_floors":[21,36],"is_endless":false,"potions_floor_spawned":[6,7,10,16,18,20,22,31,35,41],"killed_by":"The Heart","ascension_level":1}