{"gold_per_floor":[116,129,129,147,162,162,193,203,203,203,232,248,248,266,266,362,362,380,396,113,113,128,128,147,147,177,196,196,212,84,100,100,200,200,220,320,320,336,34,63,63,63],"floor_reached":42,"playtime":3169,"items_purged":[],"score":511,"play_id":"0e098b42-cd70-4013-a7d9-261da3b8c7da","local_time":"20190122214938","is_ascension_mode":true,"campfire_choices":[{"data":"1","floor":6,"key":"LIFT"},{"data":"2","floor":10,"key":"LIFT"},{"data":"3","floor":13,"key":"LIFT"},{"floor":15,"key":"RECALL"},{"data":"Perfected Strike","floor":23,"key":"SMITH"},{"data":"Apotheosis","floor":25,"key":"SMITH"},{"data":"Uppercut","floor":32,"key":"SMITH"},{"data":"Reaper","floor":41,"key":"SMITH"}],"neow_cost":"TEN_PERCENT_HP_LOSS","seed_source_timestamp":81410676680320,"circlet_count":0,"master_deck":["Strike_R","Strike_R","Strike_R","Strike_R","Strike_R","Defend_R","Defend_R","Defend_R","Defend_R","Bash","Iron Wave","Rage+1","Twin Strike","Perfected Strike+1","Clothesline","Shrug It Off","Wild Strike","Dropkick","Ghostly Armor","Impervious","Bloodletting","Anger","Apotheosis+1","Warcry","Metallicize","Bash","Blood for Blood","Pummel","Combust","Uppercut+1","Evolve","Inflame","Cleave","Rampage+1","Reaper+1","Sword Boomerang+1","Fire Breathing+1","Sadistic Nature","Sadistic Nature","Deep Breath","Pommel Strike+1","Metallicize","Magnetism","Swift Strike","Barricade"],"relics":["Burning Blood","Girya","Boot","Mummified Hand","Philosopher\u0027s Stone","Tiny Chest","Coffee Dripper","Incense Burner","Gremlin Horn"],"potions_floor_usage":[7,11,29,33,40,40],"damage_taken":[{"damage":4,"enemies":"Small Slimes","floor":1,"turns":4},{"damage":1,"enemies":"Cultist","floor":2,"turns":4},{"damage":1,"enemies":"2 Louse","floor":4,"turns":3},{"damage":2,"enemies":"Looter","floor":5,"turns":4},{"damage":17,"enemies":"Lagavulin","floor":7,"turns":6},{"damage":1,"enemies":"2 Fungi Beasts","floor":8,"turns":3},{"damage":18,"enemies":"3 Sentries","floor":11,"turns":5},{"damage":0,"enemies":"3 Louse","floor":12,"turns":3},{"damage":8,"enemies":"Lots of Slimes","floor":14,"turns":4},{"damage":20,"enemies":"Slime Boss","floor":16,"turns":10},{"damage":12,"enemies":"Spheric Guardian","floor":18,"turns":3},{"damage":0,"enemies":"Chosen","floor":19,"turns":3},{"damage":6,"enemies":"Shelled Parasite and Fungi","floor":22,"turns":5},{"damage":12,"enemies":"Snake Plant","floor":24,"turns":3},{"damage":8,"enemies":"Snecko","floor":27,"turns":4},{"damage":3,"enemies":"3 Cultists","floor":29,"turns":5},{"damage":0,"enemies":"Chosen and Byrds","floor":31,"turns":4},{"damage":56,"enemies":"Automaton","floor":33,"turns":8},{"damage":0,"enemies":"Orb Walker","floor":35,"turns":2},{"damage":25,"enemies":"Mind Bloom Boss Battle","floor":36,"turns":7},{"damage":48,"enemies":"3 Darklings","floor":38,"turns":3},{"damage":31,"enemies":"Reptomancer","floor":40,"turns":5},{"damage":21,"enemies":"4 Shapes","floor":42,"turns":1}],"seed_played":"2613852738019416205","potions_obtained":[{"floor":1,"key":"Strength Potion"},{"floor":5,"key":"Weak Potion"},{"floor":12,"key":"Regen Potion"},{"floor":14,"key":"LiquidBronze"},{"floor":24,"key":"EssenceOfSteel"},{"floor":31,"key":"FearPotion"},{"floor":40,"key":"Fruit Juice"}],"is_trial":false,"path_per_floor":["M","M","?","M","M","R","E","M","T","R","E","M","R","M","R","B",null,"M","M","$","?","M","R","M","R","T","M","?","M","$","M","R","B",null,"M","?","?","M","$","E","R","M"],"character_chosen":"IRONCLAD","items_purchased":["Apotheosis","Warcry","Metallicize","Inflame","Cleave","Metallicize","Magnetism","Swift Strike"],"campfire_rested":0,"item_purchase_floors":[20,20,20,30,30,39,39,39],"current_hp_per_floor":[72,72,72,72,72,72,61,66,66,66,54,60,60,58,58,44,72,66,72,72,72,72,72,66,66,66,64,64,67,67,72,72,22,72,72,53,43,22,22,16,16,0],"gold":63,"neow_bonus":"ONE_RARE_RELIC","is_prod":false,"is_daily":false,"chose_seed":false,"campfire_upgraded":4,"win_rate":0,"timestamp":1548211778,"path_taken":["M","M","?","M","?","R","E","M","T","R","E","M","R","M","R","BOSS","M","M","$","?","?","R","M","R","T","M","?","M","$","M","R","BOSS","M","?","?","M","$","E","R","M"],"build_version":"2019-01-17v2","purchased_purges":0,"victory":false,"max_hp_per_floor":[72,72,72,72,72,72,72,72,72,72,72,72,72,72,72,72,72,72,72,72,72,72,72,72,72,72,72,72,72,72,72,72,72,72,72,72,72,72,72,77,77,77],"card_choices":[{"not_picked":["Flame Barrier","Cleave"],"picked":"Iron Wave","floor":1},{"not_picked":["Thunderclap","Sword Boomerang"],"picked":"Rage","floor":2},{"not_picked":["Flex","Cleave"],"picked":"Twin Strike","floor":4},{"not_picked":["Rage","Wild Strike"],"picked":"Perfected Strike","floor":5},{"not_picked":["Headbutt","Spot Weakness"],"picked":"Clothesline","floor":7},{"not_picked":["True Grit","Barricade"],"picked":"Shrug It Off","floor":8},{"not_picked":["Pummel","Thunderclap"],"picked":"Wild Strike","floor":11},{"not_picked":["Intimidate","Carnage"],"picked":"Dropkick","floor":12},{"not_picked":["Burning Pact","Rage"],"picked":"Ghostly Armor","floor":14},{"not_picked":["Immolate","Bludgeon"],"picked":"Impervious","floor":16},{"not_picked":["Body Slam","Shrug It Off"],"picked":"Bloodletting","floor":18},{"not_picked":["Body Slam","Hemokinesis"],"picked":"Anger","floor":19},{"not_picked":["Whirlwind+1","Rage"],"picked":"Blood for Blood","floor":22},{"not_picked":["Sever Soul+1","Dual Wield+1"],"picked":"Pummel","floor":24},{"not_picked":["True Grit+1","Blood for Blood"],"picked":"Combust","floor":27},{"not_picked":["Shrug It Off","Power Through"],"picked":"Evolve","floor":29},{"not_picked":["Inflame+1","True Grit"],"picked":"Rampage+1","floor":31},{"not_picked":["Fiend Fire","Immolate"],"picked":"Reaper","floor":33},{"not_picked":["Pummel","Clothesline"],"picked":"Sword Boomerang+1","floor":35},{"not_picked":["Inflame","Feel No Pain"],"picked":"Fire Breathing+1","floor":36},{"not_picked":["Finesse","Panacea"],"picked":"Sadistic Nature","floor":37},{"not_picked":["Violence","Panacea"],"picked":"Sadistic Nature","floor":37},{"not_picked":["Metamorphosis","Trip"],"picked":"Deep Breath","floor":37},{"not_picked":["Clothesline","Dual Wield"],"picked":"Pommel Strike+1","floor":38},{"not_picked":["Hemokinesis","Flame Barrier"],"picked":"Barricade","floor":40}],"player_experience":42983,"relics_obtained":[{"floor":7,"key":"Boot"},{"floor":11,"key":"Mummified Hand"},{"floor":26,"key":"Tiny Chest"},{"floor":36,"key":"Incense Burner"},{"floor":40,"key":"Gremlin Horn"}],"event_choices":[{"damage_healed":0,"gold_gain":0,"player_choice":"Upgraded","damage_taken":0,"max_hp_gain":0,"max_hp_loss":0,"event_name":"Upgrade Shrine","floor":3,"gold_loss":0,"cards_upgraded":["Rage"]},{"damage_healed":0,"gold_gain":0,"player_choice":"1 cards matched","damage_taken":0,"max_hp_gain":0,"max_hp_loss":0,"event_name":"Match and Keep!","floor":21,"gold_loss":0,"cards_obtained":["Bash"]},{"damage_healed":0,"gold_gain":0,"player_choice":"1 cards matched","damage_taken":0,"max_hp_gain":0,"max_hp_loss":0,"event_name":"Match and Keep!","floor":21,"gold_loss":0,"cards_obtained":["Bash"]},{"damage_healed":0,"gold_gain":0,"player_choice":"Read","damage_taken":0,"max_hp_gain":0,"max_hp_loss":0,"event_name":"The Library","floor":28,"gold_loss":0,"cards_obtained":["Uppercut"]},{"damage_healed":0,"gold_gain":0,"player_choice":"Fight","damage_taken":0,"max_hp_gain":0,"max_hp_loss":0,"event_name":"MindBloom","floor":36,"gold_loss":0},{"damage_healed":0,"gold_gain":0,"player_choice":"Memory 3","damage_taken":10,"max_hp_gain":0,"max_hp_loss":0,"event_name":"SensoryStone","floor":37,"gold_loss":0}],"is_beta":false,"boss_relics":[{"not_picked":["Cursed Key","Eternal Feather"],"picked":"Philosopher\u0027s Stone"},{"not_picked":["Black Star","Sozu"],"picked":"Coffee Dripper"}],"items_purged_floors":[],"is_endless":false,"potions_floor_spawned":[1,5,12,14,24,31,40],"killed_by":"4 Shapes","ascension_level":2}