{"path_per_floor":["M","M","?","?","M","E","R","M","T","M","T","M","R","M","R","B",null,"M"],"character_chosen":"DEFECT","items_purchased":["Dream Catcher"],"gold_per_floor":[119,130,130,205,222,256,256,266,266,278,305,317,317,336,336,439,439,450,307],"floor_reached":19,"campfire_rested":3,"playtime":1603,"item_purchase_floors":[19],"current_hp_per_floor":[70,63,48,37,37,28,50,41,41,37,37,39,61,43,65,26,75,58,58],"items_purged":[],"gold":307,"score":171,"play_id":"c3e030f9-20b9-4e30-ae6d-11c308213d77","local_time":"20180604204532","is_prod":false,"is_daily":false,"chose_seed":false,"is_ascension_mode":false,"campfire_upgraded":0,"win_rate":0,"timestamp":1528109132,"campfire_choices":[{"floor":7,"key":"REST"},{"floor":13,"key":"REST"},{"floor":15,"key":"REST"}],"path_taken":["M","M","?","?","M","E","R","?","T","?","?","M","R","M","R","BOSS","M","$"],"build_version":"2018-05-30v2","seed_source_timestamp":94479824325606,"purchased_purges":0,"victory":false,"master_deck":["Strike_B+1","Defend_B","Defend_B","Defend_B","Defend_B","Zap","Dualcast","Conserve Battery","Loop+1","Go for the Eyes","Go for the Eyes","Sweeping Beam","Scrape","Beam Cell","Chill","Creative AI","Undo+1","Hello World+1","Chaos+1","Gash"],"max_hp_per_floor":[75,75,75,75,75,75,75,75,75,75,75,75,75,75,75,75,75,75,75],"relics":["Cracked Core","Omamori","Bag of Marbles","Bag of Preparation","Blood Vial","Astrolabe","Dream Catcher"],"card_choices":[{"not_picked":["Go for the Eyes","Steam Power"],"picked":"Conserve Battery","floor":1},{"not_picked":["Doom and Gloom","Leap"],"picked":"Loop","floor":2},{"not_picked":["Sweeping Beam","Streamline"],"picked":"Go for the Eyes","floor":5},{"not_picked":["Leap","Hologram"],"picked":"Go for the Eyes","floor":6},{"not_picked":["Lockon","Rebound"],"picked":"Sweeping Beam","floor":8},{"not_picked":["Heatsinks","Compile Driver"],"picked":"Scrape","floor":10},{"not_picked":["Leap","Compile Driver"],"picked":"Beam Cell","floor":12},{"not_picked":["Compile Driver","Buffer"],"picked":"Chill","floor":14},{"not_picked":["Machine Learning","Amplify"],"picked":"Creative AI","floor":16},{"not_picked":["Steam","Conserve Battery"],"picked":"Gash","floor":18}],"player_experience":362927,"potions_floor_usage":[12,12,12],"damage_taken":[{"damage":5,"enemies":"Cultist","floor":1,"turns":4},{"damage":7,"enemies":"Small Slimes","floor":2,"turns":3},{"damage":0,"enemies":"Jaw Worm","floor":5,"turns":3},{"damage":9,"enemies":"3 Sentries","floor":6,"turns":6},{"damage":9,"enemies":"Large Slime","floor":8,"turns":6},{"damage":4,"enemies":"Looter","floor":10,"turns":3},{"damage":0,"enemies":"2 Fungi Beasts","floor":12,"turns":1},{"damage":20,"enemies":"Lots of Slimes","floor":14,"turns":4},{"damage":41,"enemies":"Hexaghost","floor":16,"turns":10},{"damage":17,"enemies":"Shell Parasite","floor":18,"turns":8}],"relics_obtained":[{"floor":6,"key":"Bag of Marbles"},{"floor":9,"key":"Bag of Preparation"},{"floor":11,"key":"Blood Vial"}],"event_choices":[{"event_name":"Shining Light","player_choice":"Entered Light","floor":3,"damage_taken":0},{"event_name":"World of Goop","player_choice":"Gather Gold","floor":4,"damage_taken":0}],"boss_relics":[{"not_picked":["White Beast Statue","Ectoplasm"],"picked":"Astrolabe"}],"items_purged_floors":[],"potions_floor_spawned":[2,8,10,12],"seed_played":"2253275076326198520","ascension_level":0,"potions_obtained":[{"floor":2,"key":"SteroidPotion"},{"floor":8,"key":"Energy Potion"},{"floor":10,"key":"Strength Potion"},{"floor":12,"key":"Strength Potion"}],"is_trial":false}