{"gold_per_floor":[110,110,110,129,129,156,156,181,181,7,22,22,22,39,39,111,111,122,136,170,180,192,192,222,222,222,241,576,491,504,520,520,591,591,606,617,617,630,89,104,130,130,130,130,1,28,28,46,46,46],"floor_reached":51,"playtime":3413,"items_purged":["Strike_G","Strike_G"],"score":1447,"play_id":"c1c7fab6-cbc6-4739-9153-3d1970cebe28","local_time":"20190216162159","is_ascension_mode":true,"campfire_choices":[{"data":"Neutralize","floor":7.0,"key":"SMITH"},{"data":"Venomology","floor":13.0,"key":"SMITH"},{"data":"Cloak And Dagger","floor":15.0,"key":"SMITH"},{"data":"A Thousand Cuts","floor":23.0,"key":"SMITH"},{"data":"Infinite Blades","floor":25.0,"key":"SMITH"},{"data":"Strike_G","floor":32.0,"key":"PURGE"},{"data":"Strike_G","floor":42.0,"key":"PURGE"},{"data":"Catalyst","floor":47.0,"key":"SMITH"},{"data":"Calculated Gamble","floor":49.0,"key":"SMITH"}],"neow_cost":"NONE","seed_source_timestamp":59592741985738,"circlet_count":0,"master_deck":["AscendersBane","Defend_G","Defend_G","Defend_G","Defend_G","Strike_G","Survivor","Neutralize+1","Doppelganger+1","Dagger Spray","Leg Sweep+1","Backstab","Venomology+1","Infinite Blades+1","Predator","Cloak And Dagger+1","A Thousand Cuts+1","Flying Knee","Blade Dance+1","All Out Attack+1","Flechettes+1","Noxious Fumes+1","Deadly Poison","Heel Hook","Tools of the Trade","Footwork","Calculated Gamble+1","Madness+1","Madness","PiercingWail+1","Noxious Fumes","Footwork","Acrobatics","Noxious Fumes","Flash of Steel","Catalyst+1","Noxious Fumes"],"special_seed":0,"relics":["Ring of the Snake","Matryoshka","Mummified Hand","Ornamental Fan","Bag of Marbles","The Courier","Runic Pyramid","Red Mask","Meat on the Bone","Vajra","Bottled Tornado","Old Coin","Peace Pipe","Coffee Dripper","Chemical X","Bronze Scales","War Paint","Singing Bowl","Bag of Preparation"],"potions_floor_usage":[50,50],"damage_taken":[{"damage":0.0,"enemies":"Cultist","floor":1.0,"turns":4.0},{"damage":0.0,"enemies":"Jaw Worm","floor":4.0,"turns":6.0},{"damage":52.0,"enemies":"Lagavulin","floor":6.0,"turns":12.0},{"damage":26.0,"enemies":"Gremlin Nob","floor":8.0,"turns":5.0},{"damage":1.0,"enemies":"Small Slimes","floor":11.0,"turns":6.0},{"damage":0.0,"enemies":"Exordium Thugs","floor":14.0,"turns":4.0},{"damage":0.0,"enemies":"Hexaghost","floor":16.0,"turns":15.0},{"damage":0.0,"enemies":"Spheric Guardian","floor":18.0,"turns":4.0},{"damage":0.0,"enemies":"3 Byrds","floor":19.0,"turns":4.0},{"damage":15.0,"enemies":"Masked Bandits","floor":20.0,"turns":7.0},{"damage":2.0,"enemies":"Centurion and Healer","floor":21.0,"turns":5.0},{"damage":0.0,"enemies":"Snecko","floor":22.0,"turns":5.0},{"damage":0.0,"enemies":"Slavers","floor":24.0,"turns":4.0},{"damage":2.0,"enemies":"Snake Plant","floor":27.0,"turns":3.0},{"damage":4.0,"enemies":"Book of Stabbing","floor":28.0,"turns":4.0},{"damage":0.0,"enemies":"Cultist and Chosen","floor":30.0,"turns":3.0},{"damage":0.0,"enemies":"3 Cultists","floor":31.0,"turns":2.0},{"damage":45.0,"enemies":"Collector","floor":33.0,"turns":8.0},{"damage":0.0,"enemies":"3 Shapes","floor":35.0,"turns":6.0},{"damage":0.0,"enemies":"Orb Walker","floor":36.0,"turns":2.0},{"damage":0.0,"enemies":"Maw","floor":38.0,"turns":7.0},{"damage":0.0,"enemies":"4 Shapes","floor":40.0,"turns":4.0},{"damage":0.0,"enemies":"Nemesis","floor":41.0,"turns":7.0},{"damage":7.0,"enemies":"Giant Head","floor":46.0,"turns":7.0},{"damage":4.0,"enemies":"3 Darklings","floor":48.0,"turns":2.0},{"damage":34,"enemies":"Donu and Deca","floor":50,"turns":7}],"seed_played":"7401539264465729635","potions_obtained":[{"floor":1.0,"key":"Regen Potion"},{"floor":11.0,"key":"AttackPotion"},{"floor":16.0,"key":"FearPotion"},{"floor":19.0,"key":"Weak Potion"},{"floor":27.0,"key":"GamblersBrew"},{"floor":28.0,"key":"Ancient Potion"},{"floor":33.0,"key":"AttackPotion"},{"floor":40.0,"key":"PowerPotion"},{"floor":48.0,"key":"PowerPotion"}],"is_trial":false,"path_per_floor":["M","?","T","M","?","E","R","E","T","$","M","$","R","M","R","B",null,"M","M","?","M","M","R","E","R","T","M","E","?","M","M","R","B",null,"M","M","?","M","$","M","E","R","T","?","$","E","R","M","R","B",null],"character_chosen":"THE_SILENT","items_purchased":["Regen Potion","Infinite Blades","Chemical X","Bronze Scales","War Paint","Noxious Fumes","Noxious Fumes","Flash of Steel"],"campfire_rested":0,"item_purchase_floors":[10,10,39,39,39,39,45,45],"current_hp_per_floor":[59,64,64,64,64,27,27,1,1,1,15,15,15,15,15,15,57,57,57,42,40,40,40,40,40,40,38,46,46,46,46,46,13,57,71,71,62,62,62,62,62,62,62,62,62,55,55,51,51,29],"gold":46,"neow_bonus":"ONE_RANDOM_RARE_CARD","is_prod":false,"is_daily":false,"chose_seed":false,"campfire_upgraded":7,"win_rate":0,"timestamp":1550352119,"path_taken":["M","?","?","M","?","E","R","E","T","$","?","?","R","M","R","BOSS","M","M","?","M","M","R","E","R","T","M","E","?","M","?","R","BOSS","M","?","?","M","$","M","E","R","T","?","?","E","R","M","R","BOSS"],"build_version":"2019-01-23","purchased_purges":2,"victory":true,"max_hp_per_floor":[66,71,71,71,71,71,71,71,71,71,71,71,71,71,71,71,71,71,71,71,71,71,71,71,71,71,71,71,71,71,71,71,71,71,71,71,71,71,71,71,71,71,71,71,71,71,71,71,71,71],"card_choices":[{"not_picked":["Flying Knee","Slice"],"picked":"Dagger Spray","floor":1.0},{"not_picked":["Outmaneuver","Blade Dance"],"picked":"Leg Sweep","floor":4.0},{"not_picked":["Finisher","Choke"],"picked":"Backstab","floor":6.0},{"not_picked":["Riddle With Holes","Deadly Poison"],"picked":"Venomology","floor":8.0},{"not_picked":["Distraction","Blade Dance"],"picked":"Predator","floor":11.0},{"not_picked":["Acrobatics","Riddle With Holes"],"picked":"Cloak And Dagger","floor":14.0},{"not_picked":["Die Die Die","Doppelganger"],"picked":"A Thousand Cuts","floor":16.0},{"not_picked":["Setup","Accuracy"],"picked":"Flying Knee","floor":18.0},{"not_picked":["Slice","Terror"],"picked":"Blade Dance+1","floor":19.0},{"not_picked":["Heel Hook","Well Laid Plans"],"picked":"All Out Attack+1","floor":21.0},{"not_picked":["Blade Dance","Terror"],"picked":"Flechettes+1","floor":22.0},{"not_picked":["Dagger Spray","Malaise"],"picked":"Noxious Fumes+1","floor":24.0},{"not_picked":["Bane","Dodge and Roll","Dagger Spray"],"picked":"SKIP","floor":27.0},{"not_picked":["Setup","Concentrate"],"picked":"Deadly Poison","floor":28.0},{"not_picked":["Dodge and Roll","Skewer"],"picked":"Heel Hook","floor":30.0},{"not_picked":["Bane","Bouncing Flask","Tactician"],"picked":"SKIP","floor":31.0},{"not_picked":["Glass Knife","Unload"],"picked":"Tools of the Trade","floor":33.0},{"not_picked":["Acrobatics","PiercingWail"],"picked":"Footwork","floor":35.0},{"not_picked":["Deflect","Dagger Throw"],"picked":"Calculated Gamble","floor":36.0},{"not_picked":["Tactician+1","Backflip"],"picked":"PiercingWail+1","floor":38.0},{"not_picked":["Masterful Stab","Prepared+1"],"picked":"Footwork","floor":40.0},{"not_picked":["Eviscerate+1","Outmaneuver"],"picked":"Acrobatics","floor":41.0},{"not_picked":["Flying Knee","Sucker Punch"],"picked":"Catalyst","floor":46.0},{"not_picked":["Blade Dance","Heel Hook"],"picked":"Noxious Fumes","floor":48.0}],"player_experience":444456,"relics_obtained":[{"floor":3.0,"key":"Matryoshka"},{"floor":6.0,"key":"Mummified Hand"},{"floor":8.0,"key":"Ornamental Fan"},{"floor":9.0,"key":"Bag of Marbles"},{"floor":9.0,"key":"The Courier"},{"floor":20.0,"key":"Red Mask"},{"floor":24.0,"key":"Meat on the Bone"},{"floor":26.0,"key":"Vajra"},{"floor":26.0,"key":"Bottled Tornado"},{"floor":28.0,"key":"Old Coin"},{"floor":41.0,"key":"Singing Bowl"},{"floor":46.0,"key":"Bag of Preparation"}],"event_choices":[{"damage_healed":0.0,"max_hp_gain":5.0,"max_hp_loss":0.0,"gold_gain":0.0,"event_name":"Big Fish","player_choice":"Donut","floor":2.0,"gold_loss":0.0,"damage_taken":0.0},{"damage_healed":0.0,"max_hp_gain":0.0,"max_hp_loss":0.0,"gold_gain":0.0,"event_name":"Accursed Blacksmith","player_choice":"Forge","floor":5.0,"gold_loss":0.0,"damage_taken":0.0,"cards_upgraded":["Doppelganger"]},{"damage_healed":0.0,"max_hp_gain":0.0,"max_hp_loss":0.0,"gold_gain":0.0,"event_name":"Masked Bandits","player_choice":"Fought Bandits","floor":20.0,"gold_loss":0.0,"damage_taken":0.0},{"damage_healed":0.0,"max_hp_gain":0.0,"max_hp_loss":0.0,"gold_gain":0.0,"event_name":"Addict","player_choice":"Obtained Relic","floor":29.0,"gold_loss":85.0,"damage_taken":0.0,"relics_obtained":["Peace Pipe"]},{"damage_healed":0.0,"max_hp_gain":0.0,"max_hp_loss":0.0,"gold_gain":0.0,"event_name":"Winding Halls","player_choice":"Embrace Madness","floor":37.0,"gold_loss":0.0,"damage_taken":9.0,"cards_obtained":["Madness","Madness"]},{"cards_removed":["Defend_G"],"damage_healed":0.0,"max_hp_gain":0.0,"max_hp_loss":0.0,"gold_gain":0.0,"event_name":"Falling","player_choice":"Removed Skill","floor":44.0,"gold_loss":0.0,"damage_taken":0.0}],"is_beta":false,"boss_relics":[{"not_picked":["WristBlade","White Beast Statue"],"picked":"Runic Pyramid"},{"not_picked":["Empty Cage","Busted Crown"],"picked":"Coffee Dripper"}],"items_purged_floors":[10,39],"is_endless":false,"potions_floor_spawned":[1,11,14,16,19,22,27,28,30,33,40,48],"ascension_level":14}