{"gold_per_floor":[360,43,43,43,60,60,79,229,229,249,262,112,112,145,145,145],"floor_reached":16,"playtime":387,"items_purged":["Doubt"],"score":200,"play_id":"8978ade7-796b-4a9d-a609-8f198ad5fdbc","local_time":"20181030153714","is_ascension_mode":true,"campfire_choices":[{"data":"Bash","floor":6,"key":"SMITH"},{"data":"Entrench","floor":13,"key":"SMITH"},{"floor":15,"key":"REST"}],"neow_cost":"CURSE","seed_source_timestamp":1458424745138177,"circlet_count":0,"master_deck":["Strike_R","Strike_R","Strike_R","Strike_R","Strike_R","Defend_R","Defend_R","Defend_R","Defend_R","Bash+1","AscendersBane","Ghostly Armor","Entrench+1"],"relics":["Burning Blood","Calipers","Blue Candle","Anchor"],"potions_floor_usage":[14,14],"damage_taken":[{"damage":2,"enemies":"Cultist","floor":1,"turns":4},{"damage":14,"enemies":"Jaw Worm","floor":5,"turns":5},{"damage":2,"enemies":"2 Louse","floor":7,"turns":3},{"damage":31,"enemies":"Red Slaver","floor":10,"turns":4},{"damage":4,"enemies":"2 Fungi Beasts","floor":11,"turns":5},{"damage":40,"enemies":"3 Sentries","floor":14,"turns":11},{"damage":38,"enemies":"The Guardian","floor":16,"turns":8}],"seed_played":"2315913142285124030","potions_obtained":[{"floor":5,"key":"AttackPotion"},{"floor":11,"key":"GamblersBrew"}],"is_trial":false,"path_per_floor":["M","$","$","?","M","R","M","?","T","M","M","$","R","E","R"],"character_chosen":"IRONCLAD","items_purchased":["Calipers","Entrench"],"campfire_rested":1,"item_purchase_floors":[2,12],"current_hp_per_floor":[72,72,72,72,64,64,68,68,68,43,45,45,45,11,33,0],"gold":145,"neow_bonus":"TWO_FIFTY_GOLD","is_prod":false,"is_daily":false,"chose_seed":false,"campfire_upgraded":2,"win_rate":0,"timestamp":1540939034,"path_taken":["M","?","$","?","?","R","M","?","T","?","M","$","R","E","R","BOSS"],"build_version":"2018-10-25v2","purchased_purges":1,"victory":false,"max_hp_per_floor":[75,75,75,75,75,75,75,75,75,75,75,75,75,75,75,75],"card_choices":[{"not_picked":["Hemokinesis","Flex","Anger"],"picked":"SKIP","floor":1},{"not_picked":["Thunderclap","Anger","Intimidate"],"picked":"SKIP","floor":5},{"not_picked":["Pommel Strike","Perfected Strike"],"picked":"Ghostly Armor","floor":7},{"not_picked":["Iron Wave","Intimidate","Sever Soul"],"picked":"SKIP","floor":10},{"not_picked":["Anger","Burning Pact","Wild Strike"],"picked":"SKIP","floor":11},{"not_picked":["Carnage","Sword Boomerang","Clash"],"picked":"SKIP","floor":14}],"player_experience":573570,"relics_obtained":[{"floor":9,"key":"Blue Candle"},{"floor":14,"key":"Anchor"}],"event_choices":[{"cards_removed":["Injury"],"damage_healed":0,"gold_gain":0,"player_choice":"Forget","damage_taken":0,"max_hp_gain":0,"max_hp_loss":0,"event_name":"Living Wall","floor":4,"gold_loss":0},{"damage_healed":0,"gold_gain":150,"player_choice":"AGREE","damage_taken":0,"max_hp_gain":0,"max_hp_loss":0,"event_name":"Liars Game","floor":8,"gold_loss":0,"cards_obtained":["Doubt"]}],"is_beta":false,"boss_relics":[],"items_purged_floors":[12],"is_endless":false,"potions_floor_spawned":[5,11],"killed_by":"The Guardian","ascension_level":20}