{"gold_per_floor":[13,24,34,54,68,98,98,98,149,169,169,19,37,56,56,159,159,173,173,73,73,73,104,65,15,15,15],"floor_reached":27,"playtime":1309,"items_purged":["Strike_R","Strike_R"],"score":233,"play_id":"b9f247e7-3c74-4bef-a88f-22636376ce63","local_time":"20180817124336","is_ascension_mode":false,"campfire_choices":[{"data":"Whirlwind","floor":7,"key":"SMITH"},{"data":"Armaments","floor":15,"key":"SMITH"}],"neow_cost":"NO_GOLD","seed_source_timestamp":119515913667388,"circlet_count":0,"master_deck":["Strike_R","Strike_R","Strike_R+1","Defend_R","Defend_R+1","Defend_R","Shrug It Off","Whirlwind+1","Infernal Blade","Double Tap","Warcry","Parasite","Inflame","Pommel Strike","Armaments+1","Berserk","Inflame","Evolve","Twin Strike+1","Disarm"],"relics":["Burning Blood","Dodecahedron","Strawberry","Mark of Pain","Nilry\u0027s Codex","Letter Opener","Toxic Egg 2"],"potions_floor_usage":[23,27],"damage_taken":[{"damage":6,"enemies":"Cultist","floor":1,"turns":3},{"damage":5,"enemies":"Small Slimes","floor":2,"turns":4},{"damage":6,"enemies":"2 Louse","floor":3,"turns":3},{"damage":4,"enemies":"Gremlin Gang","floor":4,"turns":2},{"damage":12,"enemies":"Looter","floor":5,"turns":3},{"damage":58,"enemies":"Lagavulin","floor":6,"turns":7},{"damage":0,"enemies":"3 Louse","floor":10,"turns":1},{"damage":6,"enemies":"Exordium Wildlife","floor":13,"turns":3},{"damage":4,"enemies":"Looter","floor":14,"turns":3},{"damage":35,"enemies":"The Guardian","floor":16,"turns":12},{"damage":0,"enemies":"3 Byrds","floor":18,"turns":3},{"damage":55,"enemies":"Book of Stabbing","floor":23,"turns":5},{"damage":31,"enemies":"Slavers","floor":27,"turns":3}],"seed_played":"-5921014724620865254","potions_obtained":[{"floor":1,"key":"Weak Potion"},{"floor":5,"key":"EntropicBrew"},{"floor":10,"key":"Weak Potion"},{"floor":23,"key":"Fire Potion"}],"is_trial":false,"path_per_floor":["M","M","M","M","M","E","R","?","T","M","?","$","M","M","R","B",null,"M","?","$","?","?","E","$","?","T"],"character_chosen":"IRONCLAD","items_purchased":["Inflame","Disarm"],"campfire_rested":0,"item_purchase_floors":[12,24],"current_hp_per_floor":[80,80,80,80,74,22,22,6,13,19,40,40,40,42,42,13,87,87,87,87,87,71,22,22,22,22,0],"gold":15,"neow_bonus":"REMOVE_TWO","is_prod":false,"is_daily":false,"chose_seed":false,"campfire_upgraded":2,"win_rate":0,"timestamp":1534524216,"path_taken":["M","M","?","M","M","E","R","?","T","M","?","?","M","M","R","BOSS","M","?","$","?","?","E","$","?","T","E"],"build_version":"2018-08-16","purchased_purges":2,"victory":false,"max_hp_per_floor":[80,80,80,80,80,80,80,80,87,87,87,87,87,87,87,87,87,87,87,87,87,87,87,87,87,87,87],"card_choices":[{"not_picked":["Blood for Blood","True Grit","Rage"],"picked":"SKIP","floor":1},{"not_picked":["Pommel Strike","Body Slam"],"picked":"Shrug It Off","floor":2},{"not_picked":["Wild Strike","Seeing Red"],"picked":"Whirlwind","floor":3},{"not_picked":["Anger","Bloodletting"],"picked":"Infernal Blade","floor":4},{"not_picked":["Combust","Sword Boomerang","Clash"],"picked":"SKIP","floor":5},{"not_picked":["Thunderclap","Perfected Strike"],"picked":"Double Tap","floor":6},{"not_picked":["Evolve","Rupture"],"picked":"Warcry","floor":10},{"not_picked":["Twin Strike","Wild Strike"],"picked":"Pommel Strike","floor":13},{"not_picked":["Iron Wave","Clash"],"picked":"Armaments","floor":14},{"not_picked":["Demon Form","Dark Embrace"],"picked":"Berserk","floor":16},{"not_picked":["Pommel Strike","Hemokinesis"],"picked":"Inflame","floor":18},{"not_picked":["True Grit","Berserk"],"picked":"Twin Strike+1","floor":23}],"player_experience":66933,"relics_obtained":[{"floor":6,"key":"Dodecahedron"},{"floor":9,"key":"Strawberry"},{"floor":22,"key":"Nilry\u0027s Codex"},{"floor":23,"key":"Letter Opener"},{"floor":26,"key":"Toxic Egg 2"}],"event_choices":[{"event_name":"Shining Light","player_choice":"Entered Light","floor":8,"damage_taken":0},{"event_name":"Mushrooms","player_choice":"Healed and dodged fight","floor":11,"damage_taken":0},{"event_name":"The Library","player_choice":"Read","floor":19,"damage_taken":0},{"event_name":"Ghosts","player_choice":"Ignored","floor":21,"damage_taken":0},{"event_name":"Cursed Tome","player_choice":"Obtained Book","floor":22,"damage_taken":0},{"event_name":"The Joust","player_choice":"Bet on Murderer","floor":25,"damage_taken":0}],"is_beta":false,"boss_relics":[{"not_picked":["Cursed Key","Fusion Hammer"],"picked":"Mark of Pain"}],"items_purged_floors":[12,20],"is_endless":false,"potions_floor_spawned":[1,5,10,13,14,23],"killed_by":"Slavers","ascension_level":0}