{"path_per_floor":["M","M","?","M","M","E","R","M","T","$","M","?","?","M","R","B",null,"M","M","$","M","M","R","M","R","T","R","?","M","E","?","R"],"character_chosen":"THE_SILENT","items_purchased":["Dream Catcher","Crippling Poison","Bottled Lightning","Quick Slash"],"gold_per_floor":[117,128,128,140,158,186,186,204,204,23,38,38,213,227,227,357,357,375,363,2,17,32,32,47,47,47,47,47,62,103,103,103],"floor_reached":33,"campfire_rested":4,"playtime":3574,"current_hp_per_floor":[70,69,69,65,55,45,45,45,45,45,39,39,39,34,55,31,80,66,51,51,25,20,44,34,58,58,58,58,20,21,21,45],"items_purged":["Pain"],"gold":103,"play_id":"71ba8367-435d-49d8-9716-f94a8f22ed00","is_prod":false,"is_daily":false,"campfire_rituals":0,"campfire_upgraded":2,"is_hardmode":false,"path_taken":["M","M","?","M","M","E","R","M","T","?","?","?","?","M","R","BOSS","M","M","$","M","M","R","M","R","T","R","?","M","E","?","R","BOSS"],"build_version":"2018-01-18-PROD4","purchased_purges":1,"victory":false,"master_deck":["Defend_G","Defend_G","Defend_G","Defend_G","Defend_G","Strike_G","Strike_G","Strike_G","Strike_G","Strike_G","Survivor","Neutralize","Prepared","Poisoned Stab","Adrenaline","Backflip","Dagger Spray","Backflip","Crippling Poison","Deadly Poison","Injury","Doubt","Poisoned Stab","Flying Knee","Burst","Clumsy","Noxious Fumes","PiercingWail","Quick Slash","Deadly Poison","Distraction","Bouncing Flask","Escape Plan","Acrobatics","Footwork","Deadly Poison"],"max_hp_per_floor":[70,70,70,70,70,70,70,70,70,70,70,70,70,70,70,70,80,80,80,80,80,80,80,80,80,80,80,80,80,80,80,80],"relics":["Question Card","Whetstone","Ornamental Fan","Dream Catcher","Bloody Idol","Calling Bell","War Paint","Pear","Mercury Hourglass","Bottled Lightning","Gambling Chip","Ice Cream"],"campfire_meditates":0,"card_choices":[{"not_picked":["Footwork","Leg Sweep","Flechettes"],"picked":"Prepared"},{"not_picked":["All Out Attack","Flying Knee","Choke"],"picked":"Poisoned Stab"},{"not_picked":["Dagger Spray","Skewer","Sucker Punch"],"picked":"Adrenaline"},{"not_picked":["Sucker Punch","Crippling Poison","Choke"],"picked":"Backflip"},{"not_picked":["Flying Knee","Crippling Poison","Dash"],"picked":"Dagger Spray"},{"not_picked":["Flechettes","Finisher","Slice"],"picked":"Backflip"},{"not_picked":["Finisher","Venomology","Outmaneuver"],"picked":"Deadly Poison"},{"not_picked":["Slice","Deadly Poison","Distraction"],"picked":"Poisoned Stab"},{"not_picked":["Poisoned Stab","Outmaneuver","Slice"],"picked":"Flying Knee"},{"not_picked":["Tools of the Trade","A Thousand Cuts","Night Terror"],"picked":"Burst"},{"not_picked":["PiercingWail","Flying Knee","Deflect"],"picked":"Noxious Fumes"},{"not_picked":["Quick Slash","Choke","Slice"],"picked":"PiercingWail"},{"not_picked":["All Out Attack","Backflip","Quick Slash"],"picked":"Deadly Poison"},{"not_picked":["Sucker Punch","Outmaneuver","Dagger Throw"],"picked":"Distraction"},{"not_picked":["Sucker Punch","Flechettes","Dash"],"picked":"Bouncing Flask"},{"not_picked":["Finisher","Masterful Stab","Choke"],"picked":"Escape Plan"},{"not_picked":["Prepared","Flying Knee","Finisher"],"picked":"Acrobatics"},{"not_picked":["Masterful Stab","Outmaneuver","Crippling Poison"],"picked":"Footwork"},{"not_picked":["Burst","Malaise","Quick Slash"],"picked":"Deadly Poison"}],"player_experience":5972,"potions_floor_usage":[6,16,16,21,22,22,24,30,30],"damage_taken":[{"damage":0,"enemies":"Small Slimes","floor":1,"turns":6},{"damage":1,"enemies":"Jaw Worm","floor":2,"turns":4},{"damage":4,"enemies":"Blue Slaver","floor":4,"turns":5},{"damage":10,"enemies":"Gremlin Gang","floor":5,"turns":6},{"damage":25,"enemies":"3 Sentries","floor":6,"turns":12},{"damage":0,"enemies":"Looter","floor":8,"turns":4},{"damage":6,"enemies":"3 Louse","floor":11,"turns":3},{"damage":5,"enemies":"Gremlin Gang","floor":14,"turns":6},{"damage":24,"enemies":"The Guardian","floor":16,"turns":10},{"damage":14,"enemies":"Chosen","floor":18,"turns":5},{"damage":15,"enemies":"2 Thieves","floor":19,"turns":4},{"damage":26,"enemies":"Centurion and Healer","floor":21,"turns":10},{"damage":5,"enemies":"Snecko","floor":22,"turns":5},{"damage":10,"enemies":"Snake Plant","floor":24,"turns":4},{"damage":38,"enemies":"3 Cultists","floor":29,"turns":6},{"damage":14,"enemies":"Gremlin Leader","floor":30,"turns":6},{"damage":52,"enemies":"Champ","floor":33,"turns":11}],"event_choices":[{"event_name":"Living Wall","player_choice":"Grow","floor":3,"damage_taken":0},{"event_name":"Golden Idol","player_choice":"Take Wound","floor":12,"damage_taken":0},{"event_name":"Liars Game","player_choice":"agreed","floor":13,"damage_taken":0},{"event_name":"Back to Basics","player_choice":"Elegance","floor":28,"damage_taken":0},{"event_name":"Forgotten Altar","player_choice":"Gave Idol","floor":31,"damage_taken":0}],"boss_relics":[{"not_picked":["Velvet Choker","Runic Dome"],"picked":"Calling Bell"}],"potions_floor_spawned":[2,5,6,11,19,21,24,29],"seed_played":"-214777319602816637","killed_by":"Champ","is_trial":false}