{"gold_per_floor":[114,114,137,62,75,75,75,175,175,175],"floor_reached":10,"playtime":132,"items_purged":["Bash"],"score":56,"play_id":"6b1db12d-93ab-47fe-9837-5b970b78c870","local_time":"20181209233822","is_ascension_mode":false,"campfire_choices":[{"data":"Ghostly Armor","floor":6,"key":"SMITH"}],"neow_cost":"NONE","seed_source_timestamp":868978868121855,"circlet_count":0,"master_deck":["Strike_R","Strike_R","Strike_R","Strike_R","Defend_R","Defend_R","Defend_R","Defend_R","Ghostly Armor+1"],"relics":["Burning Blood","NeowsBlessing","Golden Idol","FossilizedHelix"],"potions_floor_usage":[10,10],"damage_taken":[{"damage":0,"enemies":"Small Slimes","floor":1,"turns":1},{"damage":0,"enemies":"Cultist","floor":3,"turns":1},{"damage":0,"enemies":"Jaw Worm","floor":5,"turns":1},{"damage":20,"enemies":"Large Slime","floor":10,"turns":5}],"seed_played":"2584362233425063620","potions_obtained":[{"floor":3,"key":"Swift Potion"},{"floor":5,"key":"SkillPotion"}],"is_trial":false,"path_per_floor":["M","?","M","$","M","R","?","?","T","M"],"character_chosen":"IRONCLAD","items_purchased":[],"campfire_rested":0,"item_purchase_floors":[],"current_hp_per_floor":[80,60,66,66,72,72,65,65,65,45],"gold":175,"neow_bonus":"THREE_ENEMY_KILL","is_prod":false,"is_daily":false,"chose_seed":false,"campfire_upgraded":1,"win_rate":0,"timestamp":1544416702,"path_taken":["M","?","M","$","M","R","?","?","T","?"],"build_version":"2018-12-06","purchased_purges":1,"victory":false,"max_hp_per_floor":[80,80,80,80,80,80,80,80,80,80],"card_choices":[{"not_picked":["Heavy Blade","Headbutt"],"picked":"Ghostly Armor","floor":1},{"not_picked":["Anger","True Grit","Heavy Blade"],"picked":"SKIP","floor":3},{"not_picked":["Bloodletting","Thunderclap","Clothesline"],"picked":"SKIP","floor":5}],"player_experience":226687,"relics_obtained":[{"floor":9,"key":"FossilizedHelix"}],"event_choices":[{"damage_healed":0,"gold_gain":0,"player_choice":"Take Damage","damage_taken":20,"relics_obtained":["Golden Idol"],"max_hp_gain":0,"max_hp_loss":0,"event_name":"Golden Idol","floor":2,"gold_loss":0},{"cards_removed":["Strike_R"],"damage_healed":0,"gold_gain":0,"player_choice":"Card Removal","damage_taken":7,"max_hp_gain":0,"max_hp_loss":0,"event_name":"Golden Wing","floor":7,"gold_loss":0},{"damage_healed":0,"gold_gain":100,"player_choice":"Pray","damage_taken":0,"max_hp_gain":0,"max_hp_loss":0,"event_name":"Golden Shrine","floor":8,"gold_loss":0}],"is_beta":false,"boss_relics":[],"items_purged_floors":[4],"is_endless":false,"potions_floor_spawned":[3,5],"killed_by":"Large Slime","ascension_level":0}