{"gold_per_floor":[118,137,51,51,51,51,70,94,94,113,132,150,166,189,189,189],"floor_reached":16,"playtime":1203,"items_purged":[],"score":98,"play_id":"921ab0d3-fcd8-4c59-a163-b5617747b3f8","local_time":"20181207042207","is_ascension_mode":false,"campfire_choices":[{"data":"Catalyst","floor":6,"key":"SMITH"},{"floor":15,"key":"REST"}],"neow_cost":"NONE","seed_source_timestamp":625730700540886,"circlet_count":0,"master_deck":["Defend_G","Defend_G","Defend_G","Defend_G","Strike_G","Strike_G","Strike_G","Strike_G","Strike_G","Survivor","Neutralize","Catalyst+1","Backflip","Deadly Poison","Terror","Corpse Explosion","Outmaneuver","Poisoned Stab","Poisoned Stab"],"relics":["Ring of the Snake","Golden Idol","Paper Crane"],"potions_floor_usage":[8,11,12],"damage_taken":[{"damage":0,"enemies":"2 Louse","floor":1,"turns":4},{"damage":2,"enemies":"Small Slimes","floor":2,"turns":4},{"damage":0,"enemies":"Cultist","floor":7,"turns":3},{"damage":11,"enemies":"Large Slime","floor":8,"turns":4},{"damage":0,"enemies":"3 Louse","floor":10,"turns":4},{"damage":6,"enemies":"Looter","floor":11,"turns":3},{"damage":8,"enemies":"2 Fungi Beasts","floor":12,"turns":3},{"damage":5,"enemies":"Large Slime","floor":13,"turns":8},{"damage":5,"enemies":"Exordium Thugs","floor":14,"turns":3},{"damage":60,"enemies":"Slime Boss","floor":16,"turns":9}],"seed_played":"2566740196824911645","potions_obtained":[{"floor":1,"key":"EssenceOfSteel"},{"floor":7,"key":"SkillPotion"},{"floor":8,"key":"Explosive Potion"}],"is_trial":false,"path_per_floor":["M","M","$","?","?","R","M","M","T","M","M","M","M","M","R","B"],"character_chosen":"THE_SILENT","items_purchased":["Deadly Poison","Terror"],"campfire_rested":1,"item_purchase_floors":[3,3],"current_hp_per_floor":[77,75,75,71,71,71,71,60,60,60,54,46,41,36,57,0],"gold":189,"neow_bonus":"TEN_PERCENT_HP_BONUS","is_prod":false,"is_daily":false,"chose_seed":false,"campfire_upgraded":1,"win_rate":0.0,"timestamp":1544174527,"path_taken":["M","M","$","?","?","R","M","M","T","?","M","M","M","M","R","BOSS"],"build_version":"2018-12-06","purchased_purges":0,"victory":false,"max_hp_per_floor":[77,77,77,71,71,71,71,71,71,71,71,71,71,71,71,71],"card_choices":[{"not_picked":["Dagger Throw","Deadly Poison"],"picked":"Catalyst","floor":1},{"not_picked":["Acrobatics","Dodge and Roll"],"picked":"Backflip","floor":2},{"not_picked":["Poisoned Stab","Dagger Throw"],"picked":"Corpse Explosion","floor":7},{"not_picked":["Leg Sweep","Backflip"],"picked":"Outmaneuver","floor":8},{"not_picked":["Caltrops","Predator"],"picked":"Poisoned Stab","floor":10},{"not_picked":["Slice","Deflect","Blur"],"picked":"SKIP","floor":11},{"not_picked":["Quick Slash","PiercingWail","Dodge and Roll"],"picked":"SKIP","floor":12},{"not_picked":["Blur","Prepared","Reflex"],"picked":"SKIP","floor":13},{"not_picked":["A Thousand Cuts","Flying Knee"],"picked":"Poisoned Stab","floor":14}],"player_experience":179069,"relics_obtained":[{"floor":9,"key":"Paper Crane"}],"event_choices":[{"damage_healed":0,"gold_gain":0,"player_choice":"Lose Max HP","damage_taken":0,"relics_obtained":["Golden Idol"],"max_hp_gain":0,"max_hp_loss":6,"event_name":"Golden Idol","floor":4,"gold_loss":0},{"cards_removed":["Defend_G"],"damage_healed":0,"gold_gain":0,"player_choice":"Offered Basic","damage_taken":0,"max_hp_gain":0,"max_hp_loss":0,"event_name":"Bonfire Elementals","floor":5,"gold_loss":0}],"is_beta":false,"boss_relics":[],"items_purged_floors":[],"is_endless":false,"potions_floor_spawned":[1,7,8],"killed_by":"Slime Boss","ascension_level":0}