{"path_per_floor":["M","?","M","?","$","R","E","M","T","R","M","?","?","T","R","B",null,"M","?","$","M","$","R","?","M","T","R","$","?"],"character_chosen":"IRONCLAD","items_purchased":["Flex","Inflame","Combust","Ornamental Fan","Orichalcum","Rupture","Blood Vial"],"gold_per_floor":[360,310,330,330,210,210,240,259,259,259,271,271,271,271,271,395,395,410,410,14,32,32,32,32,47,116,116,1,1,1],"floor_reached":30,"campfire_rested":5,"playtime":1713,"current_hp_per_floor":[31,31,37,37,37,61,19,24,24,48,41,41,41,41,63,45,74,57,57,57,28,28,50,50,23,23,45,45,37,0],"items_purged":[],"gold":1,"score":235,"play_id":"71ab93a7-9448-4c38-afb6-1f08062e30ff","local_time":"20180511204841","is_prod":false,"is_daily":false,"chose_seed":false,"is_ascension_mode":true,"campfire_upgraded":0,"timestamp":1526035721,"path_taken":["M","?","M","?","$","R","E","M","T","R","M","?","?","?","R","BOSS","M","?","$","M","$","R","?","?","T","R","?","?","?"],"build_version":"2018-05-10","seed_source_timestamp":12045731911741,"purchased_purges":0,"victory":false,"master_deck":["Strike_R","Strike_R","Strike_R","Strike_R","Strike_R","Defend_R","Defend_R","Defend_R","Flex","Heavy Blade","Flex","Inflame","Cleave","Pommel Strike","Rupture","Anger","Hemokinesis","Combust","Rupture","Writhe","Rage+1"],"max_hp_per_floor":[80,80,80,80,80,80,80,80,80,80,80,74,74,74,74,74,74,74,74,74,74,74,74,74,74,74,74,74,74,74],"relics":["Burning Blood","Blue Candle","The Courier","Smiling Mask","Golden Idol","Prayer Wheel","Runic Cube","Ornamental Fan","Orichalcum","Bronze Scales","Shuriken","Blood Vial"],"card_choices":[{"not_picked":["Headbutt","Clothesline"],"picked":"Flex","floor":1},{"not_picked":["Body Slam","Sentinel"],"picked":"Heavy Blade","floor":3},{"not_picked":["Disarm","Armaments"],"picked":"Cleave","floor":7},{"not_picked":["Armaments","Body Slam"],"picked":"Pommel Strike","floor":8},{"not_picked":["Sentinel","Dual Wield"],"picked":"Rupture","floor":11},{"not_picked":["Headbutt","Clothesline"],"picked":"Hemokinesis","floor":18},{"not_picked":["Burning Pact","Heavy Blade"],"picked":"Rage","floor":25}],"player_experience":210790,"potions_floor_usage":[3,16,25],"damage_taken":[{"damage":15,"enemies":"Jaw Worm","floor":1,"turns":4},{"damage":0,"enemies":"2 Louse","floor":3,"turns":2},{"damage":48,"enemies":"Lagavulin","floor":7,"turns":7},{"damage":1,"enemies":"Cultist","floor":8,"turns":3},{"damage":13,"enemies":"Large Slime","floor":11,"turns":5},{"damage":24,"enemies":"Slime Boss","floor":16,"turns":10},{"damage":23,"enemies":"Chosen","floor":18,"turns":7},{"damage":35,"enemies":"3 Byrds","floor":21,"turns":4},{"damage":33,"enemies":"Sentry and Sphere","floor":25,"turns":4},{"damage":42,"enemies":"Centurion and Healer","floor":30,"turns":5}],"event_choices":[{"event_name":"The Cleric","player_choice":"Card Removal","floor":2,"damage_taken":0},{"event_name":"Big Fish","player_choice":"Box","floor":4,"damage_taken":0},{"event_name":"Golden Idol","player_choice":"Lose Max HP","floor":12,"damage_taken":0},{"event_name":"Transmorgrifier","player_choice":"Transform","floor":13,"damage_taken":0},{"event_name":"Purifier","player_choice":"One Purge","floor":19,"damage_taken":0},{"event_name":"The Mausoleum","player_choice":"Yes","floor":24,"damage_taken":0},{"event_name":"Knowing Skull","player_choice":"","floor":29,"damage_taken":0}],"boss_relics":[{"not_picked":["Snecko Eye","Astrolabe"],"picked":"Runic Cube"}],"potions_floor_spawned":[1,11,16,21],"seed_played":"4958020849193964697","killed_by":"Centurion and Healer","ascension_level":1,"is_trial":false}