{"gold_per_floor":[109,184,184,199,34,34,34,51,51,70,70,105,123,135,135,231,231,247,247,67,79,79,79,106,70,144,155,155,155],"floor_reached":29,"playtime":1162,"items_purged":[],"score":243,"play_id":"91753898-7cd2-4c84-8a7f-0528bb0a11d4","local_time":"20190304034635","is_ascension_mode":false,"campfire_choices":[{"floor":6,"key":"REST"},{"floor":15,"key":"REST"},{"floor":23,"key":"REST"},{"floor":28,"key":"REST"}],"neow_cost":"TEN_PERCENT_HP_LOSS","seed_source_timestamp":33866016897368,"circlet_count":0,"master_deck":["Strike_B","Strike_B","Strike_B","Strike_B","Defend_B","Defend_B","Defend_B","Defend_B","Zap","Dualcast","Electrodynamics+1","Cold Snap","Storm","Defragment","Fusion","Ball Lightning","Lockon","Redo","Ball Lightning","Defragment","White Noise","Buffer","FTL+1","Capacitor","Turbo","Finesse","Storm","Decay","Turbo","Capacitor","Conserve Battery"],"relics":["Cracked Core","Bottled Flame","Vajra","Inserter","Boot","Kunai","Meat on the Bone"],"potions_floor_usage":[16,16,27,27],"damage_taken":[{"damage":10,"enemies":"Small Slimes","floor":1,"turns":2},{"damage":5,"enemies":"2 Louse","floor":4,"turns":2},{"damage":0,"enemies":"Cultist","floor":8,"turns":2},{"damage":8,"enemies":"Red Slaver","floor":10,"turns":2},{"damage":18,"enemies":"Gremlin Nob","floor":12,"turns":4},{"damage":8,"enemies":"Exordium Wildlife","floor":13,"turns":3},{"damage":0,"enemies":"Exordium Thugs","floor":14,"turns":2},{"damage":24,"enemies":"The Guardian","floor":16,"turns":7},{"damage":5,"enemies":"3 Byrds","floor":18,"turns":2},{"damage":27,"enemies":"Chosen","floor":21,"turns":5},{"damage":19,"enemies":"Gremlin Leader","floor":24,"turns":4},{"damage":32,"enemies":"Sentry and Sphere","floor":27,"turns":6},{"damage":53,"enemies":"3 Cultists","floor":29,"turns":4}],"seed_played":"2570703059228103051","potions_obtained":[{"floor":10,"key":"LiquidBronze"},{"floor":12,"key":"Swift Potion"},{"floor":13,"key":"Fire Potion"},{"floor":14,"key":"SkillPotion"},{"floor":16,"key":"Block Potion"},{"floor":18,"key":"FairyPotion"},{"floor":27,"key":"FearPotion"}],"is_trial":false,"path_per_floor":["M","?","?","M","$","R","?","M","T","M","$","E","M","M","R","B",null,"M","?","$","M","?","R","E","$","T","M","R","M"],"character_chosen":"DEFECT","items_purchased":["Defragment","Fusion","Ball Lightning","Capacitor","Turbo","Finesse","Capacitor"],"campfire_rested":4,"item_purchase_floors":[5,5,5,20,20,20,25],"current_hp_per_floor":[58,47,47,42,42,62,62,62,62,54,54,36,28,28,48,24,68,63,63,63,36,36,56,37,37,37,17,37,0],"gold":155,"neow_bonus":"THREE_RARE_CARDS","is_prod":false,"is_daily":false,"chose_seed":false,"campfire_upgraded":0,"win_rate":0.0,"timestamp":1551638795,"path_taken":["M","?","?","?","?","R","?","?","T","M","$","E","M","M","R","BOSS","M","?","$","M","?","R","E","$","T","?","R","M"],"build_version":"2019-01-23","purchased_purges":0,"victory":false,"max_hp_per_floor":[68,68,68,68,68,68,68,68,68,68,68,68,68,68,68,68,68,68,68,68,68,68,68,68,68,68,68,68,68],"card_choices":[{"not_picked":["Fission","Buffer"],"picked":"Electrodynamics","floor":0},{"not_picked":["Beam Cell","Hologram"],"picked":"Cold Snap","floor":1},{"not_picked":["Streamline","Redo"],"picked":"Storm","floor":4},{"not_picked":["Aggregate","Auto Shields"],"picked":"Lockon","floor":8},{"not_picked":["Skim","Steam Power"],"picked":"Redo","floor":10},{"not_picked":["Coolheaded","Reprogram"],"picked":"Ball Lightning","floor":12},{"not_picked":["Ball Lightning","Consume"],"picked":"Defragment","floor":13},{"not_picked":["Darkness","Coolheaded"],"picked":"White Noise","floor":14},{"not_picked":["Core Surge","Reboot"],"picked":"Buffer","floor":16},{"not_picked":["Beam Cell","Go for the Eyes+1"],"picked":"FTL+1","floor":18},{"not_picked":["Blizzard+1","Barrage"],"picked":"Storm","floor":21},{"not_picked":["Rebound","Stack+1"],"picked":"Turbo","floor":24},{"not_picked":["Rip and Tear","Fusion"],"picked":"Conserve Battery","floor":27}],"player_experience":51662,"relics_obtained":[{"floor":9,"key":"Bottled Flame"},{"floor":12,"key":"Vajra"},{"floor":24,"key":"Kunai"},{"floor":26,"key":"Meat on the Bone"}],"event_choices":[{"damage_healed":0,"gold_gain":75,"player_choice":"Gather Gold","damage_taken":11,"max_hp_gain":0,"max_hp_loss":0,"event_name":"World of Goop","floor":2,"gold_loss":0},{"damage_healed":0,"gold_gain":0,"player_choice":"Upgraded","damage_taken":0,"max_hp_gain":0,"max_hp_loss":0,"event_name":"Upgrade Shrine","floor":3,"gold_loss":0,"cards_upgraded":["Electrodynamics"]},{"damage_healed":0,"gold_gain":0,"player_choice":"Ignored","damage_taken":0,"max_hp_gain":0,"max_hp_loss":0,"event_name":"WeMeetAgain","floor":7,"gold_loss":0},{"damage_healed":0,"gold_gain":0,"player_choice":"Opened","damage_taken":0,"relics_obtained":["Boot"],"max_hp_gain":0,"max_hp_loss":0,"event_name":"The Mausoleum","floor":19,"gold_loss":0},{"damage_healed":0,"gold_gain":0,"player_choice":"Cursed","damage_taken":0,"max_hp_gain":0,"max_hp_loss":0,"event_name":"Wheel of Change","floor":22,"gold_loss":0,"cards_obtained":["Decay"]}],"is_beta":false,"boss_relics":[{"not_picked":["Cursed Key","Astrolabe"],"picked":"Inserter"}],"items_purged_floors":[],"is_endless":false,"potions_floor_spawned":[10,12,13,14,16,18,27],"killed_by":"3 Cultists","ascension_level":0}