{"gold_per_floor":[115,132,149,168,26,26,40,57,57,69,69,79,79,97,97,193,193,206,5,21,40,53,53,64,82,82,82,442,453,179,205,205,306,306,317,9,9,27,38,38,52,7,33,62,86,98,110,142,154,166],"floor_reached":51,"playtime":1757,"items_purged":["Defend_R"],"score":821,"play_id":"d61dc0ca-d142-4d16-91cd-20bd13191f81","local_time":"20180922133545","is_ascension_mode":false,"campfire_choices":[{"data":"Whirlwind","floor":6,"key":"SMITH"},{"data":"Sword Boomerang","floor":11,"key":"SMITH"},{"data":"Twin Strike","floor":15,"key":"SMITH"},{"data":"Perfected Strike","floor":23,"key":"SMITH"},{"floor":27,"key":"REST"},{"floor":32,"key":"REST"},{"data":"Perfected Strike","floor":40,"key":"SMITH"},{"data":"Perfected Strike","floor":47,"key":"SMITH"},{"data":"Demon Form","floor":49,"key":"SMITH"}],"neow_cost":"NONE","seed_source_timestamp":809737091560056,"circlet_count":0,"master_deck":["Strike_R","Strike_R","Strike_R","Strike_R","Strike_R","Bash","Pommel Strike","Twin Strike","Sword Boomerang+1","Whirlwind+1","Flex","Twin Strike+1","Demon Form+1","Flex+1","Reckless Charge+1","Corruption+1","Pommel Strike","Perfected Strike+1","Pommel Strike","Wild Strike","Pommel Strike","Perfected Strike+1","Perfected Strike+1","Perfected Strike+1","Perfected Strike+1","Clumsy"],"relics":["Burning Blood","Bottled Flame","Happy Flower","Astrolabe","Anchor","Mercury Hourglass","Pear","Champion Belt","Cursed Key","Thread and Needle","MawBank"],"potions_floor_usage":[3,16,20,24,31,33,33,48,50,50],"damage_taken":[{"damage":10,"enemies":"Cultist","floor":1,"turns":4},{"damage":11,"enemies":"2 Louse","floor":2,"turns":3},{"damage":0,"enemies":"Small Slimes","floor":3,"turns":3},{"damage":10,"enemies":"Looter","floor":4,"turns":3},{"damage":3,"enemies":"Gremlin Gang","floor":7,"turns":3},{"damage":19,"enemies":"Large Slime","floor":8,"turns":4},{"damage":0,"enemies":"Lots of Slimes","floor":10,"turns":1},{"damage":0,"enemies":"2 Fungi Beasts","floor":12,"turns":1},{"damage":18,"enemies":"Exordium Wildlife","floor":14,"turns":4},{"damage":0,"enemies":"Slime Boss","floor":16,"turns":5},{"damage":3,"enemies":"3 Byrds","floor":18,"turns":3},{"damage":24,"enemies":"Shell Parasite","floor":20,"turns":4},{"damage":26,"enemies":"Shelled Parasite and Fungi","floor":21,"turns":3},{"damage":0,"enemies":"3 Cultists","floor":22,"turns":2},{"damage":32,"enemies":"Snake Plant","floor":24,"turns":3},{"damage":0,"enemies":"Snecko","floor":25,"turns":2},{"damage":5,"enemies":"Shelled Parasite and Fungi","floor":29,"turns":2},{"damage":24,"enemies":"Slavers","floor":31,"turns":3},{"damage":32,"enemies":"Collector","floor":33,"turns":8},{"damage":0,"enemies":"Orb Walker","floor":35,"turns":2},{"damage":0,"enemies":"3 Shapes","floor":38,"turns":1},{"damage":3,"enemies":"3 Darklings","floor":39,"turns":2},{"damage":0,"enemies":"Sphere and 2 Shapes","floor":41,"turns":2},{"damage":3,"enemies":"Transient","floor":44,"turns":5},{"damage":15,"enemies":"Spire Growth","floor":45,"turns":3},{"damage":5,"enemies":"4 Shapes","floor":48,"turns":1},{"damage":86,"enemies":"Donu and Deca","floor":50,"turns":6}],"seed_played":"8574151207387834527","potions_obtained":[{"floor":1,"key":"SteroidPotion"},{"floor":2,"key":"Fruit Juice"},{"floor":3,"key":"Regen Potion"},{"floor":7,"key":"Ancient Potion"},{"floor":20,"key":"SkillPotion"},{"floor":21,"key":"SteroidPotion"},{"floor":25,"key":"Ancient Potion"},{"floor":33,"key":"Energy Potion"},{"floor":35,"key":"Weak Potion"},{"floor":38,"key":"PowerPotion"},{"floor":44,"key":"SteroidPotion"}],"is_trial":false,"path_per_floor":["M","M","M","M","$","R","M","M","T","M","R","M","?","M","R","B",null,"M","$","M","M","M","R","M","M","T","R","?","M","$","E","R","B",null,"M","$","?","M","M","R","M","$","T","M","M","$","R","M","R","B"],"character_chosen":"IRONCLAD","items_purchased":["Whirlwind","Perfected Strike","Anchor","Perfected Strike","Pear","Thread and Needle","Perfected Strike"],"campfire_rested":2,"item_purchase_floors":[5,19,19,30,30,36,42],"current_hp_per_floor":[84,79,90,86,86,86,89,76,76,82,82,88,81,69,69,75,93,93,93,81,61,67,67,41,47,47,74,29,30,40,22,52,26,103,103,103,103,103,103,103,103,103,103,103,94,94,94,95,95,15],"gold":178,"neow_bonus":"TEN_PERCENT_HP_BONUS","is_prod":false,"is_daily":false,"chose_seed":false,"campfire_upgraded":7,"win_rate":0,"timestamp":1537637745,"path_taken":["M","M","M","M","$","R","M","?","T","M","R","M","?","M","R","BOSS","M","$","M","M","?","R","M","M","T","R","?","M","?","E","R","BOSS","M","?","?","M","?","R","M","$","T","M","M","?","R","M","R","BOSS"],"build_version":"2018-09-20","purchased_purges":1,"victory":true,"max_hp_per_floor":[88,88,93,93,93,93,93,93,93,93,93,93,93,93,93,93,93,93,93,93,93,93,93,93,93,93,93,93,93,103,103,103,103,103,103,103,103,103,103,103,103,103,103,103,103,103,103,103,103,103],"card_choices":[{"not_picked":["Entrench","Body Slam"],"picked":"Pommel Strike","floor":1},{"not_picked":["Flame Barrier","Sever Soul","Hemokinesis"],"picked":"SKIP","floor":2},{"not_picked":["Clash","Body Slam"],"picked":"Twin Strike","floor":3},{"not_picked":["Inflame","Dropkick"],"picked":"Sword Boomerang","floor":4},{"not_picked":["Anger","Rage","Body Slam"],"picked":"SKIP","floor":7},{"not_picked":["Cleave","Thunderclap"],"picked":"Flex","floor":8},{"not_picked":["Headbutt","Reaper","Sword Boomerang"],"picked":"SKIP","floor":10},{"not_picked":["Warcry","Body Slam"],"picked":"Twin Strike","floor":12},{"not_picked":["Armaments","Combust","Heavy Blade"],"picked":"SKIP","floor":14},{"not_picked":["Berserk","Juggernaut"],"picked":"Demon Form","floor":16},{"not_picked":["Body Slam","Iron Wave"],"picked":"Pommel Strike","floor":18},{"not_picked":["Rupture","Dual Wield"],"picked":"Pommel Strike","floor":20},{"not_picked":["Body Slam","Whirlwind"],"picked":"Wild Strike","floor":21},{"not_picked":["Shrug It Off","Body Slam+1"],"picked":"Pommel Strike","floor":22},{"not_picked":["Iron Wave","Twin Strike+1"],"picked":"Perfected Strike+1","floor":24},{"not_picked":["Reckless Charge+1","Armaments"],"picked":"Perfected Strike+1","floor":25},{"not_picked":["Bludgeon","Sever Soul+1","Havoc"],"picked":"SKIP","floor":29},{"not_picked":["Anger","Armaments+1","Power Through"],"picked":"SKIP","floor":31},{"not_picked":["Body Slam+1","Dual Wield+1","Corruption"],"picked":"SKIP","floor":35},{"not_picked":["Body Slam+1","Power Through+1","Entrench"],"picked":"SKIP","floor":38},{"not_picked":["Headbutt+1","Rage+1","Rupture"],"picked":"SKIP","floor":39},{"not_picked":["Anger+1","Metallicize","Armaments"],"picked":"SKIP","floor":41},{"not_picked":["Hemokinesis+1","Iron Wave+1","Sever Soul+1"],"picked":"SKIP","floor":44},{"not_picked":["Heavy Blade+1","Battle Trance+1","Double Tap"],"picked":"SKIP","floor":45},{"not_picked":["Body Slam","Clothesline+1","Rampage"],"picked":"SKIP","floor":48}],"player_experience":153697,"relics_obtained":[{"floor":9,"key":"Bottled Flame"},{"floor":26,"key":"Mercury Hourglass"},{"floor":31,"key":"Champion Belt"},{"floor":43,"key":"MawBank"}],"event_choices":[{"event_name":"Scrap Ooze","player_choice":"success","floor":13,"damage_taken":7},{"event_name":"Knowing Skull","player_choice":"GOLD GOLD GOLD GOLD ","floor":28,"damage_taken":0},{"event_name":"SensoryStone","player_choice":"Memory 1","floor":37,"damage_taken":0}],"is_beta":false,"boss_relics":[{"not_picked":["Tiny House","Runic Dome"],"picked":"Astrolabe"},{"not_picked":["Snecko Eye","Calling Bell"],"picked":"Cursed Key"}],"items_purged_floors":[5],"is_endless":false,"potions_floor_spawned":[1,2,3,7,14,20,21,25,33,35,38,44],"ascension_level":0}