{"gold_per_floor":[114,114,289,306,48,73,73,90,117,130,146,146,0,16,16,119,119,139,159,80,91,91,125,155,155,178,192,203,203],"floor_reached":29,"playtime":1245,"items_purged":["Doubt"],"score":419,"play_id":"17a8448a-ec77-4c7e-8e1f-bab14aac8df1","local_time":"20181114212431","is_ascension_mode":true,"campfire_choices":[{"data":"Bash","floor":7,"key":"SMITH"},{"data":"Shrug It Off","floor":15,"key":"SMITH"}],"neow_cost":"NONE","seed_source_timestamp":11618665045335,"circlet_count":0,"master_deck":["Strike_R+1","Strike_R","Strike_R","Strike_R","Strike_R","Defend_R","Defend_R","Defend_R","Defend_R","Bash+1","Armaments+1","Body Slam","Feel No Pain","Shockwave","Infernal Blade","Disarm","Shrug It Off+1","Feed+1","Dropkick+1","Brutality","Corruption","Thunderclap+1","Inflame","Heavy Blade+1","Ghostly","Ghostly","Ghostly","Ghostly","Ghostly","Spot Weakness+1","Demon Form","Parasite","Twin Strike+1"],"relics":["Burning Blood","NeowsBlessing","Tiny Chest","Pen Nib","PreservedInsect","Molten Egg 2","Cursed Key","Mummified Hand","Red Mask","Blood Vial"],"potions_floor_usage":[24],"damage_taken":[{"damage":0,"enemies":"Small Slimes","floor":1,"turns":1},{"damage":0,"enemies":"Jaw Worm","floor":4,"turns":1},{"damage":0,"enemies":"3 Sentries","floor":6,"turns":2},{"damage":1,"enemies":"Cultist","floor":8,"turns":3},{"damage":1,"enemies":"3 Louse","floor":10,"turns":2},{"damage":6,"enemies":"2 Fungi Beasts","floor":11,"turns":2},{"damage":4,"enemies":"Exordium Wildlife","floor":14,"turns":6},{"damage":37,"enemies":"Slime Boss","floor":16,"turns":12},{"damage":23,"enemies":"Spheric Guardian","floor":18,"turns":4},{"damage":1,"enemies":"Shell Parasite","floor":19,"turns":4},{"damage":20,"enemies":"Snake Plant","floor":21,"turns":3},{"damage":6,"enemies":"Book of Stabbing","floor":23,"turns":6},{"damage":34,"enemies":"Masked Bandits","floor":24,"turns":6},{"damage":13,"enemies":"Snecko","floor":27,"turns":5},{"damage":2,"enemies":"Centurion and Healer","floor":28,"turns":5},{"damage":29,"enemies":"Snake Plant","floor":29,"turns":2}],"seed_played":"-3940417624887624438","potions_obtained":[{"floor":6,"key":"SteroidPotion"},{"floor":8,"key":"SteroidPotion"},{"floor":11,"key":"Weak Potion"},{"floor":28,"key":"Fire Potion"}],"is_trial":false,"path_per_floor":["M","?","?","M","$","E","R","M","T","M","M","T","$","M","R","B",null,"M","M","$","M","?","E","?","?","T","M","M","M"],"character_chosen":"IRONCLAD","items_purchased":["Feel No Pain","Tiny Chest","Feed+1","Inflame"],"campfire_rested":0,"item_purchase_floors":[5,5,13,20],"current_hp_per_floor":[78,62,62,68,68,74,74,79,79,80,80,80,80,84,84,57,80,67,76,76,62,48,48,20,20,20,15,25,0],"gold":203,"neow_bonus":"THREE_ENEMY_KILL","is_prod":false,"is_daily":false,"chose_seed":false,"campfire_upgraded":2,"win_rate":0,"timestamp":1542248671,"path_taken":["M","?","?","?","$","E","R","M","T","M","M","?","$","?","R","BOSS","M","M","$","M","?","E","?","?","T","M","M","?"],"build_version":"2018-11-13","purchased_purges":1,"victory":false,"max_hp_per_floor":[80,80,80,80,80,80,80,80,80,80,80,80,80,84,84,88,88,92,96,96,96,48,48,48,48,48,48,52,52],"card_choices":[{"not_picked":["Body Slam","Carnage"],"picked":"Armaments","floor":1},{"not_picked":["Rage","Armaments"],"picked":"Body Slam","floor":4},{"not_picked":["Pummel","Wild Strike"],"picked":"Shockwave","floor":6},{"not_picked":["Perfected Strike","Sword Boomerang"],"picked":"Infernal Blade","floor":8},{"not_picked":["Hemokinesis","Cleave"],"picked":"Disarm","floor":10},{"not_picked":["Bloodletting","Pommel Strike"],"picked":"Shrug It Off","floor":11},{"not_picked":["Heavy Blade+1","Rage"],"picked":"Dropkick+1","floor":14},{"not_picked":["Reaper+1","Limit Break"],"picked":"Brutality","floor":16},{"not_picked":["Rage+1","Carnage+1"],"picked":"Corruption","floor":18},{"not_picked":["Clash+1","Sword Boomerang+1"],"picked":"Thunderclap+1","floor":19},{"not_picked":["Evolve","Body Slam+1"],"picked":"Heavy Blade+1","floor":21},{"not_picked":["Warcry+1","Headbutt+1"],"picked":"Spot Weakness+1","floor":23},{"not_picked":["Havoc","Armaments"],"picked":"Demon Form","floor":24},{"not_picked":["Thunderclap+1","Clothesline+1","Evolve"],"picked":"SKIP","floor":27},{"not_picked":["Iron Wave+1","Perfected Strike+1"],"picked":"Twin Strike+1","floor":28}],"player_experience":360935,"relics_obtained":[{"floor":6,"key":"Pen Nib"},{"floor":9,"key":"PreservedInsect"},{"floor":12,"key":"Molten Egg 2"},{"floor":23,"key":"Mummified Hand"},{"floor":24,"key":"Red Mask"},{"floor":26,"key":"Blood Vial"}],"event_choices":[{"damage_healed":0,"gold_gain":0,"player_choice":"Entered Light","damage_taken":16,"max_hp_gain":0,"max_hp_loss":0,"event_name":"Shining Light","floor":2,"gold_loss":0,"cards_upgraded":["Strike_R","Armaments"]},{"damage_healed":0,"gold_gain":175,"player_choice":"AGREE","damage_taken":0,"max_hp_gain":0,"max_hp_loss":0,"event_name":"Liars Game","floor":3,"gold_loss":0,"cards_obtained":["Doubt"]},{"damage_healed":0,"gold_gain":0,"player_choice":"Became a Ghost","damage_taken":0,"max_hp_gain":0,"max_hp_loss":48,"event_name":"Ghosts","floor":22,"gold_loss":0,"cards_obtained":["Ghostly","Ghostly","Ghostly","Ghostly","Ghostly"]},{"damage_healed":0,"gold_gain":0,"player_choice":"Fought Bandits","damage_taken":0,"max_hp_gain":0,"max_hp_loss":0,"event_name":"Masked Bandits","floor":24,"gold_loss":0},{"damage_healed":0,"gold_gain":0,"player_choice":"Ignored","damage_taken":0,"max_hp_gain":0,"max_hp_loss":0,"event_name":"Cursed Tome","floor":25,"gold_loss":0}],"is_beta":true,"boss_relics":[{"not_picked":["Philosopher\u0027s Stone","Calling Bell"],"picked":"Cursed Key"}],"items_purged_floors":[5],"is_endless":false,"potions_floor_spawned":[6,8,11,16,23,28],"killed_by":"Snake Plant","ascension_level":9}