{"path_per_floor":["M","M","M","M","$","R","E","M","T","M","E","T","E","M","R","B",null,"M","M","$","M"],"character_chosen":"THE_SILENT","items_purchased":["Ice Cream","PiercingWail"],"gold_per_floor":[110,128,143,159,159,159,194,205,259,276,308,308,341,352,352,430,430,430,385,49,49,49],"floor_reached":22,"campfire_rested":2,"playtime":1341,"current_hp_per_floor":[56,44,44,15,15,40,18,18,18,11,7,7,5,2,29,17,54,32,32,32,4,0],"items_purged":[],"gold":49,"score":368,"play_id":"d519ef2e-45fd-4824-8767-26a855584668","local_time":"20180425222856","is_prod":false,"is_daily":false,"chose_seed":false,"is_ascension_mode":true,"campfire_upgraded":0,"timestamp":1524688136,"path_taken":["M","?","M","M","$","R","E","?","T","M","E","?","E","M","R","BOSS","M","M","$","M","M"],"build_version":"2018-04-19","seed_source_timestamp":224158523643736,"purchased_purges":1,"victory":false,"master_deck":["Defend_G","Defend_G","Defend_G","Defend_G","Defend_G","Strike_G","Strike_G","Strike_G","Strike_G","Strike_G","Survivor","Neutralize","AscendersBane","Noxious Fumes","Dash","Sucker Punch","Skewer","Glass Knife","Cloak And Dagger","Dagger Spray","Tactician","Noxious Fumes","Die Die Die","Deflect","Well Laid Plans","PiercingWail","Acrobatics"],"max_hp_per_floor":[66,66,66,66,66,66,66,66,66,66,66,66,66,66,66,66,66,66,66,66,66,66],"relics":["Eternal Feather","Bottled Lightning","Oddly Smooth Stone","Dodecahedron","Bag of Marbles","Anchor","Ectoplasm","Ice Cream"],"card_choices":[{"not_picked":["Catalyst","Cloak And Dagger"],"picked":"Noxious Fumes","floor":1},{"not_picked":["Underhanded Strike","Endless Agony"],"picked":"Dash","floor":2},{"not_picked":["Deadly Poison","Quick Slash"],"picked":"Sucker Punch","floor":3},{"not_picked":["Setup","Blade Dance"],"picked":"Skewer","floor":4},{"not_picked":["Acrobatics","Bane"],"picked":"Glass Knife","floor":7},{"not_picked":["Blade Dance","Caltrops"],"picked":"Cloak And Dagger","floor":8},{"not_picked":["Underhanded Strike","Slice"],"picked":"Dagger Spray","floor":10},{"not_picked":["Skewer","Underhanded Strike"],"picked":"Tactician","floor":13},{"not_picked":["Poisoned Stab","Quick Slash"],"picked":"Noxious Fumes","floor":14},{"not_picked":["Burst","Doppelganger"],"picked":"Die Die Die","floor":16},{"not_picked":["Heel Hook","Sucker Punch"],"picked":"Deflect","floor":18},{"not_picked":["Distraction","Endless Agony"],"picked":"Well Laid Plans","floor":19},{"not_picked":["Underhanded Strike","Prepared"],"picked":"Acrobatics","floor":21}],"player_experience":441025,"potions_floor_usage":[7,11,13,13,16],"damage_taken":[{"damage":3,"enemies":"Cultist","floor":1,"turns":5},{"damage":12,"enemies":"Small Slimes","floor":2,"turns":5},{"damage":0,"enemies":"Jaw Worm","floor":3,"turns":5},{"damage":29,"enemies":"Lots of Slimes","floor":4,"turns":5},{"damage":22,"enemies":"Gremlin Nob","floor":7,"turns":5},{"damage":0,"enemies":"2 Fungi Beasts","floor":8,"turns":3},{"damage":7,"enemies":"Exordium Wildlife","floor":10,"turns":5},{"damage":4,"enemies":"Lagavulin","floor":11,"turns":7},{"damage":2,"enemies":"3 Sentries","floor":13,"turns":5},{"damage":3,"enemies":"Blue Slaver","floor":14,"turns":2},{"damage":12,"enemies":"The Guardian","floor":16,"turns":10},{"damage":22,"enemies":"Spheric Guardian","floor":18,"turns":4},{"damage":0,"enemies":"2 Thieves","floor":19,"turns":4},{"damage":28,"enemies":"Snecko","floor":21,"turns":7},{"damage":5,"enemies":"Centurion and Healer","floor":22,"turns":3}],"event_choices":[],"boss_relics":[{"not_picked":["Velvet Choker","Sozu"],"picked":"Ectoplasm"}],"potions_floor_spawned":[1,4,8,11,13,18],"seed_played":"-582956778317341746","killed_by":"Centurion and Healer","ascension_level":15,"is_trial":false}