{"gold_per_floor":[111,125,125,125,200,240,240,275,275,275,319,319,358,379,379,473,473,497,512,512],"floor_reached":20,"playtime":823,"items_purged":[],"score":475,"play_id":"86171862-4541-472a-b174-71b1913a12b0","local_time":"20190127142521","is_ascension_mode":true,"campfire_choices":[{"data":"Defragment","floor":7,"key":"SMITH"},{"data":"Steam","floor":10,"key":"SMITH"},{"data":"Sunder","floor":12,"key":"SMITH"},{"data":"Zap","floor":15,"key":"SMITH"}],"neow_cost":"NONE","seed_source_timestamp":1461623213965400,"circlet_count":0,"master_deck":["AscendersBane","Strike_B","Strike_B","Strike_B+1","Defend_B","Defend_B","Defend_B","Defend_B","Zap+1","Dualcast","Defragment+1","Steam+1","Ball Lightning+1","Storm","Sunder+1","Buffer+1","Core Surge","Storm+1","Coolheaded"],"relics":["Cracked Core","NeowsBlessing","Golden Idol","Pocketwatch","Whetstone","StoneCalendar","Frozen Egg 2","Incense Burner","Inserter"],"potions_floor_usage":[11,13],"damage_taken":[{"damage":0,"enemies":"2 Louse","floor":1,"turns":1},{"damage":0,"enemies":"Small Slimes","floor":2,"turns":1},{"damage":0,"enemies":"3 Sentries","floor":6,"turns":2},{"damage":9,"enemies":"Lagavulin","floor":8,"turns":5},{"damage":0,"enemies":"Gremlin Nob","floor":11,"turns":3},{"damage":17,"enemies":"3 Sentries","floor":13,"turns":6},{"damage":2,"enemies":"Jaw Worm","floor":14,"turns":3},{"damage":4,"enemies":"Hexaghost","floor":16,"turns":7},{"damage":11,"enemies":"Chosen","floor":18,"turns":4},{"damage":28,"enemies":"3 Byrds","floor":19,"turns":3},{"damage":13,"enemies":"Shelled Parasite and Fungi","floor":20,"turns":2}],"seed_played":"-809850515062774562","potions_obtained":[{"floor":1,"key":"Dexterity Potion"},{"floor":8,"key":"Block Potion"},{"floor":11,"key":"FearPotion"},{"floor":16,"key":"LiquidBronze"}],"is_trial":false,"path_per_floor":["M","M","?","?","?","E","R","E","T","R","E","R","E","M","R","B",null,"M","M","M"],"character_chosen":"DEFECT","items_purchased":[],"campfire_rested":0,"item_purchase_floors":[],"current_hp_per_floor":[64,64,64,57,46,46,46,37,37,37,37,37,20,18,18,14,52,41,13,0],"gold":512,"neow_bonus":"THREE_ENEMY_KILL","is_prod":false,"is_daily":false,"chose_seed":false,"campfire_upgraded":4,"win_rate":0,"timestamp":1548627921,"path_taken":["M","M","?","?","?","E","R","E","T","R","E","R","E","M","R","BOSS","M","M","M"],"build_version":"2019-01-23","purchased_purges":0,"victory":false,"max_hp_per_floor":[71,71,64,64,64,64,64,64,64,64,64,64,64,64,64,64,64,64,64,64],"card_choices":[{"not_picked":["Rip and Tear","Redo"],"picked":"Defragment","floor":1},{"not_picked":["Melter","Chaos"],"picked":"Steam","floor":2},{"not_picked":["Scrape","Rebound"],"picked":"Ball Lightning","floor":6},{"not_picked":["Compile Driver","Beam Cell"],"picked":"Storm","floor":8},{"not_picked":["Force Field","Barrage"],"picked":"Sunder","floor":11},{"not_picked":["Rebound","Lockon"],"picked":"Buffer+1","floor":13},{"not_picked":["Darkness","Barrage","Hello World+1"],"picked":"SKIP","floor":14},{"not_picked":["All For One","Meteor Strike"],"picked":"Core Surge","floor":16},{"not_picked":["Streamline","Doom and Gloom"],"picked":"Storm+1","floor":18},{"not_picked":["Steam","Rebound"],"picked":"Coolheaded","floor":19}],"player_experience":590503,"relics_obtained":[{"floor":6,"key":"Pocketwatch"},{"floor":8,"key":"Whetstone"},{"floor":9,"key":"StoneCalendar"},{"floor":11,"key":"Frozen Egg 2"},{"floor":13,"key":"Incense Burner"}],"event_choices":[{"damage_healed":0,"gold_gain":0,"player_choice":"Lose Max HP","damage_taken":0,"relics_obtained":["Golden Idol"],"max_hp_gain":0,"max_hp_loss":7,"event_name":"Golden Idol","floor":3,"gold_loss":0},{"cards_removed":["Strike_B"],"damage_healed":0,"gold_gain":0,"player_choice":"Card Removal","damage_taken":7,"max_hp_gain":0,"max_hp_loss":0,"event_name":"Golden Wing","floor":4,"gold_loss":0},{"damage_healed":0,"gold_gain":75,"player_choice":"Gather Gold","damage_taken":11,"max_hp_gain":0,"max_hp_loss":0,"event_name":"World of Goop","floor":5,"gold_loss":0}],"is_beta":false,"boss_relics":[{"not_picked":["Velvet Choker","Ectoplasm"],"picked":"Inserter"}],"items_purged_floors":[],"is_endless":false,"potions_floor_spawned":[1,8,11,16],"killed_by":"Shelled Parasite and Fungi","ascension_level":18}