{"gold_per_floor":[110,35,35,47,59,59,88,98,98,98,98,118,68,87,87,184,184,204,219,219,219],"floor_reached":21,"playtime":471,"items_purged":["Defend_R"],"score":181,"play_id":"70983200-83c8-4bea-bb6a-93c5b3877c21","local_time":"20180822185602","is_ascension_mode":false,"campfire_choices":[{"data":"Bash","floor":6,"key":"SMITH"},{"floor":10,"key":"REST"},{"data":"Flex","floor":15,"key":"SMITH"}],"neow_cost":"","seed_source_timestamp":74902196686607,"circlet_count":0,"master_deck":["Strike_R","Strike_R","Strike_R","Strike_R","Strike_R","Defend_R","Defend_R","Defend_R","Bash+1","Regret","Sword Boomerang","Heavy Blade","Heavy Blade","Flex+1","Battle Trance","Limit Break","Pommel Strike","Battle Trance","Bloodletting+1"],"relics":["Burning Blood","Pantograph","Dream Catcher","Paper Frog","Orrery","Enchiridion"],"potions_floor_usage":[7],"damage_taken":[{"damage":6,"enemies":"Cultist","floor":1,"turns":3},{"damage":16,"enemies":"Jaw Worm","floor":4,"turns":3},{"damage":7,"enemies":"Small Slimes","floor":5,"turns":3},{"damage":17,"enemies":"Gremlin Nob","floor":7,"turns":4},{"damage":23,"enemies":"Red Slaver","floor":8,"turns":3},{"damage":43,"enemies":"Exordium Thugs","floor":12,"turns":5},{"damage":14,"enemies":"3 Louse","floor":14,"turns":4},{"damage":28,"enemies":"Slime Boss","floor":16,"turns":9},{"damage":24,"enemies":"Shell Parasite","floor":18,"turns":3},{"damage":33,"enemies":"Spheric Guardian","floor":19,"turns":4},{"damage":29,"enemies":"3 Cultists","floor":21,"turns":3}],"seed_played":"-1889425460228950995","potions_obtained":[{"floor":1,"key":"Regen Potion"},{"floor":5,"key":"Fruit Juice"},{"floor":7,"key":"PowerPotion"},{"floor":14,"key":"FearPotion"}],"is_trial":false,"path_per_floor":["M","$","?","M","M","R","E","M","T","R","$","M","$","M","R","B",null,"M","M","?"],"character_chosen":"IRONCLAD","items_purchased":["Flex"],"campfire_rested":1,"item_purchase_floors":[13],"current_hp_per_floor":[80,80,80,70,69,69,63,46,46,71,71,34,34,26,26,29,85,67,40,24,0],"gold":219,"neow_bonus":"","is_prod":false,"is_daily":false,"chose_seed":false,"campfire_upgraded":2,"win_rate":0,"timestamp":1534978562,"path_taken":["M","?","?","M","M","R","E","M","T","R","$","M","$","?","R","BOSS","M","M","?","M"],"build_version":"2018-08-16","purchased_purges":1,"victory":false,"max_hp_per_floor":[80,80,80,80,80,80,85,85,85,85,85,85,85,85,85,85,85,85,85,85,85],"card_choices":[{"not_picked":["Dual Wield","Wild Strike","Armaments"],"picked":"SKIP","floor":1},{"not_picked":["Perfected Strike","Infernal Blade","Flame Barrier"],"picked":"SKIP","floor":4},{"not_picked":["Havoc","Warcry"],"picked":"Sword Boomerang","floor":5},{"not_picked":["Dropkick","Perfected Strike","Corruption"],"picked":"SKIP","floor":7},{"not_picked":["Flame Barrier","Shrug It Off","Wild Strike"],"picked":"SKIP","floor":8},{"not_picked":["Feed","Cleave"],"picked":"Heavy Blade","floor":10},{"not_picked":["Sever Soul","Armaments"],"picked":"Heavy Blade","floor":12},{"not_picked":["Body Slam","Combust"],"picked":"Battle Trance","floor":14},{"not_picked":["Feed","Double Tap"],"picked":"Limit Break","floor":16},{"not_picked":["Thunderclap","Body Slam"],"picked":"Pommel Strike","floor":17},{"not_picked":["Thunderclap","Rage"],"picked":"Battle Trance","floor":17},{"not_picked":["Feel No Pain","Cleave+1"],"picked":"Bloodletting+1","floor":18},{"not_picked":["Second Wind","Fire Breathing","Searing Blow"],"picked":"SKIP","floor":19}],"player_experience":138951,"relics_obtained":[{"floor":7,"key":"Dream Catcher"},{"floor":9,"key":"Paper Frog"},{"floor":20,"key":"Enchiridion"}],"event_choices":[{"event_name":"Big Fish","player_choice":"Box","floor":3,"damage_taken":0},{"event_name":"Cursed Tome","player_choice":"Obtained Book","floor":20,"damage_taken":0}],"is_beta":false,"boss_relics":[{"not_picked":["Mark of Pain","White Beast Statue"],"picked":"Orrery"}],"items_purged_floors":[2],"is_endless":false,"potions_floor_spawned":[1,5,7,14,19],"killed_by":"3 Cultists","ascension_level":0}