{"path_per_floor":["M","?","M","$","M","R","E","M","T","M","M","E","R","?","R","B",null,"M","?","M","$","?","R","E","R","T","$","T","E","M","E","R"],"character_chosen":"IRONCLAD","items_purchased":["Shrug It Off","Medical Kit","Metallicize","Armaments"],"gold_per_floor":[118,118,138,92,112,112,144,163,163,180,198,223,223,223,223,326,356,366,291,305,24,24,24,52,52,52,3,3,37,54,82,82,82],"floor_reached":33,"campfire_rested":3,"playtime":1707,"current_hp_per_floor":[75,68,68,68,68,68,41,37,37,37,36,35,59,59,59,52,85,74,74,54,54,54,54,13,38,38,38,38,43,19,5,34,20],"items_purged":[],"gold":82,"score":354,"play_id":"4633de56-d695-481b-8312-ed33b752b513","local_time":"20180324154419","is_prod":false,"is_daily":false,"is_ascension_mode":true,"campfire_upgraded":3,"timestamp":1521927859,"path_taken":["M","?","M","$","?","R","E","M","T","M","M","E","R","?","R","BOSS","M","?","M","$","?","R","E","R","T","$","?","E","M","E","R","BOSS"],"build_version":"2018-03-22v2","purchased_purges":0,"victory":false,"master_deck":["Strike_R+1","Strike_R+1","Strike_R+1","Defend_R+1","Defend_R+1","Defend_R+1","Defend_R+1","Bash","Warcry+1","Feel No Pain+1","Shrug It Off","Pommel Strike","Flex","Havoc","Warcry+1","Havoc+1","Exhume","Twin Strike","Inflame","Dual Wield","Metallicize","Second Wind+1","Armaments","Feel No Pain","Infernal Blade","Immolate"],"max_hp_per_floor":[80,80,80,80,80,80,80,80,80,80,80,80,80,80,80,80,85,85,85,85,85,85,85,85,85,85,85,85,99,99,99,99,99],"relics":["Velvet Choker","Mercury Hourglass","Torii","Orichalcum","Tiny House","Medical Kit","Bag of Preparation","Du-Vu Doll","Ice Cream","Mango","Mummified Hand"],"card_choices":[{"not_picked":["Havoc","Shockwave"],"picked":"Warcry","floor":1},{"not_picked":["Thunderclap","Sword Boomerang"],"picked":"Feel No Pain","floor":3},{"not_picked":["Body Slam","Berserk"],"picked":"Bloodletting","floor":5},{"not_picked":["Cleave","Disarm"],"picked":"Pommel Strike","floor":7},{"not_picked":["Thunderclap","Entrench"],"picked":"Flex","floor":8},{"not_picked":["Warcry","Shockwave"],"picked":"Havoc","floor":11},{"not_picked":["Sword Boomerang","Wild Strike"],"picked":"Warcry","floor":12},{"not_picked":["Bludgeon","Juggernaut"],"picked":"Exhume","floor":16},{"not_picked":["Bloodletting","Heavy Blade"],"picked":"Twin Strike","floor":17},{"not_picked":["Headbutt","Shrug It Off"],"picked":"Inflame","floor":18},{"not_picked":["Battle Trance","Headbutt"],"picked":"Dual Wield","floor":20},{"not_picked":["Sword Boomerang","Thunderclap"],"picked":"Second Wind","floor":24},{"not_picked":["Iron Wave","Shrug It Off"],"picked":"Feel No Pain","floor":29},{"not_picked":["Iron Wave","Carnage"],"picked":"Infernal Blade","floor":30},{"not_picked":["True Grit","Shrug It Off"],"picked":"Immolate","floor":31}],"player_experience":199526,"potions_floor_usage":[16,20,29,29,31],"damage_taken":[{"damage":5,"enemies":"2 Louse","floor":1,"turns":3},{"damage":0,"enemies":"Small Slimes","floor":3,"turns":4},{"damage":0,"enemies":"Cultist","floor":5,"turns":3},{"damage":27,"enemies":"Lagavulin","floor":7,"turns":7},{"damage":4,"enemies":"Red Slaver","floor":8,"turns":3},{"damage":0,"enemies":"Exordium Wildlife","floor":10,"turns":3},{"damage":1,"enemies":"Exordium Thugs","floor":11,"turns":4},{"damage":1,"enemies":"3 Sentries","floor":12,"turns":6},{"damage":7,"enemies":"Hexaghost","floor":16,"turns":9},{"damage":11,"enemies":"Spheric Guardian","floor":18,"turns":5},{"damage":20,"enemies":"Chosen","floor":20,"turns":5},{"damage":41,"enemies":"Slavers","floor":24,"turns":7},{"damage":24,"enemies":"Gremlin Leader","floor":29,"turns":9},{"damage":24,"enemies":"Snake Plant","floor":30,"turns":5},{"damage":14,"enemies":"Book of Stabbing","floor":31,"turns":7},{"damage":26,"enemies":"Collector","floor":33,"turns":7}],"event_choices":[{"event_name":"Golden Wing","player_choice":"Card Removal","floor":2,"damage_taken":0},{"event_name":"Transmorgrifier","player_choice":"Transform","floor":14,"damage_taken":0},{"event_name":"Beggar","player_choice":"Gave Gold","floor":19,"damage_taken":0},{"event_name":"Back to Basics","player_choice":"Simplicity","floor":22,"damage_taken":0}],"boss_relics":[{"not_picked":["Question Card","Sozu"],"picked":"Tiny House"}],"potions_floor_spawned":[7,10,11,18,24],"seed_played":"6008199453228807119","killed_by":"Collector","ascension_level":1,"is_trial":false}