{"gold_per_floor":[112,112,112,132,146,181,181,213,213,229,229,229,254,204,204,299,299,313,328,62,74,74,74,100,100,172,187,187,187,212,312,312,312],"floor_reached":33,"playtime":1086,"items_purged":["Strike_R"],"score":395,"play_id":"ac846985-81cc-4253-9e90-a790161183c7","local_time":"20190306223905","is_ascension_mode":true,"campfire_choices":[{"data":"Rampage","floor":7,"key":"SMITH"},{"floor":11,"key":"REST"},{"data":"Pommel Strike","floor":15,"key":"SMITH"},{"data":"Bash","floor":23,"key":"SMITH"},{"data":"RitualDagger","floor":25,"key":"SMITH"},{"floor":32,"key":"REST"}],"neow_cost":"NONE","seed_source_timestamp":309047835456027,"circlet_count":0,"master_deck":["Strike_R","Strike_R","Defend_R+1","Defend_R+1","Defend_R","Bash+1","Rampage+1","Pommel Strike+1","Offering","RitualDagger+1"],"relics":["Sozu","Bottled Flame","Juzu Bracelet","Thread and Needle","Boot","Lantern","Runic Dome","Sling","Shuriken","Blue Candle","Toxic Egg 2"],"potions_floor_usage":[],"damage_taken":[{"damage":1,"enemies":"Jaw Worm","floor":1,"turns":3},{"damage":0,"enemies":"Small Slimes","floor":4,"turns":3},{"damage":0,"enemies":"Cultist","floor":5,"turns":3},{"damage":15,"enemies":"3 Sentries","floor":6,"turns":8},{"damage":13,"enemies":"Lagavulin","floor":8,"turns":6},{"damage":0,"enemies":"Large Slime","floor":10,"turns":2},{"damage":10,"enemies":"Gremlin Nob","floor":13,"turns":3},{"damage":6,"enemies":"Slime Boss","floor":16,"turns":9},{"damage":6,"enemies":"3 Byrds","floor":18,"turns":3},{"damage":0,"enemies":"Shell Parasite","floor":19,"turns":3},{"damage":0,"enemies":"Centurion and Healer","floor":21,"turns":5},{"damage":6,"enemies":"Slavers","floor":24,"turns":4},{"damage":11,"enemies":"Snake Plant","floor":27,"turns":3},{"damage":24,"enemies":"Gremlin Leader","floor":30,"turns":5},{"damage":42,"enemies":"Automaton","floor":33,"turns":6}],"seed_played":"765165122710689106","potions_obtained":[],"is_trial":false,"path_per_floor":["M","?","T","M","M","E","R","E","T","M","R","?","E","?","R","B",null,"M","M","$","M","?","R","E","R","T","M","?","?","E","?","R","B"],"character_chosen":"IRONCLAD","items_purchased":["Sling"],"campfire_rested":2,"item_purchase_floors":[20],"current_hp_per_floor":[79,63,63,63,63,48,48,35,35,35,59,52,42,42,42,36,80,74,74,74,74,68,68,62,62,62,51,51,36,12,12,37,0],"gold":312,"neow_bonus":"BOSS_RELIC","is_prod":false,"is_daily":false,"chose_seed":false,"campfire_upgraded":4,"win_rate":0,"timestamp":1551908345,"path_taken":["M","?","?","M","M","E","R","E","T","M","R","?","E","?","R","BOSS","M","M","$","M","?","R","E","R","T","M","?","?","E","?","R","BOSS"],"build_version":"2019-01-23","purchased_purges":1,"victory":false,"max_hp_per_floor":[80,80,80,80,80,80,80,80,80,80,80,80,80,80,80,80,80,80,80,80,80,80,80,80,80,80,80,80,85,85,85,85,85],"card_choices":[{"not_picked":["Cleave","Shrug It Off"],"picked":"Rampage","floor":1},{"not_picked":["Flex","Anger","Cleave"],"picked":"SKIP","floor":4},{"not_picked":["Cleave","Heavy Blade"],"picked":"Pommel Strike","floor":5},{"not_picked":["Shrug It Off","Rupture","Blood for Blood"],"picked":"SKIP","floor":6},{"not_picked":["Body Slam","Headbutt"],"picked":"Offering","floor":8},{"not_picked":["Heavy Blade","Anger","Pummel"],"picked":"SKIP","floor":10},{"not_picked":["Armaments","Pummel","Heavy Blade"],"picked":"SKIP","floor":13},{"not_picked":["Corruption","Carnage+1","Shrug It Off"],"picked":"SKIP","floor":18},{"not_picked":["Reckless Charge","Sword Boomerang","Carnage"],"picked":"SKIP","floor":19},{"not_picked":["Flex","Wild Strike","Cleave"],"picked":"SKIP","floor":21},{"not_picked":["Twin Strike","Shockwave","Clothesline+1"],"picked":"SKIP","floor":24},{"not_picked":["Headbutt","Heavy Blade+1","Cleave"],"picked":"SKIP","floor":27},{"not_picked":["Carnage","Brutality","Thunderclap"],"picked":"SKIP","floor":30}],"player_experience":1076493,"relics_obtained":[{"floor":3,"key":"Bottled Flame"},{"floor":6,"key":"Juzu Bracelet"},{"floor":8,"key":"Thread and Needle"},{"floor":9,"key":"Boot"},{"floor":13,"key":"Lantern"},{"floor":24,"key":"Shuriken"},{"floor":26,"key":"Blue Candle"},{"floor":30,"key":"Toxic Egg 2"}],"event_choices":[{"damage_healed":0,"gold_gain":0,"player_choice":"Entered Light","damage_taken":16,"max_hp_gain":0,"max_hp_loss":0,"event_name":"Shining Light","floor":2,"gold_loss":0,"cards_upgraded":["Defend_R","Defend_R"]},{"cards_removed":["Strike_R"],"damage_healed":0,"gold_gain":0,"player_choice":"Card Removal","damage_taken":7,"max_hp_gain":0,"max_hp_loss":0,"event_name":"Golden Wing","floor":12,"gold_loss":0},{"cards_removed":["Strike_R"],"damage_healed":0,"gold_gain":0,"player_choice":"Card Removal","damage_taken":0,"max_hp_gain":0,"max_hp_loss":0,"event_name":"The Cleric","floor":14,"gold_loss":50},{"damage_healed":0,"gold_gain":0,"player_choice":"Joined the Cult","damage_taken":6,"max_hp_gain":0,"max_hp_loss":0,"event_name":"Nest","floor":22,"gold_loss":0,"cards_obtained":["RitualDagger"]},{"cards_removed":["Defend_R"],"damage_healed":0,"gold_gain":0,"player_choice":"Purged","damage_taken":0,"max_hp_gain":0,"max_hp_loss":0,"event_name":"Purifier","floor":28,"gold_loss":0},{"damage_healed":0,"gold_gain":0,"player_choice":"Shed Blood","damage_taken":20,"max_hp_gain":5,"max_hp_loss":0,"event_name":"Forgotten Altar","floor":29,"gold_loss":0},{"damage_healed":0,"gold_gain":100,"player_choice":"Pray","damage_taken":0,"max_hp_gain":0,"max_hp_loss":0,"event_name":"Golden Shrine","floor":31,"gold_loss":0}],"is_beta":false,"boss_relics":[{"not_picked":["Lizard Tail","Velvet Choker"],"picked":"Runic Dome"}],"items_purged_floors":[20],"is_endless":false,"potions_floor_spawned":[1,4,13,21,24,30],"killed_by":"Automaton","ascension_level":1}