{"path_per_floor":["M","M","M","M","M","E","R","E","T","R","?","M","M","M","R","B",null,"M","M","?","$","M","M","M","R","T","R","?","E","M","E","R","B",null,"M","?","M","M","M","R","M","R","T","M","M","M","M","$","R","B"],"character_chosen":"THE_SILENT","items_purchased":["Master of Strategy","Oddly Smooth Stone","Bottled Tornado","Noxious Fumes"],"gold_per_floor":[113,126,136,151,169,195,195,223,223,223,223,240,259,278,278,383,383,402,417,417,2,18,34,49,49,127,127,127,152,172,202,202,297,297,313,313,325,335,355,355,371,371,396,408,423,436,456,23,23,23],"floor_reached":51,"campfire_rested":3,"playtime":5554,"current_hp_per_floor":[63,63,62,56,39,23,44,20,20,20,17,17,13,13,34,34,70,67,67,67,67,67,65,65,65,65,65,65,64,64,64,64,66,70,70,70,70,70,70,70,70,70,70,69,64,57,58,58,70,70],"items_purged":["Strike_G","Pain"],"gold":23,"play_id":"d5487793-a3dd-4548-9f6a-de48232dd2e8","is_prod":false,"is_daily":false,"is_ascension_mode":false,"campfire_upgraded":6,"path_taken":["M","M","?","M","M","E","R","E","T","R","?","?","?","M","R","BOSS","M","M","?","$","M","M","M","R","T","R","?","E","M","E","R","BOSS","M","?","M","?","M","R","M","R","T","?","M","M","M","$","R","BOSS"],"build_version":"2018-02-01-PROD3","purchased_purges":2,"victory":true,"master_deck":["Defend_G+1","Defend_G+1","Defend_G+1","Defend_G+1","Defend_G+1","Strike_G+1","Strike_G+1","Strike_G+1","Strike_G+1","Survivor+1","Neutralize+1","Poisoned Stab","Quick Slash","Dagger Spray","Noxious Fumes+1","Corpse Explosion+1","Poisoned Stab","Calculated Gamble+1","Deadly Poison+1","Adrenaline+1","Acrobatics+1","Master of Strategy","Cloak And Dagger","Backflip+1","Well Laid Plans","Acrobatics+1","Prepared+1","Backflip+1","Blur+1","Noxious Fumes"],"max_hp_per_floor":[70,70,70,70,70,70,70,70,70,70,70,70,70,70,70,70,70,70,70,70,70,70,70,70,70,70,70,70,70,70,70,70,70,70,70,70,70,70,70,70,70,70,70,70,70,70,70,70,70,70],"relics":["Ring of the Snake","Pen Nib","Orichalcum","Happy Flower","Thread and Needle","Tough Bandages","White Beast Statue","Oddly Smooth Stone","Mercury Hourglass","Toxic Egg 2","Blood Vial","Cursed Key","War Paint","Bottled Tornado"],"card_choices":[{"not_picked":["Dodge and Roll","Escape Plan"],"picked":"Poisoned Stab"},{"not_picked":["PiercingWail","Dagger Throw"],"picked":"Quick Slash"},{"not_picked":["Backstab","Poisoned Stab"],"picked":"Dagger Spray"},{"not_picked":["Endless Agony","Quick Slash"],"picked":"Noxious Fumes"},{"not_picked":["PiercingWail","Dagger Throw"],"picked":"Corpse Explosion"},{"not_picked":["Bullet Time","Predator"],"picked":"Poisoned Stab"},{"not_picked":["Underhanded Strike","Flechettes"],"picked":"Calculated Gamble"},{"not_picked":["Quick Slash","Slice"],"picked":"Deadly Poison"},{"not_picked":["A Thousand Cuts","Unload"],"picked":"Adrenaline"},{"not_picked":["Flechettes","Masterful Stab"],"picked":"Acrobatics"},{"not_picked":["Well Laid Plans","All Out Attack"],"picked":"Cloak And Dagger"},{"not_picked":["Quick Slash","Accuracy"],"picked":"Backflip"},{"not_picked":["Underhanded Strike","Deflect"],"picked":"Well Laid Plans"},{"not_picked":["Backstab","Well Laid Plans"],"picked":"Acrobatics"},{"not_picked":["Underhanded Strike","Accuracy"],"picked":"Prepared"},{"not_picked":["Crippling Poison","Flying Knee"],"picked":"Backflip"},{"not_picked":["Bane","Deadly Poison"],"picked":"Blur"}],"player_experience":86582,"potions_floor_usage":[6,8,16,16,22,24,24,29,38,44,50,50],"damage_taken":[{"damage":7,"enemies":"Blue Slaver","floor":1,"turns":6},{"damage":0,"enemies":"Small Slimes","floor":2,"turns":4},{"damage":1,"enemies":"Jaw Worm","floor":3,"turns":4},{"damage":6,"enemies":"Lots of Slimes","floor":4,"turns":5},{"damage":17,"enemies":"Gremlin Gang","floor":5,"turns":5},{"damage":16,"enemies":"3 Sentries","floor":6,"turns":7},{"damage":24,"enemies":"Lagavulin","floor":8,"turns":6},{"damage":0,"enemies":"Looter","floor":12,"turns":3},{"damage":4,"enemies":"Exordium Thugs","floor":13,"turns":4},{"damage":0,"enemies":"Exordium Wildlife","floor":14,"turns":3},{"damage":0,"enemies":"Hexaghost","floor":16,"turns":6},{"damage":3,"enemies":"Spheric Guardian","floor":18,"turns":5},{"damage":0,"enemies":"Shell Parasite","floor":19,"turns":4},{"damage":0,"enemies":"Snake Plant","floor":22,"turns":5},{"damage":2,"enemies":"Chosen and Byrds","floor":23,"turns":7},{"damage":0,"enemies":"3 Cultists","floor":24,"turns":4},{"damage":13,"enemies":"Gremlin Leader","floor":29,"turns":7},{"damage":0,"enemies":"Centurion and Healer","floor":30,"turns":6},{"damage":0,"enemies":"Book of Stabbing","floor":31,"turns":5},{"damage":0,"enemies":"Automaton","floor":33,"turns":9},{"damage":0,"enemies":"3 Darklings","floor":35,"turns":3},{"damage":0,"enemies":"3 Shapes","floor":37,"turns":3},{"damage":0,"enemies":"Maw","floor":38,"turns":6},{"damage":0,"enemies":"4 Shapes","floor":39,"turns":4},{"damage":0,"enemies":"Sphere and 2 Shapes","floor":41,"turns":4},{"damage":1,"enemies":"3 Darklings","floor":44,"turns":2},{"damage":6,"enemies":"Maw","floor":45,"turns":6},{"damage":9,"enemies":"4 Shapes","floor":46,"turns":5},{"damage":1,"enemies":"Sphere and 2 Shapes","floor":47,"turns":5},{"damage":0,"enemies":"Donu and Deca","floor":50,"turns":8}],"event_choices":[{"event_name":"Scrap Ooze","player_choice":"success","floor":11,"damage_taken":3},{"event_name":"Upgrade Shrine","player_choice":"Upgraded","floor":20,"damage_taken":0},{"event_name":"Back to Basics","player_choice":"Simplicity","floor":28,"damage_taken":0},{"event_name":"Match and Keep!","player_choice":"0 cards matched","floor":36,"damage_taken":0}],"boss_relics":[{"not_picked":["Orrery","Snecko Eye"],"picked":"White Beast Statue"},{"not_picked":["Runic Dome","Runic Pyramid"],"picked":"Cursed Key"}],"potions_floor_spawned":[4,5,12,13,14,18,19,22,23,24,29,30,31,33,35,37,38,39,41,44,45,46,47],"seed_played":"828985312312158128","ascension_level":0,"is_trial":false}