{"gold_per_floor":[110,130,7,7,31,64,64,64,64,64,94,94,2,30,30,127,127,147,147,147,162,179,179,194,225,248,281,191,64,74,101,101,206,206,216,236,236,236,247,275,292,322,394,394,394,6,35,48,48,48,48,48,8,33,33],"floor_reached":55,"playtime":4097,"items_purged":["Strike_B","Strike_B","Shame"],"score":967,"play_id":"f1e0da66-f8d2-4a9c-8ac1-6b59e03d178c","local_time":"20190220121051","is_ascension_mode":true,"campfire_choices":[{"floor":7.0,"key":"REST"},{"data":"Conserve Battery","floor":10.0,"key":"SMITH"},{"data":"Double Energy","floor":12.0,"key":"SMITH"},{"floor":15.0,"key":"REST"},{"data":"Hologram","floor":23.0,"key":"SMITH"},{"data":"Echo Form","floor":32.0,"key":"SMITH"},{"data":"Reboot","floor":45.0,"key":"SMITH"},{"floor":49.0,"key":"RECALL"},{"data":"Madness","floor":52.0,"key":"SMITH"}],"neow_cost":"PERCENT_DAMAGE","seed_source_timestamp":0,"circlet_count":0,"master_deck":["Strike_B","Defend_B","Defend_B","Defend_B","Defend_B","Zap","Dualcast","Bandage Up","Swift Strike","Gash","Conserve Battery+1","Echo Form+1","Double Energy+1","Gash+1","Streamline+1","All For One+1","Hologram+1","Scrape+1","Streamline+1","Rebound+1","Melter+1","Conserve Battery+1","FTL+1","Beam Cell+1","Undo","Reboot+1","Beam Cell+1","Madness","Madness+1","Madness","BootSequence","Beam Cell+1","Reprogram","Defragment+1"],"special_seed":0,"relics":["Cracked Core","Oddly Smooth Stone","Molten Egg 2","Dead Branch","Kunai","Sundial","Ornamental Fan","Cursed Key","Enchiridion","Smiling Mask","Nunchaku","Frozen Egg 2","Philosopher\u0027s Stone","Happy Flower","Juzu Bracelet","Bottled Flame","ClockworkSouvenir","Singing Bowl","Vajra"],"potions_floor_usage":[55,55,55],"damage_taken":[{"damage":0.0,"enemies":"2 Louse","floor":1.0,"turns":1.0},{"damage":12.0,"enemies":"Jaw Worm","floor":2.0,"turns":2.0},{"damage":18.0,"enemies":"3 Sentries","floor":6.0,"turns":7.0},{"damage":21.0,"enemies":"Gremlin Nob","floor":11.0,"turns":6.0},{"damage":6.0,"enemies":"3 Sentries","floor":14.0,"turns":5.0},{"damage":12.0,"enemies":"Hexaghost","floor":16.0,"turns":12.0},{"damage":0.0,"enemies":"Chosen","floor":18.0,"turns":4.0},{"damage":0.0,"enemies":"Spheric Guardian","floor":21.0,"turns":3.0},{"damage":0.0,"enemies":"Chosen and Byrds","floor":22.0,"turns":4.0},{"damage":20.0,"enemies":"Snake Plant","floor":24.0,"turns":3.0},{"damage":17.0,"enemies":"Gremlin Leader","floor":25.0,"turns":5.0},{"damage":0.0,"enemies":"Slavers","floor":27.0,"turns":3.0},{"damage":0.0,"enemies":"Sentry and Sphere","floor":30.0,"turns":2.0},{"damage":0.0,"enemies":"Book of Stabbing","floor":31.0,"turns":3.0},{"damage":20.0,"enemies":"Collector","floor":33.0,"turns":8.0},{"damage":0.0,"enemies":"Orb Walker","floor":35.0,"turns":2.0},{"damage":6.0,"enemies":"3 Shapes","floor":36.0,"turns":4.0},{"damage":0.0,"enemies":"Spire Growth","floor":39.0,"turns":3.0},{"damage":0.0,"enemies":"Giant Head","floor":40.0,"turns":6.0},{"damage":0.0,"enemies":"Sphere and 2 Shapes","floor":41.0,"turns":9.0},{"damage":62.0,"enemies":"Reptomancer","floor":42.0,"turns":7.0},{"damage":7.0,"enemies":"Giant Head","floor":47.0,"turns":6.0},{"damage":10.0,"enemies":"3 Darklings","floor":48.0,"turns":4.0},{"damage":24.0,"enemies":"Awakened One","floor":50.0,"turns":8.0},{"damage":22.0,"enemies":"Shield and Spear","floor":54.0,"turns":5.0},{"damage":65,"enemies":"The Heart","floor":55,"turns":5}],"seed_played":"-757960792427559165","potions_obtained":[{"floor":2.0,"key":"Explosive Potion"},{"floor":6.0,"key":"AttackPotion"},{"floor":11.0,"key":"SneckoOil"},{"floor":21.0,"key":"EssenceOfSteel"},{"floor":24.0,"key":"LiquidBronze"},{"floor":30.0,"key":"Explosive Potion"},{"floor":31.0,"key":"Regen Potion"},{"floor":33.0,"key":"Regen Potion"},{"floor":48.0,"key":"Poison Potion"},{"floor":54.0,"key":"EssenceOfSteel"}],"is_trial":false,"path_per_floor":["M","M","$","?","T","E","R","?","T","R","E","R","$","E","R","B",null,"M","?","?","M","M","R","M","E","T","E","?","$","M","E","R","B",null,"M","M","?","?","M","E","M","E","T","?","R","$","E","M","R","B",null,"R","$","E","B"],"character_chosen":"DEFECT","items_purchased":["PowerPotion","Gash+1","Streamline+1","FTL+1","PowerPotion","ClockworkSouvenir","BootSequence","Defragment+1"],"campfire_rested":2,"item_purchase_floors":[3,13,13,29,46,46,46,53],"current_hp_per_floor":[54,42,42,42,42,28,50,43,43,43,26,26,26,24,46,38,75,75,59,59,59,63,63,43,30,30,30,30,30,34,38,38,22,75,75,69,69,69,69,73,75,47,47,38,38,38,35,29,29,9,75,75,75,63,0],"gold":33,"neow_bonus":"RANDOM_COLORLESS_2","is_prod":false,"is_daily":false,"chose_seed":false,"campfire_upgraded":6,"win_rate":0,"timestamp":1550653851,"path_taken":["M","M","$","?","?","E","R","?","T","R","E","R","?","E","R","BOSS","M","?","?","M","?","R","?","E","T","E","?","?","M","E","R","BOSS","M","M","?","?","M","E","M","E","T","?","R","$","E","M","R","BOSS","R","$","E","BOSS"],"build_version":"2019-01-23","purchased_purges":3,"victory":false,"max_hp_per_floor":[75,75,75,75,75,75,75,75,75,75,75,75,75,75,75,75,75,75,75,75,75,75,75,75,75,75,75,75,75,75,75,75,75,75,75,75,75,75,75,75,75,75,75,75,75,75,75,75,75,75,75,75,75,77,77],"card_choices":[{"not_picked":["Compile Driver","Beam Cell"],"picked":"Gash","floor":1.0},{"not_picked":["Hello World","Static Discharge"],"picked":"Conserve Battery","floor":2.0},{"not_picked":["Hologram","Steam"],"picked":"Echo Form","floor":6.0},{"not_picked":["Darkness","Coolheaded"],"picked":"Double Energy","floor":11.0},{"not_picked":["Coolheaded","Defragment"],"picked":"Hello World","floor":14.0},{"not_picked":["Rainbow","Biased Cognition"],"picked":"All For One+1","floor":16.0},{"not_picked":["Cold Snap+1","Aggregate+1"],"picked":"Hologram","floor":18.0},{"not_picked":["Steam","Doom and Gloom+1"],"picked":"Scrape+1","floor":21.0},{"not_picked":["Cold Snap+1","Coolheaded"],"picked":"Streamline+1","floor":22.0},{"not_picked":["Stack+1","Steam"],"picked":"Rebound+1","floor":24.0},{"not_picked":["Tempest+1","Echo Form"],"picked":"Melter+1","floor":25.0},{"not_picked":["Amplify","Reprogram"],"picked":"Conserve Battery","floor":27.0},{"not_picked":["Stack","Cold Snap+1"],"picked":"Beam Cell+1","floor":30.0},{"not_picked":["Barrage+1","Recycle"],"picked":"Undo","floor":31.0},{"not_picked":["Core Surge+1","Fission"],"picked":"Reboot","floor":33.0},{"not_picked":["Chaos","Glacier+1","Lockon+1"],"picked":"SKIP","floor":35.0},{"not_picked":["Self Repair+1","Compile Driver+1"],"picked":"Beam Cell+1","floor":36.0},{"not_picked":["Mind Blast+1","HandOfGreed+1"],"picked":"Madness","floor":38.0},{"not_picked":["Compile Driver+1","Sunder+1","Sweeping Beam+1"],"picked":"SKIP","floor":39.0},{"not_picked":["Darkness","Ball Lightning+1","Self Repair+1"],"picked":"SKIP","floor":40.0},{"not_picked":["Rip and Tear+1","Skim","Auto Shields+1"],"picked":"SKIP","floor":41.0},{"not_picked":["Turbo+1","Steam","Capacitor+1"],"picked":"SKIP","floor":42.0},{"not_picked":["Coolheaded","Recycle+1"],"picked":"Beam Cell+1","floor":47.0},{"not_picked":["Turbo+1","Sweeping Beam+1"],"picked":"Reprogram","floor":48.0},{"not_picked":["Turbo+1","Tempest+1","Redo"],"picked":"Singing Bowl","floor":54.0}],"player_experience":321075,"relics_obtained":[{"floor":5.0,"key":"Oddly Smooth Stone"},{"floor":6.0,"key":"Molten Egg 2"},{"floor":9.0,"key":"Kunai"},{"floor":11.0,"key":"Sundial"},{"floor":14.0,"key":"Ornamental Fan"},{"floor":19.0,"key":"Enchiridion"},{"floor":25.0,"key":"Smiling Mask"},{"floor":27.0,"key":"Nunchaku"},{"floor":31.0,"key":"Frozen Egg 2"},{"floor":40.0,"key":"Happy Flower"},{"floor":42.0,"key":"Juzu Bracelet"},{"floor":43.0,"key":"Bottled Flame"},{"floor":47.0,"key":"Singing Bowl"},{"floor":54.0,"key":"Vajra"}],"event_choices":[{"damage_healed":0.0,"max_hp_gain":0.0,"max_hp_loss":0.0,"gold_gain":0.0,"event_name":"The Cleric","player_choice":"Leave","floor":4.0,"gold_loss":0.0,"damage_taken":0.0},{"damage_healed":0.0,"max_hp_gain":0.0,"max_hp_loss":0.0,"gold_gain":0.0,"event_name":"Scrap Ooze","player_choice":"Success","floor":8.0,"gold_loss":0.0,"damage_taken":7.0,"relics_obtained":["Dead Branch"]},{"damage_healed":0.0,"max_hp_gain":0.0,"max_hp_loss":0.0,"gold_gain":0.0,"event_name":"Cursed Tome","player_choice":"Obtained Book","floor":19.0,"gold_loss":0.0,"damage_taken":16.0},{"cards_removed":["Strike_B"],"damage_healed":0.0,"max_hp_gain":0.0,"max_hp_loss":0.0,"gold_gain":0.0,"event_name":"Bonfire Elementals","player_choice":"Offered Basic","floor":20.0,"gold_loss":0.0,"damage_taken":0.0},{"cards_removed":["Doubt"],"damage_healed":0.0,"max_hp_gain":0.0,"max_hp_loss":0.0,"gold_gain":0.0,"event_name":"Designer","player_choice":"Upgrade and Remove","floor":28.0,"gold_loss":90.0,"damage_taken":0.0,"cards_upgraded":["Conserve Battery"]},{"cards_removed":["Hello World"],"damage_healed":0.0,"max_hp_gain":0.0,"max_hp_loss":0.0,"gold_gain":0.0,"event_name":"Falling","player_choice":"Removed Power","floor":37.0,"gold_loss":0.0,"damage_taken":0.0},{"damage_healed":0.0,"max_hp_gain":0.0,"max_hp_loss":0.0,"gold_gain":0.0,"event_name":"SensoryStone","player_choice":"Memory 1","floor":38.0,"gold_loss":0.0,"damage_taken":0.0},{"damage_healed":0.0,"max_hp_gain":0.0,"max_hp_loss":0.0,"gold_gain":0.0,"event_name":"Winding Halls","player_choice":"Embrace Madness","floor":44.0,"gold_loss":0.0,"damage_taken":9.0,"cards_obtained":["Madness","Madness"]}],"is_beta":false,"boss_relics":[{"not_picked":["Tiny House","Inserter"],"picked":"Cursed Key"},{"not_picked":["Runic Dome","Empty Cage"],"picked":"Philosopher\u0027s Stone"}],"items_purged_floors":[3,29,46],"is_endless":false,"potions_floor_spawned":[2,6,11,21,24,30,31,33,36,39,48,54],"killed_by":"The Heart","ascension_level":2}