{"gold_per_floor":[213,213,50,50,4,32,32,61,84,101,116,131,131,143,143,248,248,258,258,258,332,45,45,74,74,99,115,115,115,115,30,30,130,130,144,144,162,162,162,162,176,176,176,192,202,216,231,231],"floor_reached":48,"playtime":2231,"items_purged":["Regret"],"score":691,"play_id":"bb79930a-7380-42b5-8605-a5b3eb4ffdb2","local_time":"20190213225701","is_ascension_mode":true,"campfire_choices":[{"data":"Body Slam","floor":7,"key":"SMITH"},{"floor":15,"key":"REST"},{"data":"Rage","floor":23,"key":"SMITH"},{"data":"Flame Barrier","floor":28,"key":"SMITH"},{"floor":30,"key":"REST"},{"data":"Armaments","floor":32,"key":"SMITH"},{"data":"Uppercut","floor":40,"key":"SMITH"},{"data":"Shockwave","floor":42,"key":"SMITH"}],"neow_cost":"NONE","seed_source_timestamp":83235938503998,"circlet_count":0,"master_deck":["Strike_R","Strike_R","Strike_R","Strike_R","Defend_R","Defend_R","Defend_R","Defend_R","Bash","Thunderclap","Body Slam+1","Power Through","Perfected Strike","Clash","Armaments+1","Rage+1","Shrug It Off","Shockwave+1","Double Tap+1","Shrug It Off+1","Flame Barrier+1","Headbutt+1","Uppercut+1","Madness","Madness","True Grit","Shrug It Off+1","Shrug It Off"],"relics":["Burning Blood","Dodecahedron","Shuriken","Turnip","Oddly Smooth Stone","Sozu","Paper Frog","ClockworkSouvenir","Blue Candle","Juzu Bracelet","FossilizedHelix","Kunai","Eternal Feather","The Courier"],"potions_floor_usage":[14,14,20,48],"damage_taken":[{"damage":7,"enemies":"Small Slimes","floor":1,"turns":4},{"damage":20,"enemies":"Gremlin Nob","floor":6,"turns":4},{"damage":40,"enemies":"3 Sentries","floor":8,"turns":9},{"damage":12,"enemies":"Jaw Worm","floor":10,"turns":3},{"damage":0,"enemies":"Cultist","floor":11,"turns":3},{"damage":0,"enemies":"3 Louse","floor":12,"turns":4},{"damage":4,"enemies":"Lots of Slimes","floor":14,"turns":6},{"damage":65,"enemies":"Hexaghost","floor":16,"turns":11},{"damage":0,"enemies":"Spheric Guardian","floor":18,"turns":4},{"damage":7,"enemies":"Colosseum Slavers","floor":20,"turns":4},{"damage":17,"enemies":"Gremlin Leader","floor":24,"turns":5},{"damage":0,"enemies":"Chosen","floor":27,"turns":4},{"damage":52,"enemies":"Automaton","floor":33,"turns":9},{"damage":6,"enemies":"3 Darklings","floor":35,"turns":5},{"damage":2,"enemies":"Orb Walker","floor":37,"turns":4},{"damage":13,"enemies":"3 Darklings","floor":41,"turns":6},{"damage":29,"enemies":"Transient","floor":44,"turns":5},{"damage":27,"enemies":"Writhing Mass","floor":45,"turns":8},{"damage":17,"enemies":"4 Shapes","floor":46,"turns":13},{"damage":22,"enemies":"Jaw Worm Horde","floor":47,"turns":6},{"damage":32,"enemies":"Writhing Mass","floor":48,"turns":3}],"seed_played":"4146447594041667118","potions_obtained":[{"floor":8,"key":"Regen Potion"},{"floor":10,"key":"SteroidPotion"},{"floor":11,"key":"Fire Potion"},{"floor":12,"key":"Fruit Juice"},{"floor":16,"key":"BloodPotion"}],"is_trial":false,"path_per_floor":["M","?","$","?","$","E","R","E","T","M","M","M","?","M","R","B",null,"M","?","?","T","$","R","E","?","T","M","R","?","R","?","R","B",null,"M","?","M","?","?","R","M","R","T","M","M","M","M","M"],"character_chosen":"IRONCLAD","items_purchased":["Body Slam","Power Through","Perfected Strike","Flame Barrier","ClockworkSouvenir"],"campfire_rested":2,"item_purchase_floors":[3,3,5,22,22],"current_hp_per_floor":[71,71,71,71,71,57,57,23,23,17,23,29,29,51,76,17,68,74,58,57,57,57,57,46,46,46,52,52,52,79,79,79,33,76,76,76,80,69,69,84,77,90,90,67,46,35,19,0],"gold":231,"neow_bonus":"HUNDRED_GOLD","is_prod":false,"is_daily":false,"chose_seed":false,"campfire_upgraded":6,"win_rate":0,"timestamp":1550116621,"path_taken":["M","?","$","?","?","E","R","E","T","M","M","?","?","?","R","BOSS","M","?","?","?","$","R","E","?","T","M","R","?","R","?","R","BOSS","M","?","M","?","?","R","M","R","T","M","M","M","M","M"],"build_version":"2019-01-23","purchased_purges":1,"victory":false,"max_hp_per_floor":[80,80,80,80,80,80,80,80,80,80,80,80,80,85,85,85,85,85,90,90,90,90,90,90,90,90,90,90,90,90,90,90,90,90,90,90,90,90,90,90,90,90,90,90,90,90,90,90],"card_choices":[{"not_picked":["Wild Strike","Blood for Blood"],"picked":"Thunderclap","floor":1},{"not_picked":["Carnage","Iron Wave"],"picked":"Clash","floor":6},{"not_picked":["Infernal Blade","Flex"],"picked":"Offering","floor":8},{"not_picked":["Anger","Warcry"],"picked":"Armaments","floor":10},{"not_picked":["Twin Strike","Pommel Strike"],"picked":"Rage","floor":11},{"not_picked":["Flex","Twin Strike"],"picked":"Shrug It Off","floor":12},{"not_picked":["Twin Strike","Sword Boomerang"],"picked":"Shockwave","floor":14},{"not_picked":["Offering","Limit Break"],"picked":"Double Tap","floor":16},{"not_picked":["Headbutt+1","Sword Boomerang"],"picked":"Shrug It Off+1","floor":18},{"not_picked":["Warcry","Wild Strike","Corruption"],"picked":"SKIP","floor":24},{"not_picked":["Clothesline","Feed"],"picked":"Headbutt+1","floor":27},{"not_picked":["Sword Boomerang","Havoc","Wild Strike"],"picked":"SKIP","floor":35},{"not_picked":["Limit Break","Infernal Blade+1"],"picked":"Uppercut","floor":37},{"not_picked":["Second Wind+1","Cleave","Heavy Blade"],"picked":"SKIP","floor":41},{"not_picked":["Thunderclap","Infernal Blade+1"],"picked":"True Grit","floor":44},{"not_picked":["Heavy Blade+1","Iron Wave","Havoc"],"picked":"SKIP","floor":45},{"not_picked":["Iron Wave+1","True Grit+1"],"picked":"Shrug It Off+1","floor":46},{"not_picked":["Armaments+1","Perfected Strike+1"],"picked":"Shrug It Off","floor":47}],"player_experience":183255,"relics_obtained":[{"floor":6,"key":"Shuriken"},{"floor":8,"key":"Turnip"},{"floor":9,"key":"Oddly Smooth Stone"},{"floor":21,"key":"Paper Frog"},{"floor":24,"key":"Blue Candle"},{"floor":26,"key":"Juzu Bracelet"},{"floor":43,"key":"The Courier"}],"event_choices":[{"damage_healed":0,"gold_gain":0,"player_choice":"Box","damage_taken":0,"relics_obtained":["Dodecahedron"],"max_hp_gain":0,"max_hp_loss":0,"event_name":"Big Fish","floor":2,"gold_loss":0,"cards_obtained":["Regret"]},{"damage_healed":0,"gold_gain":0,"player_choice":"Leave","damage_taken":0,"max_hp_gain":0,"max_hp_loss":0,"event_name":"The Cleric","floor":4,"gold_loss":0},{"cards_removed":["Strike_R"],"damage_healed":0,"gold_gain":0,"player_choice":"Purged","damage_taken":0,"max_hp_gain":0,"max_hp_loss":0,"event_name":"Purifier","floor":13,"gold_loss":0},{"damage_healed":0,"gold_gain":0,"player_choice":"Shed Blood","damage_taken":21,"max_hp_gain":5,"max_hp_loss":0,"event_name":"Forgotten Altar","floor":19,"gold_loss":0},{"damage_healed":0,"gold_gain":0,"player_choice":"Fight","damage_taken":0,"max_hp_gain":0,"max_hp_loss":0,"event_name":"Colosseum","floor":20,"gold_loss":0},{"damage_healed":0,"gold_gain":0,"player_choice":"Fled From Nobs","damage_taken":0,"max_hp_gain":0,"max_hp_loss":0,"event_name":"Colosseum","floor":20,"gold_loss":0},{"damage_healed":0,"gold_gain":0,"player_choice":"Forge","damage_taken":0,"max_hp_gain":0,"max_hp_loss":0,"event_name":"Accursed Blacksmith","floor":25,"gold_loss":0,"cards_upgraded":["Double Tap"]},{"damage_healed":0,"gold_gain":0,"player_choice":"Opened","damage_taken":0,"relics_obtained":["FossilizedHelix"],"max_hp_gain":0,"max_hp_loss":0,"event_name":"The Mausoleum","floor":29,"gold_loss":0},{"damage_healed":0,"gold_gain":0,"player_choice":"Obtained Relic","damage_taken":0,"relics_obtained":["Kunai"],"max_hp_gain":0,"max_hp_loss":0,"event_name":"Addict","floor":31,"gold_loss":85},{"cards_removed":["Offering"],"damage_healed":0,"gold_gain":0,"player_choice":"Removed Skill","damage_taken":0,"max_hp_gain":0,"max_hp_loss":0,"event_name":"Falling","floor":36,"gold_loss":0},{"damage_healed":0,"gold_gain":0,"player_choice":"Embrace Madness","damage_taken":11,"max_hp_gain":0,"max_hp_loss":0,"event_name":"Winding Halls","floor":38,"gold_loss":0,"cards_obtained":["Madness","Madness"]},{"damage_healed":0,"gold_gain":0,"player_choice":"Memory 1","damage_taken":0,"max_hp_gain":0,"max_hp_loss":0,"event_name":"SensoryStone","floor":39,"gold_loss":0}],"is_beta":false,"boss_relics":[{"not_picked":["Calling Bell","Fusion Hammer"],"picked":"Sozu"},{"not_picked":["White Beast Statue","Velvet Choker"],"picked":"Eternal Feather"}],"items_purged_floors":[3],"is_endless":false,"potions_floor_spawned":[8,10,11,12,16,18,20,41,44],"killed_by":"Writhing Mass","ascension_level":8}