{"gold_per_floor":[116,116,128,40,115,115,131,149,149,149,169,344,344,218,218,317,317,327,327,129,146,164,164,178,197,221,233,155,169,185,205,205,205],"floor_reached":33,"playtime":1207,"items_purged":["Doubt","Strike_R"],"score":243,"play_id":"922bc75b-4d49-4f85-988e-79132d7df249","local_time":"20190216190334","is_ascension_mode":false,"campfire_choices":[{"data":"Discovery","floor":6,"key":"SMITH"},{"data":"Flex","floor":10,"key":"SMITH"},{"data":"Seeing Red","floor":13,"key":"SMITH"},{"data":"Bash","floor":15,"key":"SMITH"},{"floor":23,"key":"REST"},{"floor":32,"key":"REST"}],"neow_cost":"NONE","seed_source_timestamp":172416237638019,"circlet_count":0,"master_deck":["Strike_R","Strike_R","Strike_R","Strike_R","Defend_R","Defend_R","Defend_R","Defend_R","Bash+1","Seeing Red+1","Whirlwind","Discovery+1","Flex+1","Combust","Immolate","Shrug It Off","Immolate","Uppercut","Flash of Steel","Rampage+1","Iron Wave+1","Warcry","Ghostly Armor","Flex+1","Armaments+1"],"relics":["Burning Blood"],"potions_floor_usage":[16,27,30,30,33],"damage_taken":[{"damage":2,"enemies":"2 Louse","floor":1,"turns":3},{"damage":0,"enemies":"Small Slimes","floor":3,"turns":3},{"damage":8,"enemies":"Jaw Worm","floor":7,"turns":3},{"damage":0,"enemies":"3 Louse","floor":8,"turns":1},{"damage":7,"enemies":"Blue Slaver","floor":11,"turns":2},{"damage":75,"enemies":"The Guardian","floor":16,"turns":8},{"damage":12,"enemies":"Chosen","floor":18,"turns":3},{"damage":31,"enemies":"Shell Parasite","floor":21,"turns":7},{"damage":22,"enemies":"Sentry and Sphere","floor":22,"turns":4},{"damage":33,"enemies":"Snake Plant","floor":24,"turns":4},{"damage":20,"enemies":"Centurion and Healer","floor":25,"turns":4},{"damage":17,"enemies":"Cultist and Chosen","floor":27,"turns":6},{"damage":18,"enemies":"Snecko","floor":29,"turns":5},{"damage":21,"enemies":"3 Cultists","floor":30,"turns":5},{"damage":28,"enemies":"Centurion and Healer","floor":31,"turns":5},{"damage":38,"enemies":"Champ","floor":33,"turns":9}],"seed_played":"1379718678462881533","potions_obtained":[{"floor":1,"key":"Ancient Potion"},{"floor":11,"key":"EssenceOfSteel"},{"floor":18,"key":"BloodPotion"},{"floor":27,"key":"Regen Potion"},{"floor":29,"key":"AttackPotion"}],"is_trial":false,"path_per_floor":["M","?","M","$","?","R","M","M","T","R","M","?","R","$","R","B",null,"M","?","$","M","M","R","M","M","T","M","$","M","M","M","R","B"],"character_chosen":"IRONCLAD","items_purchased":["Discovery","Shrug It Off","Flash of Steel","Regen Potion"],"campfire_rested":2,"item_purchase_floors":[4,14,20,28],"current_hp_per_floor":[88,88,88,88,77,77,75,81,81,81,80,80,80,80,80,11,88,82,82,82,57,41,67,40,26,26,23,23,11,30,8,34,0],"gold":205,"neow_bonus":"TEN_PERCENT_HP_BONUS","is_prod":false,"is_daily":false,"chose_seed":false,"campfire_upgraded":4,"win_rate":0,"timestamp":1550361814,"path_taken":["M","?","M","$","?","R","M","M","T","R","M","?","R","?","R","BOSS","M","?","$","M","M","R","M","M","T","M","$","M","M","M","R","BOSS"],"build_version":"2019-01-23","purchased_purges":2,"victory":false,"max_hp_per_floor":[88,88,88,88,88,88,88,88,88,88,88,88,88,88,88,88,88,88,88,88,88,88,88,88,88,88,88,88,88,88,88,88,88],"card_choices":[{"not_picked":["Intimidate","Perfected Strike"],"picked":"Seeing Red","floor":1},{"not_picked":["Sword Boomerang","Pummel"],"picked":"Whirlwind","floor":3},{"not_picked":["Reckless Charge","True Grit"],"picked":"Flex","floor":7},{"not_picked":["Havoc","Pommel Strike"],"picked":"Combust","floor":8},{"not_picked":["Reckless Charge","Twin Strike"],"picked":"Immolate","floor":11},{"not_picked":["Demon Form","Berserk"],"picked":"Immolate","floor":16},{"not_picked":["Thunderclap","Headbutt"],"picked":"Uppercut","floor":18},{"not_picked":["Fire Breathing","Havoc","Sentinel+1"],"picked":"SKIP","floor":21},{"not_picked":["True Grit","Twin Strike+1"],"picked":"Rampage+1","floor":22},{"not_picked":["Havoc+1","Thunderclap"],"picked":"Iron Wave+1","floor":24},{"not_picked":["Clothesline","Evolve"],"picked":"Warcry","floor":25},{"not_picked":["Rampage","Heavy Blade"],"picked":"Ghostly Armor","floor":27},{"not_picked":["Twin Strike","Sentinel"],"picked":"Flex+1","floor":29},{"not_picked":["Sword Boomerang","Fire Breathing","Sentinel"],"picked":"SKIP","floor":30},{"not_picked":["Shockwave","Anger"],"picked":"Armaments+1","floor":31}],"player_experience":195488,"relics_obtained":[],"event_choices":[{"damage_healed":0,"gold_gain":0,"player_choice":"Ignored","damage_taken":0,"max_hp_gain":0,"max_hp_loss":0,"event_name":"Golden Idol","floor":2,"gold_loss":0},{"damage_healed":0,"gold_gain":75,"player_choice":"Gather Gold","damage_taken":11,"max_hp_gain":0,"max_hp_loss":0,"event_name":"World of Goop","floor":5,"gold_loss":0},{"damage_healed":0,"gold_gain":175,"player_choice":"AGREE","damage_taken":0,"max_hp_gain":0,"max_hp_loss":0,"event_name":"Liars Game","floor":12,"gold_loss":0,"cards_obtained":["Doubt"]},{"damage_healed":0,"gold_gain":0,"player_choice":"Ignored","damage_taken":0,"max_hp_gain":0,"max_hp_loss":0,"event_name":"The Mausoleum","floor":19,"gold_loss":0}],"is_beta":false,"boss_relics":[{"not_picked":[]}],"items_purged_floors":[14,20],"is_endless":false,"potions_floor_spawned":[1,11,18,27,29],"killed_by":"Champ","ascension_level":0}