{"gold_per_floor":[19,33,44,119,129,157,157,184,184,204,26,26,26,39,39,141,141,156,173,173,36,36,36,54,54],"floor_reached":25,"playtime":1421,"items_purged":[],"score":224,"play_id":"251c81a4-2f85-4aea-9218-0bf8a7a06022","local_time":"20181023213157","is_ascension_mode":true,"campfire_choices":[{"floor":7,"key":"DIG"},{"floor":13,"key":"DIG"},{"floor":15,"key":"REST"},{"floor":23,"key":"DIG"}],"neow_cost":"NO_GOLD","seed_source_timestamp":286790514735264,"circlet_count":0,"master_deck":["Defend_G","Defend_G","Defend_G","Defend_G","Defend_G","Strike_G","Strike_G","Strike_G","Strike_G","Survivor","Neutralize","Dagger Spray","Dagger Throw","Escape Plan","Noxious Fumes","Dagger Throw","Apotheosis","Underhanded Strike","After Image","Distraction+1","Dash","Backflip","Underhanded Strike","Caltrops","Poisoned Stab+1"],"relics":["Ring of the Snake","Shovel","Smiling Mask","Juzu Bracelet","Blue Candle","Ancient Tea Set","Kunai","HoveringKite","Molten Egg 2"],"potions_floor_usage":[6,8,16,16,25],"damage_taken":[{"damage":0,"enemies":"Small Slimes","floor":1,"turns":4},{"damage":0,"enemies":"2 Louse","floor":2,"turns":3},{"damage":1,"enemies":"Jaw Worm","floor":3,"turns":4},{"damage":5,"enemies":"Exordium Thugs","floor":5,"turns":5},{"damage":8,"enemies":"3 Sentries","floor":6,"turns":7},{"damage":40,"enemies":"Gremlin Nob","floor":8,"turns":5},{"damage":1,"enemies":"Blue Slaver","floor":10,"turns":5},{"damage":0,"enemies":"Looter","floor":14,"turns":3},{"damage":9,"enemies":"Hexaghost","floor":16,"turns":9},{"damage":8,"enemies":"Chosen","floor":18,"turns":5},{"damage":14,"enemies":"Spheric Guardian","floor":19,"turns":4},{"damage":13,"enemies":"Centurion and Healer","floor":24,"turns":7},{"damage":44,"enemies":"Gremlin Leader","floor":25,"turns":6}],"seed_played":"1042518122432047211","potions_obtained":[{"floor":2,"key":"GamblersBrew"},{"floor":5,"key":"Block Potion"},{"floor":6,"key":"LiquidBronze"},{"floor":8,"key":"SkillPotion"},{"floor":10,"key":"Energy Potion"},{"floor":24,"key":"Explosive Potion"}],"is_trial":false,"path_per_floor":["M","M","M","?","M","E","R","E","T","M","$","?","R","M","R","B",null,"M","M","?","$","?","R","M"],"character_chosen":"THE_SILENT","items_purchased":["Apotheosis","Backflip","Underhanded Strike","Caltrops"],"campfire_rested":1,"item_purchase_floors":[11,21,21,21],"current_hp_per_floor":[70,70,69,58,53,45,45,5,5,4,4,4,4,4,25,16,70,62,48,48,48,48,48,35,0],"gold":54,"neow_bonus":"ONE_RARE_RELIC","is_prod":false,"is_daily":false,"chose_seed":false,"campfire_upgraded":0,"win_rate":0,"timestamp":1540355517,"path_taken":["M","M","M","?","M","E","R","E","T","M","?","?","R","M","R","BOSS","M","M","?","$","?","R","M","E"],"build_version":"2018-10-18","purchased_purges":0,"victory":false,"max_hp_per_floor":[70,70,70,70,70,70,70,70,70,70,70,70,70,70,70,70,70,70,70,70,70,70,70,70,70],"card_choices":[{"not_picked":["PiercingWail","Sucker Punch"],"picked":"Dagger Spray","floor":1},{"not_picked":["PiercingWail","Blade Dance"],"picked":"Dagger Throw","floor":2},{"not_picked":["All Out Attack","Concentrate"],"picked":"Escape Plan","floor":3},{"not_picked":["Dagger Spray","Riddle With Holes"],"picked":"Noxious Fumes","floor":5},{"not_picked":["Outmaneuver","Well Laid Plans"],"picked":"Dagger Throw","floor":6},{"not_picked":["Flechettes","Setup","Skewer"],"picked":"SKIP","floor":8},{"not_picked":["Acrobatics","Grand Finale","Sucker Punch"],"picked":"SKIP","floor":10},{"not_picked":["Skewer","Heel Hook"],"picked":"Underhanded Strike","floor":14},{"not_picked":["Phantasmal Killer","Adrenaline"],"picked":"After Image","floor":16},{"not_picked":["Flechettes","Dodge and Roll"],"picked":"Distraction+1","floor":18},{"not_picked":["Deadly Poison","Heel Hook"],"picked":"Dash","floor":19},{"not_picked":["Dagger Spray+1","Flying Knee+1"],"picked":"Poisoned Stab+1","floor":24}],"player_experience":321636,"relics_obtained":[{"floor":6,"key":"Smiling Mask"},{"floor":7,"key":"Juzu Bracelet"},{"floor":8,"key":"Blue Candle"},{"floor":9,"key":"Ancient Tea Set"},{"floor":13,"key":"Kunai"},{"floor":23,"key":"Molten Egg 2"}],"event_choices":[{"damage_healed":0,"gold_gain":75,"player_choice":"Gather Gold","damage_taken":11,"max_hp_gain":0,"max_hp_loss":0,"event_name":"World of Goop","floor":4,"gold_loss":0},{"damage_healed":0,"gold_gain":0,"player_choice":"Leave","damage_taken":0,"max_hp_gain":0,"max_hp_loss":0,"event_name":"The Cleric","floor":12,"gold_loss":0},{"cards_removed":["Strike_G"],"damage_healed":0,"gold_gain":0,"player_choice":"Elegance","damage_taken":0,"max_hp_gain":0,"max_hp_loss":0,"event_name":"Back to Basics","floor":20,"gold_loss":0},{"damage_healed":0,"gold_gain":0,"player_choice":"Ignored","damage_taken":0,"max_hp_gain":0,"max_hp_loss":0,"event_name":"Ghosts","floor":22,"gold_loss":0}],"is_beta":false,"boss_relics":[{"not_picked":["WristBlade","Snecko Eye"],"picked":"HoveringKite"}],"items_purged_floors":[],"is_endless":false,"potions_floor_spawned":[2,5,6,8,10,24],"killed_by":"Gremlin Leader","ascension_level":1}