{"gold_per_floor":[114,114,124,142,142,170,170,187,187,202,227,237,266,285,285,382,382,392,404,404,424,435,467,486,486,509,526,133,150,181,208,208,306,306,316,364,74,88,103,103,136,168,168,168,168,197,197,118,118,118,118,118,43,77,77],"floor_reached":56,"playtime":3350,"items_purged":["Strike_G","Strike_G"],"score":1371,"play_id":"29415ba0-dead-49c0-80ab-cd7388442a9b","local_time":"20190126230011","is_ascension_mode":true,"campfire_choices":[{"data":"Neutralize","floor":7,"key":"SMITH"},{"data":"Poisoned Stab","floor":15,"key":"SMITH"},{"floor":25,"key":"REST"},{"data":"Crippling Poison","floor":32,"key":"SMITH"},{"floor":40,"key":"RECALL"},{"floor":45,"key":"REST"},{"floor":49,"key":"REST"},{"floor":52,"key":"REST"}],"neow_cost":"NONE","seed_source_timestamp":1536844995302558,"circlet_count":0,"master_deck":["Defend_G","Defend_G","Defend_G","Defend_G","Strike_G","Strike_G","Survivor","Neutralize+1","Deadly Poison","Poisoned Stab+1","Noxious Fumes+1","Backflip","Acrobatics","Dagger Throw","Deadly Poison","Well Laid Plans+1","Wraith Form v2+1","Crippling Poison+1","Panacea","Heel Hook","Noxious Fumes+1","PiercingWail","Corpse Explosion","After Image+1","Well Laid Plans+1","Caltrops+1","Caltrops+1","Dodge and Roll+1","Bouncing Flask+1","Noxious Fumes+1","Leg Sweep"],"relics":["Ring of the Snake","Frozen Egg 2","Sundial","Bag of Marbles","Bird Faced Urn","Velvet Choker","PreservedInsect","Paper Crane","WingedGreaves","Mercury Hourglass","Fusion Hammer","Prayer Wheel","Anchor","Ginger","Meat on the Bone","Pen Nib","Pear","Blood Vial","StoneCalendar"],"potions_floor_usage":[16,23,30,31,55,55,55],"damage_taken":[{"damage":0,"enemies":"2 Louse","floor":1,"turns":4},{"damage":0,"enemies":"Cultist","floor":3,"turns":4},{"damage":0,"enemies":"Small Slimes","floor":4,"turns":2},{"damage":14,"enemies":"Gremlin Nob","floor":6,"turns":4},{"damage":1,"enemies":"Exordium Wildlife","floor":8,"turns":3},{"damage":6,"enemies":"Lots of Slimes","floor":10,"turns":3},{"damage":8,"enemies":"Lagavulin","floor":11,"turns":6},{"damage":3,"enemies":"Gremlin Gang","floor":12,"turns":6},{"damage":10,"enemies":"Gremlin Nob","floor":13,"turns":3},{"damage":2,"enemies":"Looter","floor":14,"turns":2},{"damage":2,"enemies":"Hexaghost","floor":16,"turns":7},{"damage":0,"enemies":"Chosen","floor":18,"turns":4},{"damage":16,"enemies":"2 Thieves","floor":19,"turns":5},{"damage":0,"enemies":"Snake Plant","floor":21,"turns":5},{"damage":5,"enemies":"Shelled Parasite and Fungi","floor":22,"turns":5},{"damage":22,"enemies":"Gremlin Leader","floor":23,"turns":6},{"damage":0,"enemies":"Sentry and Sphere","floor":24,"turns":4},{"damage":3,"enemies":"Snecko","floor":27,"turns":5},{"damage":0,"enemies":"Centurion and Healer","floor":29,"turns":6},{"damage":23,"enemies":"Slavers","floor":30,"turns":6},{"damage":10,"enemies":"Book of Stabbing","floor":31,"turns":5},{"damage":22,"enemies":"Champ","floor":33,"turns":10},{"damage":2,"enemies":"3 Darklings","floor":35,"turns":4},{"damage":43,"enemies":"2 Orb Walkers","floor":36,"turns":4},{"damage":0,"enemies":"Orb Walker","floor":38,"turns":4},{"damage":0,"enemies":"Transient","floor":39,"turns":5},{"damage":7,"enemies":"Reptomancer","floor":41,"turns":5},{"damage":4,"enemies":"Giant Head","floor":42,"turns":7},{"damage":0,"enemies":"Nemesis","floor":46,"turns":7},{"damage":23,"enemies":"Donu and Deca","floor":50,"turns":6},{"damage":9,"enemies":"Shield and Spear","floor":54,"turns":4},{"damage":37,"enemies":"The Heart","floor":55,"turns":9}],"seed_played":"3232708828128950491","potions_obtained":[{"floor":3,"key":"PowerPotion"},{"floor":8,"key":"LiquidBronze"},{"floor":12,"key":"Strength Potion"},{"floor":16,"key":"Dexterity Potion"},{"floor":24,"key":"LiquidBronze"},{"floor":38,"key":"GhostInAJar"},{"floor":39,"key":"Strength Potion"},{"floor":41,"key":"Dexterity Potion"}],"is_trial":false,"path_per_floor":["M","?","M","M","?","E","R","M","T","M","E","M","E","M","R","B",null,"M","M","?","M","M","E","M","R","T","M","$","M","E","E","R","B",null,"M","?","$","M","M","R","E","E","T","?","R","E","?","$","R","B",null,"R","$","E","B",null],"character_chosen":"THE_SILENT","items_purchased":["Paper Crane","Noxious Fumes+1","Anchor","Well Laid Plans+1","Noxious Fumes+1","Leg Sweep"],"campfire_rested":4,"item_purchase_floors":[28,28,37,37,48,53],"current_hp_per_floor":[70,70,70,70,70,56,56,55,55,49,41,38,28,26,26,28,70,70,58,44,50,51,37,43,64,64,67,67,70,53,49,49,35,70,70,31,31,39,51,51,60,68,68,68,70,80,80,80,80,61,80,80,80,79,53],"gold":77,"neow_bonus":"REMOVE_CARD","is_prod":false,"is_daily":false,"chose_seed":false,"campfire_upgraded":3,"win_rate":0,"timestamp":1548561611,"path_taken":["M","?","?","M","?","E","R","M","T","M","E","?","E","M","R","BOSS","M","M","?","?","?","E","M","R","T","M","$","M","E","E","R","BOSS","M","?","$","M","M","R","E","E","T","?","R","E","?","$","R","BOSS","R","$","E","BOSS"],"build_version":"2019-01-23","purchased_purges":2,"victory":true,"max_hp_per_floor":[70,70,70,70,70,70,70,70,70,70,70,70,70,70,70,70,70,70,70,70,70,70,70,70,70,70,70,70,70,70,70,70,70,70,70,70,70,70,70,70,70,70,70,70,70,80,80,80,80,80,80,80,80,80,80],"card_choices":[{"not_picked":["Quick Slash","Flying Knee"],"picked":"Deadly Poison","floor":1},{"not_picked":["Deflect","Dodge and Roll"],"picked":"Poisoned Stab","floor":3},{"not_picked":["Storm of Steel","Acrobatics","Poisoned Stab"],"picked":"SKIP","floor":4},{"not_picked":["Outmaneuver","Expertise"],"picked":"Noxious Fumes","floor":6},{"not_picked":["Underhanded Strike","Prepared"],"picked":"Backflip","floor":8},{"not_picked":["Calculated Gamble","Outmaneuver"],"picked":"Acrobatics","floor":10},{"not_picked":["Bullet Time","Slice"],"picked":"Dagger Throw","floor":11},{"not_picked":["Quick Slash","Backflip","Prepared"],"picked":"SKIP","floor":12},{"not_picked":["Cloak And Dagger","Dagger Spray"],"picked":"Deadly Poison","floor":13},{"not_picked":["Outmaneuver","Backflip"],"picked":"Well Laid Plans+1","floor":14},{"not_picked":["Unload","Tools of the Trade+1"],"picked":"Wraith Form v2+1","floor":16},{"not_picked":["Endless Agony","Outmaneuver+1"],"picked":"Crippling Poison","floor":18},{"not_picked":["Slice","Blade Dance","Flying Knee+1"],"picked":"SKIP","floor":19},{"not_picked":["Terror+1","Outmaneuver","Calculated Gamble+1"],"picked":"SKIP","floor":21},{"not_picked":["Prepared","Quick Slash"],"picked":"Heel Hook","floor":22},{"not_picked":["Grand Finale","Accuracy+1","Deadly Poison"],"picked":"SKIP","floor":23},{"not_picked":["Dodge and Roll","Sucker Punch","Backflip"],"picked":"SKIP","floor":24},{"not_picked":["Dodge and Roll","Deflect+1","Dagger Spray"],"picked":"SKIP","floor":27},{"not_picked":["Dodge and Roll","Tactician+1","Terror"],"picked":"SKIP","floor":29},{"not_picked":["Dash+1","Outmaneuver","Poisoned Stab"],"picked":"SKIP","floor":30},{"not_picked":["Backstab","Die Die Die"],"picked":"PiercingWail","floor":31},{"not_picked":["Wraith Form v2+1","Adrenaline"],"picked":"Corpse Explosion","floor":33},{"not_picked":["Infinite Blades+1","Slice","Choke"],"picked":"SKIP","floor":35},{"not_picked":["Dodge and Roll+1","Dagger Throw"],"picked":"After Image+1","floor":36},{"not_picked":["Acrobatics+1","Outmaneuver+1","Setup"],"picked":"SKIP","floor":38},{"not_picked":["Blade Dance+1","Flying Knee","Choke"],"picked":"SKIP","floor":38},{"not_picked":["Deadly Poison","Finisher"],"picked":"Caltrops+1","floor":39},{"not_picked":["Escape Plan","Distraction"],"picked":"Caltrops+1","floor":39},{"not_picked":["Flechettes","Outmaneuver","Doppelganger"],"picked":"SKIP","floor":41},{"not_picked":["Dash","Quick Slash"],"picked":"Dodge and Roll+1","floor":42},{"not_picked":["Bane","Expertise"],"picked":"Bouncing Flask+1","floor":46},{"not_picked":["Crippling Poison","Dagger Spray","Sucker Punch+1"],"picked":"SKIP","floor":54}],"player_experience":517758,"relics_obtained":[{"floor":6,"key":"Frozen Egg 2"},{"floor":9,"key":"Sundial"},{"floor":11,"key":"Bag of Marbles"},{"floor":13,"key":"Bird Faced Urn"},{"floor":23,"key":"PreservedInsect"},{"floor":30,"key":"WingedGreaves"},{"floor":31,"key":"Mercury Hourglass"},{"floor":36,"key":"Prayer Wheel"},{"floor":41,"key":"Ginger"},{"floor":42,"key":"Meat on the Bone"},{"floor":43,"key":"Pen Nib"},{"floor":46,"key":"Pear"},{"floor":47,"key":"Blood Vial"},{"floor":54,"key":"StoneCalendar"}],"event_choices":[{"damage_healed":0,"gold_gain":0,"player_choice":"Full Heal","damage_taken":0,"max_hp_gain":0,"max_hp_loss":0,"event_name":"Wheel of Change","floor":2,"gold_loss":0},{"cards_removed":["Strike_R"],"damage_healed":0,"gold_gain":0,"player_choice":"Took Card","damage_taken":0,"max_hp_gain":0,"max_hp_loss":0,"event_name":"NoteForYourself","floor":5,"gold_loss":0,"cards_obtained":["Strike_R"]},{"damage_healed":0,"gold_gain":0,"player_choice":"CARD ","damage_taken":14,"max_hp_gain":0,"max_hp_loss":0,"event_name":"Knowing Skull","floor":20,"potions_obtained":[],"gold_loss":0,"cards_obtained":["Panacea"]},{"damage_healed":0,"gold_gain":0,"player_choice":"Fight","damage_taken":0,"max_hp_gain":0,"max_hp_loss":0,"event_name":"Mysterious Sphere","floor":36,"gold_loss":0},{"cards_removed":["Defend_G"],"damage_healed":0,"gold_gain":0,"player_choice":"Removed Skill","damage_taken":0,"max_hp_gain":0,"max_hp_loss":0,"event_name":"Falling","floor":44,"gold_loss":0},{"damage_healed":0,"gold_gain":0,"player_choice":"Relic","damage_taken":0,"max_hp_gain":0,"max_hp_loss":0,"event_name":"Wheel of Change","floor":47,"gold_loss":0}],"is_beta":true,"boss_relics":[{"not_picked":["Tiny House","Snecko Eye"],"picked":"Velvet Choker"},{"not_picked":["White Beast Statue","Pandora\u0027s Box"],"picked":"Fusion Hammer"}],"items_purged_floors":[28,37],"is_endless":false,"potions_floor_spawned":[3,8,12,14,16,19,21,24,27,29,38,39,41,46],"ascension_level":1}