{"path_per_floor":["M","M","T","M","$","R","?","E","T","R","E","M","E","M","R","B",null,"M","M","$","M","M","E","R","?","T"],"character_chosen":"IRONCLAD","items_purchased":["Bag of Marbles","Mango"],"gold_per_floor":[141,160,160,174,30,30,30,58,58,58,92,111,142,158,158,263,263,274,294,4,14,30,56,56,56,356,356],"floor_reached":27,"campfire_rested":2,"playtime":1111,"current_hp_per_floor":[80,80,80,75,75,75,75,55,55,79,76,80,71,61,61,24,80,58,47,61,66,60,10,38,38,38,0],"items_purged":[],"gold":356,"score":266,"play_id":"9400e961-9a7a-4ab5-812a-f1567503d4ff","local_time":"20180324200424","is_prod":false,"is_daily":false,"is_ascension_mode":true,"campfire_upgraded":0,"timestamp":1521943464,"path_taken":["M","M","?","M","?","R","?","E","T","R","E","?","E","M","R","BOSS","M","M","$","M","M","E","R","?","T","E"],"build_version":"2018-03-22v2","purchased_purges":0,"victory":false,"master_deck":["Strike_R","Strike_R","Strike_R","Strike_R","Strike_R","Defend_R","Defend_R","Defend_R","Defend_R","Bash","Twin Strike","Perfected Strike","Iron Wave","Flame Barrier","Rampage","Twin Strike","Brutality","Cleave","Demon Form","Headbutt","Whirlwind+1","Armaments","Shrug It Off","Second Wind","Rampage+1"],"max_hp_per_floor":[80,80,80,80,80,80,80,80,80,80,80,80,80,80,80,80,80,80,80,94,94,94,94,94,94,94,94],"relics":["Burning Blood","Tiny Chest","Girya","Bag of Marbles","Sundial","Peace Pipe","Omamori","Dream Catcher","Runic Pyramid","Mango","Bag of Preparation","Unceasing Top","Old Coin"],"card_choices":[{"not_picked":["Intimidate","Sword Boomerang"],"picked":"Twin Strike","floor":1},{"not_picked":["Twin Strike","Pommel Strike"],"picked":"Perfected Strike","floor":2},{"not_picked":["Clothesline","Fire Breathing"],"picked":"Iron Wave","floor":4},{"not_picked":["Reckless Charge","Limit Break"],"picked":"Flame Barrier","floor":8},{"not_picked":["Sword Boomerang","Spot Weakness"],"picked":"Rampage","floor":11},{"not_picked":["Warcry","Havoc"],"picked":"Twin Strike","floor":12},{"not_picked":["True Grit","Uppercut"],"picked":"Brutality","floor":13},{"not_picked":["Clothesline","Shrug It Off"],"picked":"Cleave","floor":14},{"not_picked":["Bludgeon","Juggernaut"],"picked":"Demon Form","floor":16},{"not_picked":["Shrug It Off","Cleave"],"picked":"Headbutt","floor":18},{"not_picked":["Headbutt","Heavy Blade"],"picked":"Whirlwind","floor":19},{"not_picked":["Searing Blow","Bloodletting"],"picked":"Armaments","floor":21},{"not_picked":["Havoc","Fire Breathing"],"picked":"Shrug It Off","floor":22},{"not_picked":["Clash","Sentinel"],"picked":"Second Wind","floor":23},{"not_picked":["Dual Wield","Second Wind"],"picked":"Rampage","floor":24}],"player_experience":214793,"potions_floor_usage":[16,16,16,19,21,23,27],"damage_taken":[{"damage":6,"enemies":"Cultist","floor":1,"turns":3},{"damage":6,"enemies":"2 Louse","floor":2,"turns":2},{"damage":11,"enemies":"Jaw Worm","floor":4,"turns":2},{"damage":26,"enemies":"Lagavulin","floor":8,"turns":4},{"damage":9,"enemies":"Gremlin Nob","floor":11,"turns":3},{"damage":0,"enemies":"Large Slime","floor":12,"turns":4},{"damage":15,"enemies":"3 Sentries","floor":13,"turns":5},{"damage":16,"enemies":"Lots of Slimes","floor":14,"turns":3},{"damage":58,"enemies":"The Guardian","floor":16,"turns":14},{"damage":28,"enemies":"Spheric Guardian","floor":18,"turns":5},{"damage":17,"enemies":"Shell Parasite","floor":19,"turns":3},{"damage":1,"enemies":"Snake Plant","floor":21,"turns":2},{"damage":12,"enemies":"Snecko","floor":22,"turns":3},{"damage":56,"enemies":"Slavers","floor":23,"turns":6},{"damage":43,"enemies":"Book of Stabbing","floor":27,"turns":5}],"event_choices":[{"event_name":"Golden Wing","player_choice":"Ignored","floor":7,"damage_taken":0},{"event_name":"The Mausoleum","player_choice":"Yes","floor":25,"damage_taken":0}],"boss_relics":[{"not_picked":["Snecko Eye","Lizard Tail"],"picked":"Runic Pyramid"}],"potions_floor_spawned":[1,8,14,16,19,22,23],"seed_played":"-5654481015917177050","killed_by":"Book of Stabbing","ascension_level":1,"is_trial":false}