{"path_per_floor":["M","?","M","$","M","R","M","?","T","R","?","R","E","M","R","B",null,"M","?","$","M","T","$","M","R","T","R","?","?","$","T","R","B",null,"M","?","M","?","$","R","E","M","T","M","R","M","R","?","R"],"character_chosen":"IRONCLAD","items_purchased":["Dramatic Entrance","Regal Pillow","Bag of Marbles","Seeing Red","Pantograph"],"gold_per_floor":[118,118,133,133,147,147,161,225,225,225,225,225,256,272,272,372,372,383,383,124,137,164,13,26,26,97,97,97,97,61,61,61,162,162,182,182,200,249,7,7,36,51,51,61,61,79,79,79,79,79],"floor_reached":50,"campfire_rested":4,"playtime":3790,"current_hp_per_floor":[80,80,80,80,80,80,80,80,80,80,80,80,67,66,80,80,80,71,71,71,77,77,77,58,80,80,80,80,65,65,65,85,36,85,79,79,81,50,50,60,11,49,49,20,70,80,85,74,85,0],"items_purged":[],"gold":79,"score":542,"play_id":"b1ae3986-47dc-44d3-b623-38c22314d77b","local_time":"20180407105934","is_prod":false,"is_daily":false,"is_ascension_mode":false,"campfire_upgraded":4,"timestamp":1523062774,"path_taken":["M","?","M","$","M","R","M","?","T","R","?","R","E","M","R","BOSS","M","?","$","M","?","$","M","R","T","R","?","?","?","?","R","BOSS","M","?","M","?","?","R","E","?","T","M","R","M","R","?","R","BOSS"],"build_version":"2018-04-05v2","purchased_purges":0,"victory":false,"master_deck":["Strike_R+1","Strike_R+1","Strike_R+1","Strike_R+1","Defend_R+1","Defend_R+1","Defend_R+1","Defend_R+1","Bash","Clumsy","Anger+1","Uppercut","Anger","Blood for Blood","Rampage+1","Anger","Reaper+1","Cleave+1","Dramatic Entrance+1","Pommel Strike","Anger","Seeing Red","Demon Form+1","Iron Wave+1","Iron Wave+1","Sword Boomerang+1","Perfected Strike+1","Exhume","Iron Wave+1","Wild Strike+1","Madness","Madness"],"max_hp_per_floor":[80,80,80,80,80,80,80,80,80,80,80,80,80,80,80,80,80,80,80,80,80,80,80,80,80,80,80,80,85,85,85,85,85,85,85,85,85,85,85,85,85,85,85,85,85,85,85,85,85,85],"relics":["Burning Blood","Girya","Happy Flower","Anchor","Snecko Eye","Regal Pillow","Oddly Smooth Stone","Bag of Marbles","Dodecahedron","Molten Egg 2","Eternal Feather","Calipers","Pantograph","Red Skull","Du-Vu Doll"],"card_choices":[{"not_picked":["Burning Pact","Havoc"],"picked":"Anger","floor":1.0},{"not_picked":["Warcry","Feel No Pain"],"picked":"Uppercut","floor":3.0},{"not_picked":["Havoc","Twin Strike"],"picked":"Anger","floor":5},{"not_picked":["Warcry","Bloodletting"],"picked":"Blood for Blood","floor":7},{"not_picked":["Dropkick","Intimidate"],"picked":"Rampage","floor":13},{"not_picked":["Warcry","Spot Weakness"],"picked":"Anger","floor":14},{"not_picked":["Offering","Fiend Fire"],"picked":"Reaper","floor":16},{"not_picked":["Wild Strike","Body Slam"],"picked":"Cleave","floor":18},{"not_picked":["Corruption","Havoc"],"picked":"Pommel Strike","floor":21},{"not_picked":["Clash","Burning Pact"],"picked":"Anger","floor":24},{"not_picked":["Offering","Feed"],"picked":"Demon Form","floor":33},{"not_picked":["Wild Strike","Rupture"],"picked":"Iron Wave","floor":35},{"not_picked":["Pommel Strike","Twin Strike"],"picked":"Iron Wave","floor":37},{"not_picked":["Hemokinesis","Wild Strike"],"picked":"Sword Boomerang","floor":38},{"not_picked":["Bloodletting","Warcry"],"picked":"Perfected Strike","floor":41},{"not_picked":["Clothesline","Shrug It Off"],"picked":"Exhume","floor":42},{"not_picked":["Anger","Rupture"],"picked":"Iron Wave","floor":44},{"not_picked":["Disarm","Shrug It Off"],"picked":"Wild Strike","floor":46}],"player_experience":82180,"potions_floor_usage":[13,16,24,33,33,38,38],"damage_taken":[{"damage":2.0,"enemies":"Jaw Worm","floor":1.0,"turns":6.0},{"damage":1.0,"enemies":"Cultist","floor":3.0,"turns":3.0},{"damage":5.0,"enemies":"Small Slimes","floor":5.0,"turns":3.0},{"damage":6,"enemies":"2 Fungi Beasts","floor":7,"turns":3},{"damage":25,"enemies":"3 Sentries","floor":13,"turns":6},{"damage":7,"enemies":"Blue Slaver","floor":14,"turns":3},{"damage":0,"enemies":"Slime Boss","floor":16,"turns":5},{"damage":25,"enemies":"3 Byrds","floor":18,"turns":6},{"damage":0,"enemies":"Spheric Guardian","floor":21,"turns":2},{"damage":25,"enemies":"Centurion and Healer","floor":24,"turns":6},{"damage":55,"enemies":"Collector","floor":33,"turns":6},{"damage":12,"enemies":"3 Darklings","floor":35,"turns":3},{"damage":10,"enemies":"3 Shapes","floor":37,"turns":2},{"damage":54,"enemies":"Mysterious Sphere","floor":38,"turns":6},{"damage":67,"enemies":"Nemesis","floor":41,"turns":7},{"damage":0,"enemies":"Sphere and 2 Shapes","floor":42,"turns":2},{"damage":58,"enemies":"Maw","floor":44,"turns":7},{"damage":20,"enemies":"3 Darklings","floor":46,"turns":5},{"damage":116,"enemies":"Awakened One","floor":50,"turns":8}],"event_choices":[{"event_name":"Living Wall","player_choice":"Grow","floor":2.0,"damage_taken":0.0},{"event_name":"Golden Wing","player_choice":"Gained Gold","floor":8,"damage_taken":0},{"event_name":"Liars Game","player_choice":"disagreed","floor":11,"damage_taken":0},{"event_name":"Back to Basics","player_choice":"Simplicity","floor":19,"damage_taken":0},{"event_name":"Beggar","player_choice":"Ignored","floor":28,"damage_taken":0},{"event_name":"Forgotten Altar","player_choice":"Shed Blood","floor":29,"damage_taken":0},{"event_name":"Mysterious Sphere","player_choice":"Fight","floor":38,"damage_taken":0},{"event_name":"Winding Halls","player_choice":"Embrace Madness","floor":48,"damage_taken":0}],"boss_relics":[{"not_picked":["Ectoplasm","Velvet Choker"],"picked":"Snecko Eye"},{"not_picked":["Sozu","Tiny House"],"picked":"Eternal Feather"}],"potions_floor_spawned":[1,7,13,21,24,35,37],"seed_played":"-4681832772622444412","killed_by":"Awakened One","ascension_level":0,"is_trial":false}