{"gold_per_floor":[112,129,129,149,2,18,35,35,88,88,102,132,57,57,57,160,160,176,91,91,91,108,108,118,134,179,193,211,211,94,109,109,210,210,221,233,233,249,249,265,280,280,306,322,32,32,50,50,50,50],"floor_reached":50,"playtime":4274,"items_purged":["Strike_G"],"score":465,"play_id":"fb24ab77-44d1-4088-bfab-88e759417586","local_time":"20181212005352","is_ascension_mode":false,"campfire_choices":[{"data":"Backflip","floor":10.0,"key":"SMITH"},{"floor":15.0,"key":"REST"},{"data":"Blade Dance","floor":23.0,"key":"SMITH"},{"floor":32,"key":"REST"},{"floor":42,"key":"REST"},{"floor":46,"key":"REST"},{"floor":49,"key":"REST"}],"neow_cost":"PERCENT_DAMAGE","seed_source_timestamp":0,"circlet_count":0,"master_deck":["Defend_G","Defend_G","Defend_G","Defend_G","Defend_G","Strike_G","Strike_G","Strike_G","Survivor+1","Neutralize","Noxious Fumes","Backflip+1","Caltrops","Poisoned Stab","Backflip","Infinite Blades+1","Dash+1","Backflip","After Image+1","Blade Dance+1","Backstab","Backstab","Concentrate","Blade Dance","Deflect","Dagger Throw+1","Parasite","Concentrate+1","Skewer","Deflect+1"],"special_seed":0,"relics":["Ring of the Serpent","Ancient Tea Set","Busted Crown","Letter Opener","Dream Catcher","Blood Vial","Lantern","Anchor","Vajra"],"potions_floor_usage":[27,31,33,36,40,41],"damage_taken":[{"damage":1.0,"enemies":"2 Louse","floor":1.0,"turns":3.0},{"damage":0.0,"enemies":"Cultist","floor":2.0,"turns":4.0},{"damage":0.0,"enemies":"Jaw Worm","floor":4.0,"turns":5.0},{"damage":7.0,"enemies":"Looter","floor":6.0,"turns":4.0},{"damage":0.0,"enemies":"Exordium Wildlife","floor":7.0,"turns":4.0},{"damage":2.0,"enemies":"3 Louse","floor":11.0,"turns":4.0},{"damage":12.0,"enemies":"Slime Boss","floor":16.0,"turns":11.0},{"damage":2.0,"enemies":"2 Thieves","floor":18.0,"turns":4.0},{"damage":1.0,"enemies":"Spheric Guardian","floor":22.0,"turns":4.0},{"damage":14.0,"enemies":"Snecko","floor":24.0,"turns":5.0},{"damage":0,"enemies":"Cultist and Chosen","floor":25,"turns":7},{"damage":3,"enemies":"Snake Plant","floor":27,"turns":5},{"damage":0,"enemies":"Shelled Parasite and Fungi","floor":28,"turns":6},{"damage":6,"enemies":"Cultist and Chosen","floor":31,"turns":5},{"damage":29,"enemies":"Collector","floor":33,"turns":14},{"damage":10,"enemies":"3 Darklings","floor":35,"turns":7},{"damage":1,"enemies":"3 Shapes","floor":36,"turns":5},{"damage":25,"enemies":"Spire Growth","floor":38,"turns":6},{"damage":6,"enemies":"Writhing Mass","floor":40,"turns":11},{"damage":16,"enemies":"Maw","floor":41,"turns":9},{"damage":22,"enemies":"Jaw Worm Horde","floor":44,"turns":5},{"damage":6,"enemies":"Spire Growth","floor":47,"turns":6},{"damage":94,"enemies":"Awakened One","floor":50,"turns":21}],"seed_played":"-1540698672538968279","potions_obtained":[{"floor":1.0,"key":"Weak Potion"},{"floor":2.0,"key":"GhostInAJar"},{"floor":3.0,"key":"Energy Potion"},{"floor":16.0,"key":"Explosive Potion"},{"floor":18.0,"key":"SteroidPotion"},{"floor":22.0,"key":"Ancient Potion"},{"floor":28,"key":"Explosive Potion"},{"floor":31,"key":"Block Potion"},{"floor":35,"key":"Ancient Potion"},{"floor":38,"key":"PowerPotion"},{"floor":40,"key":"SteroidPotion"}],"is_trial":false,"path_per_floor":["M","M","?","M","$","M","M","?","T","R","M","?","$","?","R","B",null,"M","?","?","?","M","R","M","M","M","T","M","M","?","$","M","R","B",null,"M","M","?","M","?","M","M","R","T","M","$","R","M","?","R","B"],"character_chosen":"THE_SILENT","items_purchased":["Poisoned Stab","Backflip","Infinite Blades","Backstab","Concentrate","Anchor","Vajra"],"campfire_rested":5,"item_purchase_floors":[5,5,5,30,30,45,45],"current_hp_per_floor":[62,62,62,62,62,55,55,55,55,55,53,53,53,36,61,49,84,82,82,66,66,65,65,51,51,51,48,48,48,48,44,70,43,89,79,80,80,57,57,53,39,65,65,45,45,71,67,67,89,0],"gold":50,"neow_bonus":"TWENTY_PERCENT_HP_BONUS","is_prod":false,"is_daily":false,"chose_seed":false,"campfire_upgraded":2,"win_rate":0.0,"timestamp":1544594032,"path_taken":["M","M","?","M","$","?","M","?","T","R","M","?","$","?","R","BOSS","M","?","?","?","?","R","M","M","T","M","M","?","$","M","R","BOSS","M","M","?","M","?","M","M","R","T","M","$","R","M","?","R","BOSS"],"build_version":"2018-12-06","purchased_purges":1,"victory":false,"max_hp_per_floor":[84,84,84,84,84,84,84,84,84,84,84,84,84,84,84,84,84,84,84,89,89,89,89,89,89,89,89,89,89,89,89,89,89,89,89,89,89,89,89,89,89,89,89,89,89,89,89,89,89,89],"card_choices":[{"not_picked":["PiercingWail","Quick Slash"],"picked":"Noxious Fumes","floor":1.0},{"not_picked":["Dagger Spray","Accuracy"],"picked":"Backflip","floor":2.0},{"not_picked":["Leg Sweep","Choke"],"picked":"Caltrops","floor":4.0},{"not_picked":["Predator","Prepared"],"picked":"Dash","floor":6.0},{"not_picked":["Footwork","All Out Attack"],"picked":"Backflip","floor":7.0},{"not_picked":["Quick Slash","Outmaneuver","Acrobatics"],"picked":"SKIP","floor":11.0},{"not_picked":["Venomology","Unload"],"picked":"After Image","floor":16.0},{"not_picked":["Reflex"],"picked":"SKIP","floor":18.0},{"not_picked":[],"picked":"Blade Dance","floor":22.0},{"not_picked":["Flying Knee"],"picked":"SKIP","floor":24},{"not_picked":["Eviscerate"],"picked":"SKIP","floor":25},{"not_picked":[],"picked":"Backstab","floor":27},{"not_picked":["Dagger Spray"],"picked":"SKIP","floor":28},{"not_picked":[],"picked":"Blade Dance","floor":31},{"not_picked":[],"picked":"Deflect","floor":32},{"not_picked":[],"picked":"Dagger Throw+1","floor":35},{"not_picked":["Bane+1"],"picked":"SKIP","floor":36},{"not_picked":["All Out Attack+1"],"picked":"SKIP","floor":38},{"not_picked":[],"picked":"Concentrate+1","floor":40},{"not_picked":["Flechettes+1"],"picked":"SKIP","floor":41},{"not_picked":["Poisoned Stab"],"picked":"SKIP","floor":44},{"not_picked":[],"picked":"Skewer","floor":46},{"not_picked":[],"picked":"Deflect+1","floor":47}],"player_experience":253157,"relics_obtained":[{"floor":9.0,"key":"Ancient Tea Set"},{"floor":26,"key":"Dream Catcher"},{"floor":29,"key":"Blood Vial"},{"floor":43,"key":"Lantern"}],"event_choices":[{"damage_healed":0.0,"max_hp_gain":0.0,"max_hp_loss":0.0,"gold_gain":0.0,"event_name":"Lab","player_choice":"Got Potions","floor":3.0,"gold_loss":0.0,"damage_taken":0.0},{"damage_healed":0.0,"max_hp_gain":0.0,"max_hp_loss":0.0,"gold_gain":0.0,"event_name":"Living Wall","player_choice":"Grow","floor":8.0,"gold_loss":0.0,"damage_taken":0.0,"cards_upgraded":["Infinite Blades"]},{"damage_healed":0.0,"max_hp_gain":0.0,"max_hp_loss":0.0,"gold_gain":30.0,"event_name":"Dead Adventurer","player_choice":"Searched \u00271\u0027 times","floor":12.0,"gold_loss":0.0,"damage_taken":0.0},{"damage_healed":0.0,"max_hp_gain":0.0,"max_hp_loss":0.0,"gold_gain":0.0,"event_name":"Shining Light","player_choice":"Entered Light","floor":14.0,"gold_loss":0.0,"damage_taken":17.0,"cards_upgraded":["Dash","Survivor"]},{"damage_healed":0.0,"max_hp_gain":0.0,"max_hp_loss":0.0,"gold_gain":0.0,"event_name":"Addict","player_choice":"Obtained Relic","floor":19.0,"gold_loss":85.0,"damage_taken":0.0,"relics_obtained":["Letter Opener"]},{"damage_healed":0.0,"max_hp_gain":5.0,"max_hp_loss":0.0,"gold_gain":0.0,"event_name":"Forgotten Altar","player_choice":"Shed Blood","floor":20.0,"gold_loss":0.0,"damage_taken":21.0},{"damage_healed":0.0,"max_hp_gain":0.0,"max_hp_loss":0.0,"gold_gain":0.0,"event_name":"Accursed Blacksmith","player_choice":"Forge","floor":21.0,"gold_loss":0.0,"damage_taken":0.0,"cards_upgraded":["After Image"]},{"damage_healed":0,"gold_gain":0,"player_choice":"Relic","damage_taken":0,"max_hp_gain":0,"max_hp_loss":0,"event_name":"Wheel of Change","floor":29,"gold_loss":0},{"damage_healed":0,"gold_gain":0,"player_choice":"Ignored","damage_taken":0,"max_hp_gain":0,"max_hp_loss":0,"event_name":"Tomb of Lord Red Mask","floor":37,"gold_loss":0},{"damage_healed":0,"gold_gain":0,"player_choice":"Ignored","damage_taken":0,"max_hp_gain":0,"max_hp_loss":0,"event_name":"Mysterious Sphere","floor":39,"gold_loss":0},{"cards_removed":["Strike_G"],"damage_healed":0,"gold_gain":0,"player_choice":"Removed Attack","damage_taken":0,"max_hp_gain":0,"max_hp_loss":0,"event_name":"Falling","floor":48,"gold_loss":0}],"is_beta":false,"boss_relics":[{"not_picked":["Tiny House","Calling Bell"],"picked":"Busted Crown"},{"not_picked":["Runic Pyramid","Black Star"],"picked":"Ring of the Serpent"}],"items_purged_floors":[13],"is_endless":false,"potions_floor_spawned":[1,2,4,16,18,22,28,31,35,38,40],"killed_by":"Awakened One","ascension_level":0}