{"gold_per_floor":[116,96,111,127,145,176,176,202,202,229,229,304,322,322,322,322],"floor_reached":16,"playtime":1430,"items_purged":[],"score":138,"play_id":"3b563bb2-3a3a-4a79-b601-3e74cfd08b36","local_time":"20190204215256","is_ascension_mode":true,"campfire_choices":[{"data":"Neutralize","floor":7,"key":"SMITH"},{"data":"Leg Sweep","floor":15,"key":"SMITH"}],"neow_cost":"NONE","seed_source_timestamp":0,"circlet_count":0,"master_deck":["Defend_G","Defend_G","Defend_G","Defend_G","Defend_G","Strike_G","Strike_G","Strike_G","Strike_G","Survivor","Neutralize+1","Deadly Poison","Poisoned Stab","Leg Sweep","Deflect","PiercingWail","Leg Sweep+1"],"special_seed":0,"relics":["White Beast Statue","Potion Belt","Ancient Tea Set","Bronze Scales","Mummified Hand"],"potions_floor_usage":[5,6,6,6,13,16,16,16],"damage_taken":[{"damage":4.0,"enemies":"Jaw Worm","floor":1.0,"turns":8.0},{"damage":0.0,"enemies":"Cultist","floor":3.0,"turns":4.0},{"damage":0.0,"enemies":"Small Slimes","floor":4.0,"turns":5.0},{"damage":0,"enemies":"3 Louse","floor":5,"turns":3},{"damage":16,"enemies":"3 Sentries","floor":6,"turns":8},{"damage":15,"enemies":"Gremlin Nob","floor":8,"turns":4},{"damage":9,"enemies":"Lagavulin","floor":10,"turns":8},{"damage":2,"enemies":"2 Fungi Beasts","floor":13,"turns":4},{"damage":31,"enemies":"Slime Boss","floor":16,"turns":7}],"seed_played":"-403242185568133996","potions_obtained":[{"floor":1.0,"key":"Fire Potion"},{"floor":2.0,"key":"GamblersBrew"},{"floor":3.0,"key":"Strength Potion"},{"floor":4.0,"key":"Explosive Potion"},{"floor":5,"key":"Dexterity Potion"},{"floor":6,"key":"Fruit Juice"},{"floor":8,"key":"SteroidPotion"},{"floor":10,"key":"GhostInAJar"},{"floor":13,"key":"Swift Potion"}],"is_trial":false,"path_per_floor":["M","?","M","M","M","E","R","E","T","E","?","?","M","?","R","B"],"character_chosen":"THE_SILENT","items_purchased":[],"campfire_rested":0,"item_purchase_floors":[],"current_hp_per_floor":[66,66,66,66,66,50,50,35,35,26,26,15,13,13,13,0],"gold":322,"neow_bonus":"BOSS_RELIC","is_prod":false,"is_daily":false,"chose_seed":false,"campfire_upgraded":2,"win_rate":0,"timestamp":1549306376,"path_taken":["M","?","?","M","M","E","R","E","T","E","?","?","M","?","R","BOSS"],"build_version":"2019-01-23","purchased_purges":0,"victory":false,"max_hp_per_floor":[70,70,70,70,70,70,70,70,70,70,70,70,70,70,70,75],"card_choices":[{"not_picked":["Bane","Slice"],"picked":"Deadly Poison","floor":1.0},{"not_picked":["Heel Hook","Bouncing Flask","Flying Knee"],"picked":"SKIP","floor":3.0},{"not_picked":["Acrobatics","Choke"],"picked":"Poisoned Stab","floor":4.0},{"not_picked":["Cloak And Dagger","Underhanded Strike","Slice"],"picked":"SKIP","floor":5},{"not_picked":["Blade Dance","Sucker Punch","Deflect"],"picked":"SKIP","floor":6},{"not_picked":["Tactician","Distraction"],"picked":"Leg Sweep","floor":8},{"not_picked":["Reflex","Bullet Time"],"picked":"Deflect","floor":10},{"not_picked":["Acrobatics","Setup"],"picked":"PiercingWail","floor":13}],"player_experience":248228,"relics_obtained":[{"floor":6,"key":"Potion Belt"},{"floor":8,"key":"Ancient Tea Set"},{"floor":9,"key":"Bronze Scales"},{"floor":10,"key":"Mummified Hand"}],"event_choices":[{"damage_healed":0.0,"max_hp_gain":0.0,"max_hp_loss":0.0,"gold_gain":0.0,"event_name":"The Woman in Blue","player_choice":"Bought 1 Potion","floor":2.0,"gold_loss":0.0,"damage_taken":0.0},{"damage_healed":0,"gold_gain":0,"player_choice":"Ignored","damage_taken":0,"max_hp_gain":0,"max_hp_loss":0,"event_name":"Liars Game","floor":11,"gold_loss":0},{"damage_healed":0,"gold_gain":75,"player_choice":"Gather Gold","damage_taken":11,"max_hp_gain":0,"max_hp_loss":0,"event_name":"World of Goop","floor":12,"gold_loss":0},{"damage_healed":0,"gold_gain":0,"cards_transformed":["Strike_G"],"player_choice":"Transformed","damage_taken":0,"max_hp_gain":0,"max_hp_loss":0,"event_name":"Transmorgrifier","floor":14,"gold_loss":0,"cards_obtained":["Leg Sweep"]}],"is_beta":false,"boss_relics":[],"items_purged_floors":[],"is_endless":false,"potions_floor_spawned":[1,3,4,5,6,8,10,13],"killed_by":"Slime Boss","ascension_level":3}