{"gold_per_floor":[110,60,60,79,89,119,131,153,189,236,248,273,298,323,335,347],"floor_reached":16,"playtime":552,"items_purged":[],"score":228,"play_id":"8e998410-c17d-40b7-80c3-cbbebabf8a49","local_time":"20190219203839","is_ascension_mode":true,"campfire_choices":[{"data":"Streamline","floor":7,"key":"SMITH"},{"data":"Creative AI","floor":15,"key":"SMITH"}],"neow_cost":"NONE","seed_source_timestamp":1161733557942000,"circlet_count":0,"master_deck":["AscendersBane","Strike_B","Strike_B","Strike_B","Defend_B","Defend_B","Defend_B","Defend_B","Zap+1","Dualcast","Ball Lightning","Conserve Battery","Conserve Battery","Conserve Battery","Streamline+1","Seek","Biased Cognition","Self Repair","Creative AI+1"],"relics":["Sozu","MawBank","Oddly Smooth Stone","Happy Flower"],"potions_floor_usage":[],"damage_taken":[{"damage":0,"enemies":"Cultist","floor":1,"turns":3},{"damage":0,"enemies":"2 Louse","floor":4,"turns":2},{"damage":4,"enemies":"Small Slimes","floor":5,"turns":4},{"damage":19,"enemies":"3 Sentries","floor":6,"turns":9},{"damage":4,"enemies":"Looter","floor":8,"turns":3},{"damage":6,"enemies":"Lagavulin","floor":10,"turns":5},{"damage":0,"enemies":"Exordium Thugs","floor":12,"turns":4},{"damage":0,"enemies":"Blue Slaver","floor":13,"turns":2},{"damage":0,"enemies":"3 Louse","floor":14,"turns":3},{"damage":32,"enemies":"The Guardian","floor":16,"turns":9}],"seed_played":"-8681969060509418420","potions_obtained":[],"is_trial":false,"path_per_floor":["M","$","?","M","M","E","R","M","T","E","?","M","M","M","R","B"],"character_chosen":"DEFECT","items_purchased":["Conserve Battery"],"campfire_rested":0,"item_purchase_floors":[2],"current_hp_per_floor":[64,64,64,64,60,41,41,37,37,31,24,24,24,31,31,0],"gold":347,"neow_bonus":"BOSS_RELIC","is_prod":false,"is_daily":false,"chose_seed":false,"campfire_upgraded":2,"win_rate":0,"timestamp":1550637519,"path_taken":["M","$","?","?","M","E","R","?","T","E","?","M","M","M","R","BOSS"],"build_version":"2019-01-23","purchased_purges":0,"victory":false,"max_hp_per_floor":[71,71,71,71,71,71,71,71,71,71,71,71,71,71,71,71],"card_choices":[{"not_picked":["Static Discharge","Gash"],"picked":"Ball Lightning","floor":1},{"not_picked":["Steam","Fusion"],"picked":"Conserve Battery","floor":4},{"not_picked":["Hello World","Blizzard"],"picked":"Conserve Battery","floor":5},{"not_picked":["Gash","Go for the Eyes"],"picked":"Streamline","floor":6},{"not_picked":["Capacitor","Barrage"],"picked":"Seek","floor":8},{"not_picked":["Ball Lightning","Turbo"],"picked":"Biased Cognition","floor":10},{"not_picked":["Force Field","Stack","Beam Cell"],"picked":"SKIP","floor":12},{"not_picked":["Double Energy","Aggregate"],"picked":"Self Repair","floor":13},{"not_picked":["Coolheaded","Aggregate"],"picked":"Creative AI","floor":14}],"player_experience":742893,"relics_obtained":[{"floor":6,"key":"MawBank"},{"floor":9,"key":"Oddly Smooth Stone"},{"floor":10,"key":"Happy Flower"}],"event_choices":[{"damage_healed":0,"gold_gain":0,"player_choice":"Upgraded","damage_taken":0,"max_hp_gain":0,"max_hp_loss":0,"event_name":"Upgrade Shrine","floor":3,"gold_loss":0,"cards_upgraded":["Zap"]},{"cards_removed":["Strike_B"],"damage_healed":0,"gold_gain":0,"player_choice":"Card Removal","damage_taken":7,"max_hp_gain":0,"max_hp_loss":0,"event_name":"Golden Wing","floor":11,"gold_loss":0}],"is_beta":false,"boss_relics":[],"items_purged_floors":[],"is_endless":false,"potions_floor_spawned":[5,8,12],"killed_by":"The Guardian","ascension_level":20}