{"path_per_floor":["M","M","?","?","?","E","R","M","T","?","M","R","M","M","R","B",null,"M","M","$","?","M","R","M","R","T","M","T","$","R","M","R","B",null,"M","?","?","?","$","R","M","?","T","M","R","M","?","M","R"],"character_chosen":"IRONCLAD","items_purchased":["Toxic Egg 2","Apotheosis+1"],"gold_per_floor":[113,123,123,123,123,167,167,192,245,245,264,264,278,294,294,414,414,437,460,130,130,145,145,160,160,160,174,197,14,14,32,32,157,157,171,151,0,0,0,0,18,18,41,107,107,121,171,186,186,186],"floor_reached":50,"campfire_rested":2,"playtime":1425,"item_purchase_floors":[20,29],"current_hp_per_floor":[73,79,72,77,77,46,46,52,52,45,51,51,57,63,63,22,79,76,79,79,79,49,49,45,45,45,47,47,47,47,24,62,27,79,79,79,79,79,79,79,72,72,72,71,71,70,70,54,79,0],"items_purged":["Strike_R"],"gold":186,"score":469,"play_id":"b183f9c2-779c-44d2-9ae1-8452a0b97794","local_time":"20180624215748","is_prod":false,"is_daily":false,"chose_seed":false,"is_ascension_mode":false,"campfire_upgraded":8,"win_rate":0,"timestamp":1529841468,"campfire_choices":[{"data":"Immolate","floor":7,"key":"SMITH"},{"data":"Searing Blow","floor":12,"key":"SMITH"},{"data":"Uppercut","floor":15,"key":"SMITH"},{"data":"Searing Blow+1","floor":23,"key":"SMITH"},{"data":"Searing Blow+2","floor":25,"key":"SMITH"},{"data":"Searing Blow+3","floor":30,"key":"SMITH"},{"floor":32,"key":"REST"},{"data":"Searing Blow+4","floor":40,"key":"SMITH"},{"data":"Immolate","floor":45,"key":"SMITH"},{"floor":49,"key":"REST"}],"path_taken":["M","?","?","?","?","E","R","M","T","?","?","R","M","M","R","BOSS","M","?","$","?","?","R","M","R","T","M","?","?","R","?","R","BOSS","M","?","?","?","?","R","?","?","T","?","R","M","?","M","R","BOSS"],"build_version":"2018-06-21","seed_source_timestamp":18537857344846,"purchased_purges":1,"circlet_count":0,"victory":false,"master_deck":["Strike_R","Strike_R","Strike_R","Defend_R","Defend_R","Defend_R","Bash","Cleave","Searing Blow+5","Immolate+1","Clash","Uppercut+1","Offering+1","Pummel","Infernal Blade+1","Flex+1","Apotheosis+1","Immolate+1","Anger","Seeing Red+1","Power Through+1"],"max_hp_per_floor":[80,80,80,85,79,79,79,79,79,79,79,79,79,79,79,79,79,79,79,79,79,79,79,79,79,79,79,79,79,79,79,79,79,79,79,79,79,79,79,79,79,79,79,79,79,79,79,79,79,79],"relics":["Burning Blood","Anchor","Golden Idol","Potion Belt","Boot","Mercury Hourglass","Cursed Key","Toxic Egg 2","Regal Pillow","War Paint","Mark of Pain","Red Mask","SsserpentHead","Blood Vial"],"card_choices":[{"not_picked":["Metallicize","Thunderclap"],"picked":"Cleave","floor":1},{"not_picked":["Anger","Flex"],"picked":"Searing Blow","floor":2},{"not_picked":["Thunderclap","Shrug It Off"],"picked":"Immolate","floor":6},{"not_picked":["Cleave","Seeing Red"],"picked":"Clash","floor":8},{"not_picked":["Sword Boomerang","Combust","Blood for Blood"],"picked":"SKIP","floor":11},{"not_picked":["Intimidate","True Grit","Pommel Strike"],"picked":"SKIP","floor":13},{"not_picked":["Anger","Perfected Strike"],"picked":"Uppercut","floor":14},{"not_picked":["Barricade","Bludgeon"],"picked":"Offering","floor":16},{"not_picked":["True Grit+1","Anger"],"picked":"Pummel","floor":18},{"not_picked":["Blood for Blood","Feel No Pain","Body Slam+1"],"picked":"SKIP","floor":19},{"not_picked":["Metallicize","Heavy Blade+1"],"picked":"Infernal Blade+1","floor":22},{"not_picked":["Heavy Blade","Body Slam","Sentinel+1"],"picked":"SKIP","floor":24},{"not_picked":["Headbutt","Reaper"],"picked":"Flex+1","floor":27},{"not_picked":["Perfected Strike+1","Armaments+1","Reckless Charge"],"picked":"SKIP","floor":31},{"not_picked":["Demon Form","Exhume+1"],"picked":"Immolate","floor":33},{"not_picked":["Thunderclap+1","Headbutt"],"picked":"Anger","floor":35},{"not_picked":["Pommel Strike+1","Shrug It Off+1","Feel No Pain+1"],"picked":"SKIP","floor":41},{"not_picked":["Combust+1","Power Through+1","Shrug It Off+1"],"picked":"SKIP","floor":44},{"not_picked":["Corruption+1","Evolve"],"picked":"Seeing Red+1","floor":46},{"not_picked":["Sword Boomerang","Body Slam"],"picked":"Power Through+1","floor":48}],"player_experience":464296,"potions_floor_usage":[6,14,16,19,27,33,35,41,46,46,50],"damage_taken":[{"damage":13,"enemies":"Cultist","floor":1,"turns":5},{"damage":0,"enemies":"Jaw Worm","floor":2,"turns":3},{"damage":37,"enemies":"Gremlin Nob","floor":6,"turns":5},{"damage":0,"enemies":"Small Slimes","floor":8,"turns":1},{"damage":0,"enemies":"3 Louse","floor":11,"turns":2},{"damage":0,"enemies":"Blue Slaver","floor":13,"turns":2},{"damage":0,"enemies":"2 Fungi Beasts","floor":14,"turns":2},{"damage":47,"enemies":"The Guardian","floor":16,"turns":12},{"damage":9,"enemies":"Spheric Guardian","floor":18,"turns":3},{"damage":2,"enemies":"Shell Parasite","floor":19,"turns":2},{"damage":36,"enemies":"Cultist and Chosen","floor":22,"turns":4},{"damage":10,"enemies":"Snecko","floor":24,"turns":3},{"damage":4,"enemies":"Centurion and Healer","floor":27,"turns":3},{"damage":29,"enemies":"Slaver and Parasite","floor":31,"turns":4},{"damage":41,"enemies":"Automaton","floor":33,"turns":6},{"damage":2,"enemies":"Orb Walker","floor":35,"turns":2},{"damage":13,"enemies":"Flame Bruiser 1 Orb","floor":41,"turns":3},{"damage":9,"enemies":"Transient","floor":44,"turns":5},{"damage":9,"enemies":"3 Darklings","floor":46,"turns":3},{"damage":24,"enemies":"Maw","floor":48,"turns":5},{"damage":86,"enemies":"Time Eater","floor":50,"turns":9}],"relics_obtained":[{"floor":6,"key":"Potion Belt"},{"floor":9,"key":"Boot"},{"floor":26,"key":"Regal Pillow"},{"floor":28,"key":"War Paint"},{"floor":43,"key":"Blood Vial"}],"event_choices":[{"event_name":"Golden Wing","player_choice":"Card Removal","floor":3,"damage_taken":0},{"event_name":"Big Fish","player_choice":"Donut","floor":4,"damage_taken":0},{"event_name":"Golden Idol","player_choice":"Lose Max HP","floor":5,"damage_taken":0},{"event_name":"Scrap Ooze","player_choice":"success","floor":10,"damage_taken":7},{"event_name":"Vampires","player_choice":"Ignored","floor":21,"damage_taken":0},{"event_name":"The Woman in Blue","player_choice":"Bought 1 Potion","floor":36,"damage_taken":0},{"event_name":"Tomb of Lord Red Mask","player_choice":"Paid","floor":37,"damage_taken":0},{"event_name":"Falling","player_choice":"Removed Skill","floor":38,"damage_taken":0},{"event_name":"FaceTrader","player_choice":"Took Mask Of The Ssserpant","floor":42,"damage_taken":0},{"event_name":"Fountain of Cleansing","player_choice":"Removed Curse","floor":47,"damage_taken":0}],"boss_relics":[{"not_picked":["Coffee Dripper","Snecko Eye"],"picked":"Cursed Key"},{"not_picked":["Empty Cage","Philosopher\u0027s Stone"],"picked":"Mark of Pain"}],"items_purged_floors":[20],"is_endless":true,"potions_floor_spawned":[2,6,14,18,24,31,33,41,44,48],"seed_played":"6904295785849997154","killed_by":"Time Eater","ascension_level":0,"potions_obtained":[{"floor":2,"key":"Energy Potion"},{"floor":6,"key":"Strength Potion"},{"floor":14,"key":"Energy Potion"},{"floor":18,"key":"SteroidPotion"},{"floor":24,"key":"Block Potion"},{"floor":31,"key":"PowerPotion"},{"floor":33,"key":"Strength Potion"},{"floor":36,"key":"Swift Potion"},{"floor":41,"key":"Dexterity Potion"},{"floor":44,"key":"Block Potion"},{"floor":48,"key":"SkillPotion"}],"is_trial":false}