{"gold_per_floor":[115,134,59,70,83,108,108,58,58,89,89,100,128,142,142,238,238,207,218,234,134,144,144,144,154,154,154],"floor_reached":27,"playtime":1543,"items_purged":["Defend_R","Strike_R"],"score":247,"play_id":"445f58b9-9fd4-448d-8b20-c7f0773b5180","local_time":"20190127123154","is_ascension_mode":false,"campfire_choices":[{"floor":7.0,"key":"REST"},{"floor":11.0,"key":"REST"},{"floor":15.0,"key":"REST"},{"floor":23,"key":"REST"}],"neow_cost":"NONE","seed_source_timestamp":0,"circlet_count":0,"master_deck":["Strike_R","Strike_R","Strike_R","Defend_R","Defend_R","Defend_R","Bash","Shrug It Off","Clothesline","Sword Boomerang","Rampage","Dual Wield","Iron Wave","Inflame","Inflame","Shrug It Off+1"],"special_seed":0,"relics":["Burning Blood","Paper Frog","Self Forming Clay","Odd Mushroom","Runic Pyramid","Gremlin Horn"],"potions_floor_usage":[22,24,24],"damage_taken":[{"damage":7.0,"enemies":"2 Louse","floor":1.0,"turns":2.0},{"damage":5.0,"enemies":"Small Slimes","floor":2.0,"turns":3.0},{"damage":0.0,"enemies":"Cultist","floor":4.0,"turns":3.0},{"damage":15.0,"enemies":"Large Slime","floor":5.0,"turns":6.0},{"damage":54.0,"enemies":"3 Sentries","floor":6.0,"turns":11.0},{"damage":14.0,"enemies":"Gremlin Nob","floor":10.0,"turns":4.0},{"damage":24.0,"enemies":"Gremlin Gang","floor":12.0,"turns":6.0},{"damage":16.0,"enemies":"The Mushroom Lair","floor":13.0,"turns":4.0},{"damage":10.0,"enemies":"Blue Slaver","floor":14.0,"turns":4.0},{"damage":47.0,"enemies":"Hexaghost","floor":16.0,"turns":10.0},{"damage":21.0,"enemies":"2 Thieves","floor":18.0,"turns":5.0},{"damage":4.0,"enemies":"Chosen","floor":19.0,"turns":6.0},{"damage":41.0,"enemies":"Centurion and Healer","floor":20.0,"turns":7.0},{"damage":10,"enemies":"Shelled Parasite and Fungi","floor":22,"turns":10},{"damage":27,"enemies":"Book of Stabbing","floor":24,"turns":8},{"damage":29,"enemies":"Cultist and Chosen","floor":25,"turns":9},{"damage":42,"enemies":"Sentry and Sphere","floor":27,"turns":7}],"seed_played":"2758587212892927880","potions_obtained":[{"floor":1.0,"key":"Poison Potion"},{"floor":4.0,"key":"SmokeBomb"},{"floor":5.0,"key":"SkillPotion"},{"floor":12.0,"key":"SpeedPotion"},{"floor":18.0,"key":"Regen Potion"},{"floor":22,"key":"AttackPotion"}],"is_trial":false,"path_per_floor":["M","M","$","M","M","E","R","?","T","E","R","M","?","M","R","B",null,"M","M","M","$","M","R","E","M","T","M"],"character_chosen":"IRONCLAD","items_purchased":[],"campfire_rested":4,"item_purchase_floors":[],"current_hp_per_floor":[87,88,88,88,79,31,57,57,57,49,75,57,47,43,69,28,88,73,75,55,55,51,77,56,33,33,0],"gold":154,"neow_bonus":"TEN_PERCENT_HP_BONUS","is_prod":false,"is_daily":false,"chose_seed":false,"campfire_upgraded":0,"win_rate":0,"timestamp":1548610314,"path_taken":["M","M","$","M","M","E","R","?","T","E","R","M","?","M","R","BOSS","M","M","M","$","M","R","E","M","T","M"],"build_version":"2019-01-23","purchased_purges":2,"victory":false,"max_hp_per_floor":[88,88,88,88,88,88,88,88,88,88,88,88,88,88,88,88,88,88,88,88,88,88,88,88,88,88,88],"card_choices":[{"not_picked":["Flex","Infernal Blade"],"picked":"Shrug It Off","floor":1.0},{"not_picked":["True Grit","Clash"],"picked":"Clothesline","floor":2.0},{"not_picked":["Thunderclap","Twin Strike"],"picked":"Sword Boomerang","floor":4.0},{"not_picked":["Sentinel","Warcry","Dual Wield"],"picked":"SKIP","floor":5.0},{"not_picked":["Headbutt","Clash"],"picked":"Rampage","floor":6.0},{"not_picked":["Blood for Blood","Cleave"],"picked":"Dual Wield","floor":10.0},{"not_picked":["Immolate","Clash","Perfected Strike"],"picked":"SKIP","floor":12.0},{"not_picked":["Searing Blow","Rage"],"picked":"Iron Wave","floor":13.0},{"not_picked":["Sever Soul","Wild Strike"],"picked":"Inflame","floor":14.0},{"not_picked":["Twin Strike","Body Slam","Ghostly Armor+1"],"picked":"SKIP","floor":18.0},{"not_picked":["Body Slam","Warcry"],"picked":"Inflame","floor":19.0},{"not_picked":["Fiend Fire","Anger"],"picked":"Shrug It Off+1","floor":20},{"not_picked":["Infernal Blade","Iron Wave","Corruption+1"],"picked":"SKIP","floor":22},{"not_picked":["Body Slam+1","Pommel Strike+1","Clothesline"],"picked":"SKIP","floor":25}],"player_experience":42775,"relics_obtained":[{"floor":6.0,"key":"Paper Frog"},{"floor":10.0,"key":"Self Forming Clay"},{"floor":13.0,"key":"Odd Mushroom"},{"floor":26,"key":"Gremlin Horn"}],"event_choices":[{"cards_removed":["Strike_R"],"damage_healed":0.0,"max_hp_gain":0.0,"max_hp_loss":0.0,"gold_gain":0.0,"event_name":"The Cleric","player_choice":"Card Removal","floor":8.0,"gold_loss":50.0,"damage_taken":0.0},{"damage_healed":0.0,"max_hp_gain":0.0,"max_hp_loss":0.0,"gold_gain":0.0,"event_name":"Mushrooms","player_choice":"Fought Mushrooms","floor":13.0,"gold_loss":0.0,"damage_taken":0.0}],"is_beta":false,"boss_relics":[{"not_picked":["Runic Cube","Cursed Key"],"picked":"Runic Pyramid"}],"items_purged_floors":[3,21],"is_endless":false,"potions_floor_spawned":[1,4,5,12,14,18,22],"killed_by":"Sentry and Sphere","ascension_level":0}