{"gold_per_floor":[115,70,70,20,38,66,66,66,66,66,81,93,110,40,40,137,137,150,162,182,182,32,32,94,94,94,110,125,125,135,155,155,155],"floor_reached":33,"playtime":1581,"items_purged":["Defend_R"],"score":394,"play_id":"08907603-5080-4c29-abab-bf2a1034138e","local_time":"20180708220027","daily_mods":["Heirloom"],"is_ascension_mode":false,"campfire_choices":[{"floor":8.0,"key":"REST"},{"data":"Flex","floor":15.0,"key":"SMITH"},{"floor":23,"key":"REST"},{"floor":25,"key":"REST"},{"floor":32,"key":"REST"}],"neow_cost":"","seed_source_timestamp":0,"circlet_count":0,"master_deck":["Strike_R","Strike_R","Defend_R","Defend_R","Defend_R+1","Flex","Flex+1","Cleave","Shrug It Off","Sword Boomerang","Seeing Red","Clash","Flex+1","Shrug It Off","Metallicize","Spot Weakness+1","Clash"],"special_seed":0,"relics":["Unceasing Top","Mango","War Paint","Thread and Needle","Empty Cage","Tiny Chest","Bottled Flame"],"potions_floor_usage":[20,24,30,31],"damage_taken":[{"damage":5.0,"enemies":"2 Louse","floor":1.0,"turns":3.0},{"damage":3.0,"enemies":"Jaw Worm","floor":5.0,"turns":4.0},{"damage":45.0,"enemies":"Gremlin Nob","floor":6.0,"turns":5.0},{"damage":0.0,"enemies":"Cultist","floor":11.0,"turns":3.0},{"damage":0.0,"enemies":"Blue Slaver","floor":12.0,"turns":4.0},{"damage":0.0,"enemies":"Gremlin Gang","floor":13.0,"turns":2.0},{"damage":49.0,"enemies":"Hexaghost","floor":16.0,"turns":11.0},{"damage":26.0,"enemies":"Chosen","floor":18.0,"turns":7.0},{"damage":11,"enemies":"3 Byrds","floor":19,"turns":5},{"damage":56,"enemies":"Slaver and Parasite","floor":20,"turns":16},{"damage":32,"enemies":"Gremlin Leader","floor":24,"turns":6},{"damage":10,"enemies":"Snecko","floor":27,"turns":7},{"damage":11,"enemies":"3 Cultists","floor":28,"turns":5},{"damage":8,"enemies":"Cultist and Chosen","floor":30,"turns":6},{"damage":7,"enemies":"Snecko","floor":31,"turns":6},{"damage":74,"enemies":"Collector","floor":33,"turns":9}],"seed_played":"8523317570940955975","potions_obtained":[{"floor":5.0,"key":"PowerPotion"},{"floor":6.0,"key":"Swift Potion"},{"floor":12.0,"key":"SkillPotion"},{"floor":13.0,"key":"FearPotion"},{"floor":19,"key":"SkillPotion"},{"floor":20,"key":"FearPotion"},{"floor":28,"key":"GamblersBrew"},{"floor":30,"key":"SkillPotion"}],"is_trial":true,"path_per_floor":["M","$","?","?","M","E","?","R","T","?","M","M","M","$","R","B",null,"M","M","M","?","$","R","E","R","T","M","M","?","M","M","R"],"character_chosen":"IRONCLAD","items_purchased":["Flex","Clash","Flex","Metallicize"],"campfire_rested":4,"item_purchase_floors":[],"current_hp_per_floor":[89,89,94,94,91,46,46,75,75,75,75,75,75,75,75,26,99,73,62,6,6,6,35,3,32,32,22,11,44,36,29,58,0],"gold":155,"neow_bonus":"","is_prod":false,"is_daily":false,"chose_seed":false,"campfire_upgraded":1,"win_rate":0,"timestamp":1531051227,"path_taken":["M","$","?","?","M","E","?","R","T","?","?","M","M","?","R","BOSS","M","M","M","?","?","R","E","R","T","?","?","?","?","M","R","BOSS"],"build_version":"2018-07-05","purchased_purges":1,"victory":false,"max_hp_per_floor":[94,94,99,99,99,99,99,99,99,99,99,99,99,99,99,99,99,99,99,99,99,99,99,99,99,99,99,99,99,99,99,99,99],"card_choices":[{"not_picked":["Warcry","Shockwave","Clothesline"],"picked":"SKIP","floor":1.0},{"not_picked":["Inflame","Shrug It Off"],"picked":"Flex","floor":5.0},{"not_picked":["Sever Soul","Corruption"],"picked":"Cleave","floor":6.0},{"not_picked":["Blood for Blood","Sever Soul"],"picked":"Shrug It Off","floor":11.0},{"not_picked":["Entrench","Sword Boomerang","Clothesline"],"picked":"SKIP","floor":12.0},{"not_picked":["Entrench","Clothesline"],"picked":"Sword Boomerang","floor":12.0},{"not_picked":["Warcry","Bloodletting"],"picked":"Seeing Red","floor":13.0},{"not_picked":["Headbutt","Evolve+1","Rupture+1"],"picked":"SKIP","floor":18},{"not_picked":["Sentinel+1","Clothesline"],"picked":"Shrug It Off","floor":19},{"not_picked":["Armaments","True Grit","Warcry"],"picked":"SKIP","floor":20},{"not_picked":["Armaments+1","Heavy Blade","Reaper"],"picked":"SKIP","floor":24},{"not_picked":["Fire Breathing+1","Burning Pact"],"picked":"Spot Weakness+1","floor":27},{"not_picked":["Searing Blow","Clothesline"],"picked":"Clash","floor":28},{"not_picked":["Heavy Blade","Sword Boomerang","Rupture"],"picked":"SKIP","floor":30},{"not_picked":["Havoc+1","Sword Boomerang","Twin Strike"],"picked":"SKIP","floor":31}],"player_experience":482575,"relics_obtained":[{"floor":6.0,"key":"War Paint"},{"floor":9.0,"key":"Thread and Needle"},{"floor":24,"key":"Tiny Chest"},{"floor":26,"key":"Bottled Flame"}],"event_choices":[{"event_name":"Big Fish","player_choice":"Donut","floor":3.0,"damage_taken":0.0},{"event_name":"The Cleric","player_choice":"Card Removal","floor":4.0,"damage_taken":0.0},{"event_name":"Liars Game","player_choice":"disagreed","floor":7.0,"damage_taken":0.0},{"event_name":"Bonfire Elementals","player_choice":"BASIC","floor":10.0,"damage_taken":0.0},{"event_name":"Drug Dealer","player_choice":"Ignored","floor":21,"damage_taken":0},{"event_name":"The Library","player_choice":"Heal","floor":29,"damage_taken":0}],"boss_relics":[{"not_picked":["Black Star","Runic Pyramid"],"picked":"Empty Cage"}],"items_purged_floors":[22],"is_endless":true,"potions_floor_spawned":[5,6,12,13,19,20,28,30],"killed_by":"Collector","ascension_level":0}