{"gold_per_floor":[16,91,16,16,35,35,54,54,104,104,116,135,154,154,154,154],"floor_reached":16,"playtime":447,"items_purged":[],"score":161,"play_id":"6d69f8f7-a14c-46d6-9128-ec902fae4389","local_time":"20180728163031","is_ascension_mode":true,"campfire_choices":[{"floor":6,"key":"DIG"},{"floor":10,"key":"DIG"},{"floor":15,"key":"DIG"}],"neow_cost":"NO_GOLD","seed_source_timestamp":359135616864652,"circlet_count":0,"master_deck":["Strike_B","Strike_B","Strike_B","Defend_B","Defend_B+1","Defend_B","Defend_B","Zap","Dualcast+1","AscendersBane","Loop+1","Capacitor","Cold Snap","Go for the Eyes","Compile Driver","Parasite"],"relics":["Cracked Core","Shovel","War Paint","Regal Pillow","Ornamental Fan","Art of War"],"potions_floor_usage":[16],"damage_taken":[{"damage":12,"enemies":"Small Slimes","floor":1,"turns":4},{"damage":5,"enemies":"2 Louse","floor":5,"turns":4},{"damage":6,"enemies":"Cultist","floor":7,"turns":3},{"damage":18,"enemies":"3 Louse","floor":11,"turns":3},{"damage":2,"enemies":"Blue Slaver","floor":12,"turns":3},{"damage":2,"enemies":"Looter","floor":13,"turns":3},{"damage":30,"enemies":"Slime Boss","floor":16,"turns":13}],"seed_played":"5359774211484121091","potions_obtained":[{"floor":12,"key":"FocusPotion"}],"is_trial":false,"path_per_floor":["M","?","?","$","M","R","M","?","T","R","M","M","M","?","R"],"character_chosen":"DEFECT","items_purchased":[],"campfire_rested":0,"item_purchase_floors":[],"current_hp_per_floor":[52,41,41,41,36,36,30,30,30,30,12,10,8,25,25,0],"gold":154,"neow_bonus":"ONE_RARE_RELIC","is_prod":false,"is_daily":false,"chose_seed":false,"campfire_upgraded":0,"win_rate":0,"timestamp":1532763031,"path_taken":["M","?","?","$","M","R","M","?","T","R","?","M","M","?","R","BOSS"],"build_version":"2018-07-26","purchased_purges":0,"victory":false,"max_hp_per_floor":[71,71,71,71,71,71,71,71,71,71,71,71,71,71,71,71],"card_choices":[{"not_picked":["Steam","Steam Power"],"picked":"Loop","floor":1},{"not_picked":["Static Discharge","Coolheaded"],"picked":"Capacitor","floor":5},{"not_picked":["Darkness","Streamline"],"picked":"Cold Snap","floor":7},{"not_picked":["Turbo","Static Discharge"],"picked":"Go for the Eyes","floor":11},{"not_picked":["Coolheaded","FTL"],"picked":"Compile Driver","floor":12},{"not_picked":["Streamline","Stack","Creative AI"],"picked":"SKIP","floor":13}],"player_experience":561115,"relics_obtained":[{"floor":6,"key":"War Paint"},{"floor":9,"key":"Regal Pillow"},{"floor":10,"key":"Ornamental Fan"},{"floor":15,"key":"Art of War"}],"event_choices":[{"event_name":"World of Goop","player_choice":"Gather Gold","floor":2,"damage_taken":0},{"event_name":"The Cleric","player_choice":"Card Removal","floor":3,"damage_taken":0},{"event_name":"Living Wall","player_choice":"Grow","floor":8,"damage_taken":0},{"event_name":"Mushrooms","player_choice":"Healed and dodged fight","floor":14,"damage_taken":0}],"is_beta":false,"boss_relics":[],"items_purged_floors":[],"is_endless":false,"potions_floor_spawned":[12],"killed_by":"Slime Boss","ascension_level":15}