{"gold_per_floor":[118,193,193,211,223,250,250,250,250,250,34,47,47,47],"floor_reached":14,"playtime":298,"items_purged":[],"score":176,"play_id":"5a52d8ea-2d1e-4742-a6cd-a6ec07e91570","local_time":"20190305200612","is_ascension_mode":true,"campfire_choices":[{"data":"Noxious Fumes","floor":7.0,"key":"SMITH"},{"data":"Survivor","floor":10.0,"key":"SMITH"}],"neow_cost":"NONE","seed_source_timestamp":337875860992641,"circlet_count":0,"master_deck":["AscendersBane","Defend_G","Defend_G","Defend_G","Defend_G","Defend_G","Strike_G","Strike_G","Strike_G","Survivor+1","Neutralize","Noxious Fumes+1","Sucker Punch"],"special_seed":0,"relics":["Coffee Dripper","Smiling Mask","Frozen Egg 2","Toy Ornithopter"],"potions_floor_usage":[],"damage_taken":[{"damage":6.0,"enemies":"Jaw Worm","floor":1.0,"turns":6.0},{"damage":1.0,"enemies":"Small Slimes","floor":4.0,"turns":4.0},{"damage":0.0,"enemies":"Cultist","floor":5.0,"turns":5.0},{"damage":26.0,"enemies":"Gremlin Nob","floor":6.0,"turns":4.0},{"damage":0,"enemies":"3 Louse","floor":12,"turns":4},{"damage":8,"enemies":"Exordium Wildlife","floor":14,"turns":1}],"seed_played":"3449336662303249523","potions_obtained":[{"floor":4.0,"key":"AttackPotion"},{"floor":5.0,"key":"FearPotion"}],"is_trial":false,"path_per_floor":["M","?","?","M","M","E","R","?","T","R","$","M","?","M"],"character_chosen":"THE_SILENT","items_purchased":["Toy Ornithopter"],"campfire_rested":0,"item_purchase_floors":[11],"current_hp_per_floor":[53,42,42,41,41,15,15,8,8,8,8,8,8,0],"gold":47,"neow_bonus":"BOSS_RELIC","is_prod":false,"is_daily":false,"chose_seed":false,"campfire_upgraded":2,"win_rate":0,"timestamp":1551845172,"path_taken":["M","?","?","?","M","E","R","?","T","R","?","M","?","M"],"build_version":"2019-01-23","purchased_purges":0,"victory":false,"max_hp_per_floor":[66,66,66,66,66,66,66,66,66,66,66,66,66,66],"card_choices":[{"not_picked":["Blade Dance","Dagger Throw","Dagger Spray"],"picked":"SKIP","floor":1.0},{"not_picked":["Acrobatics","Expertise"],"picked":"Noxious Fumes","floor":4.0},{"not_picked":["Underhanded Strike","Acrobatics"],"picked":"Sucker Punch","floor":5.0},{"not_picked":["Outmaneuver","Night Terror","Terror"],"picked":"SKIP","floor":6.0},{"not_picked":["Dodge and Roll","Bane","Flechettes"],"picked":"SKIP","floor":12}],"player_experience":739364,"relics_obtained":[{"floor":6.0,"key":"Smiling Mask"},{"floor":9.0,"key":"Frozen Egg 2"}],"event_choices":[{"damage_healed":0.0,"max_hp_gain":0.0,"max_hp_loss":0.0,"gold_gain":75.0,"event_name":"World of Goop","player_choice":"Gather Gold","floor":2.0,"gold_loss":0.0,"damage_taken":11.0},{"cards_removed":["Strike_G"],"damage_healed":0.0,"max_hp_gain":0.0,"max_hp_loss":0.0,"gold_gain":0.0,"event_name":"Purifier","player_choice":"Purged","floor":3.0,"gold_loss":0.0,"damage_taken":0.0},{"cards_removed":["Strike_G"],"damage_healed":0.0,"max_hp_gain":0.0,"max_hp_loss":0.0,"gold_gain":0.0,"event_name":"Golden Wing","player_choice":"Card Removal","floor":8.0,"gold_loss":0.0,"damage_taken":7.0},{"damage_healed":0,"gold_gain":0,"player_choice":"Ignored","damage_taken":0,"max_hp_gain":0,"max_hp_loss":0,"event_name":"Shining Light","floor":13,"gold_loss":0}],"is_beta":false,"boss_relics":[],"items_purged_floors":[],"is_endless":false,"potions_floor_spawned":[4,5],"killed_by":"Exordium Wildlife","ascension_level":20}