{"gold_per_floor":[218,231,248,53,63,63,77,77,77,107,107,282,282,282,282,353,353,370,112,0,15,28,28,48,48,48,48,66,66,84,99,99,178,178,189,21,38,56,56,56,75,75,75,75,88,88,88,120,120,120],"floor_reached":50,"playtime":2619,"items_purged":["Strike_R","Parasite"],"score":782,"play_id":"5d8ef9fd-589b-4804-a11f-7dc85c446dd0","local_time":"20181116124910","is_ascension_mode":true,"campfire_choices":[{"data":"True Grit","floor":6,"key":"SMITH"},{"data":"Uppercut","floor":8,"key":"SMITH"},{"data":"Metallicize","floor":13,"key":"SMITH"},{"data":"Shrug It Off","floor":15,"key":"SMITH"},{"data":"Rampage","floor":23,"key":"SMITH"},{"data":"Mayhem","floor":29,"key":"SMITH"},{"data":"Armaments","floor":32,"key":"SMITH"},{"data":"Disarm","floor":40,"key":"SMITH"},{"data":"Transmutation","floor":47,"key":"SMITH"},{"floor":49,"key":"REST"}],"neow_cost":"NONE","seed_source_timestamp":95152042523914,"circlet_count":0,"master_deck":["AscendersBane","Strike_R","Strike_R","Defend_R","Defend_R","Defend_R","Defend_R","Bash","True Grit+1","Metallicize+1","Pommel Strike","Uppercut+1","Headbutt","Uppercut+1","Shrug It Off+1","Dual Wield","Double Tap","Flame Barrier","Mayhem+1","Carnage","Rampage+1","Headbutt","Corruption","Armaments+1","Fiend Fire","Disarm+1","Sentinel","Seeing Red","Transmutation+1","Secret Weapon","Writhe","Writhe","Headbutt+1"],"relics":["Burning Blood","Oddly Smooth Stone","Matryoshka","Thread and Needle","Cursed Key","Happy Flower","Orichalcum","Philosopher\u0027s Stone","Shuriken","Red Skull","Letter Opener"],"potions_floor_usage":[3,16,24,28,33,33,41,48,50],"damage_taken":[{"damage":2,"enemies":"2 Louse","floor":1,"turns":3},{"damage":1,"enemies":"Cultist","floor":2,"turns":4},{"damage":2,"enemies":"Small Slimes","floor":3,"turns":5},{"damage":33,"enemies":"Gremlin Gang","floor":5,"turns":9},{"damage":6,"enemies":"3 Louse","floor":7,"turns":5},{"damage":28,"enemies":"Lagavulin","floor":10,"turns":6},{"damage":23,"enemies":"Hexaghost","floor":16,"turns":13},{"damage":16,"enemies":"2 Thieves","floor":18,"turns":5},{"damage":0,"enemies":"Shell Parasite","floor":21,"turns":6},{"damage":20,"enemies":"3 Cultists","floor":22,"turns":7},{"damage":1,"enemies":"Centurion and Healer","floor":24,"turns":7},{"damage":8,"enemies":"Snake Plant","floor":28,"turns":6},{"damage":1,"enemies":"Chosen and Byrds","floor":30,"turns":4},{"damage":24,"enemies":"Cultist and Chosen","floor":31,"turns":7},{"damage":33,"enemies":"Collector","floor":33,"turns":7},{"damage":9,"enemies":"Orb Walker","floor":35,"turns":3},{"damage":1,"enemies":"3 Darklings","floor":37,"turns":7},{"damage":21,"enemies":"Transient","floor":38,"turns":5},{"damage":14,"enemies":"4 Shapes","floor":41,"turns":7},{"damage":17,"enemies":"Spire Growth","floor":45,"turns":6},{"damage":39,"enemies":"Reptomancer","floor":48,"turns":5},{"damage":46,"enemies":"Awakened One","floor":50,"turns":4}],"seed_played":"-3872747084654676305","potions_obtained":[{"floor":2,"key":"Fruit Juice"},{"floor":10,"key":"GamblersBrew"},{"floor":16,"key":"Weak Potion"},{"floor":22,"key":"BloodPotion"},{"floor":24,"key":"Explosive Potion"},{"floor":30,"key":"Fire Potion"},{"floor":37,"key":"FearPotion"},{"floor":38,"key":"Block Potion"},{"floor":41,"key":"EssenceOfSteel"}],"is_trial":false,"path_per_floor":["M","M","M","$","M","R","M","R","T","E","?","?","R","?","R","B",null,"M","$","?","M","M","R","M","?","T","$","M","R","M","M","R","B",null,"M","$","M","M","?","R","M","?","T","?","M","$","R","E","R","B"],"character_chosen":"IRONCLAD","items_purchased":["Uppercut","Oddly Smooth Stone","Mayhem","Disarm"],"campfire_rested":1,"item_purchase_floors":[4,4,19,36],"current_hp_per_floor":[76,80,85,85,58,58,58,58,58,36,36,36,36,36,36,19,69,59,59,59,65,51,51,64,64,64,64,62,62,67,49,49,22,69,66,66,71,56,51,51,43,64,64,64,53,53,53,20,44,0],"gold":120,"neow_bonus":"HUNDRED_GOLD","is_prod":false,"is_daily":false,"chose_seed":false,"campfire_upgraded":9,"win_rate":0,"timestamp":1542390550,"path_taken":["M","M","M","$","M","R","M","R","T","E","?","?","R","?","R","BOSS","M","$","?","M","M","R","M","?","T","$","M","R","?","M","R","BOSS","M","$","?","M","?","R","M","?","T","?","M","$","R","E","R","BOSS"],"build_version":"2018-11-15","purchased_purges":2,"victory":false,"max_hp_per_floor":[80,80,85,85,85,85,85,85,85,85,85,85,85,85,85,85,85,85,85,85,85,85,85,85,85,85,85,85,85,85,85,85,85,85,85,82,82,82,82,82,82,82,82,82,82,82,82,82,82,82],"card_choices":[{"not_picked":["Havoc","Flex"],"picked":"True Grit","floor":1},{"not_picked":["Iron Wave","Flex"],"picked":"Metallicize","floor":2},{"not_picked":["Flex","Thunderclap"],"picked":"Pommel Strike","floor":3},{"not_picked":["Warcry","Blood for Blood"],"picked":"Headbutt","floor":5},{"not_picked":["Warcry","Clothesline"],"picked":"Uppercut","floor":7},{"not_picked":["Seeing Red","Sword Boomerang"],"picked":"Shrug It Off","floor":10},{"not_picked":["Dark Embrace","Berserk"],"picked":"Double Tap","floor":16},{"not_picked":["Armaments","Thunderclap"],"picked":"Flame Barrier","floor":18},{"not_picked":["Sword Boomerang","Perfected Strike"],"picked":"Carnage","floor":21},{"not_picked":["Clash","Combust"],"picked":"Rampage","floor":22},{"not_picked":["Combust","Spot Weakness"],"picked":"Headbutt","floor":24},{"not_picked":["Anger","Bloodletting","Havoc"],"picked":"SKIP","floor":28},{"not_picked":["Bloodletting","Sever Soul"],"picked":"Corruption","floor":30},{"not_picked":["Cleave","Flex"],"picked":"Armaments","floor":31},{"not_picked":["Demon Form","Immolate"],"picked":"Fiend Fire","floor":33},{"not_picked":["Power Through","Thunderclap","Rage"],"picked":"SKIP","floor":35},{"not_picked":["Cleave","True Grit"],"picked":"Sentinel","floor":37},{"not_picked":["True Grit","Havoc+1"],"picked":"Seeing Red","floor":38},{"not_picked":["Good Instincts","Swift Strike"],"picked":"Transmutation","floor":39},{"not_picked":["Transmutation","Bandage Up"],"picked":"Secret Weapon","floor":39},{"not_picked":["Headbutt+1","Cleave","Shrug It Off"],"picked":"SKIP","floor":41},{"not_picked":["Headbutt+1","Cleave","Shrug It Off"],"picked":"SKIP","floor":41},{"not_picked":["Shrug It Off","Havoc"],"picked":"Headbutt+1","floor":45},{"not_picked":["Immolate","Iron Wave","Twin Strike"],"picked":"SKIP","floor":48}],"player_experience":380884,"relics_obtained":[{"floor":9,"key":"Matryoshka"},{"floor":10,"key":"Thread and Needle"},{"floor":26,"key":"Happy Flower"},{"floor":26,"key":"Orichalcum"},{"floor":43,"key":"Shuriken"},{"floor":43,"key":"Red Skull"},{"floor":48,"key":"Letter Opener"}],"event_choices":[{"damage_healed":0,"gold_gain":0,"cards_transformed":["Strike_R"],"player_choice":"Change","damage_taken":0,"max_hp_gain":0,"max_hp_loss":0,"event_name":"Living Wall","floor":11,"gold_loss":0,"cards_obtained":["Dual Wield"]},{"damage_healed":0,"gold_gain":175,"player_choice":"AGREE","damage_taken":0,"max_hp_gain":0,"max_hp_loss":0,"event_name":"Liars Game","floor":12,"gold_loss":0,"cards_obtained":["Doubt"]},{"damage_healed":0,"gold_gain":0,"player_choice":"Forge","damage_taken":0,"max_hp_gain":0,"max_hp_loss":0,"event_name":"Accursed Blacksmith","floor":14,"gold_loss":0,"cards_upgraded":["Uppercut"]},{"damage_healed":0,"gold_gain":0,"player_choice":"Paid Fearfully","damage_taken":0,"max_hp_gain":0,"max_hp_loss":0,"event_name":"Masked Bandits","floor":20,"gold_loss":112},{"cards_removed":["Doubt"],"damage_healed":0,"gold_gain":0,"player_choice":"Purged","damage_taken":0,"max_hp_gain":0,"max_hp_loss":0,"event_name":"Purifier","floor":25,"gold_loss":0},{"damage_healed":0,"gold_gain":0,"player_choice":"Memory 2","damage_taken":5,"max_hp_gain":0,"max_hp_loss":0,"event_name":"SensoryStone","floor":39,"gold_loss":0},{"damage_healed":21,"gold_gain":0,"player_choice":"Writhe","damage_taken":0,"max_hp_gain":0,"max_hp_loss":0,"event_name":"Winding Halls","floor":42,"gold_loss":0,"cards_obtained":["Writhe"]},{"cards_removed":["Strike_R"],"damage_healed":0,"gold_gain":0,"player_choice":"Removed Attack","damage_taken":0,"max_hp_gain":0,"max_hp_loss":0,"event_name":"Falling","floor":44,"gold_loss":0}],"is_beta":true,"boss_relics":[{"not_picked":["Runic Pyramid","Tiny House"],"picked":"Cursed Key"},{"not_picked":["Orrery","White Beast Statue"],"picked":"Philosopher\u0027s Stone"}],"items_purged_floors":[19,36],"is_endless":false,"potions_floor_spawned":[2,10,16,22,24,30,37,38,41],"killed_by":"Awakened One","ascension_level":13}