{"path_per_floor":["M","?","M","M","$","R","E","R","T","E","M","E","?","?","R","B",null,"M","?","$","M","M","R","$","?","T","R","E","R","E","?","R","B",null,"M","?","?","M","M","E","$","E","T","R","M","M","M","M","R","B"],"character_chosen":"DEFECT","items_purchased":["Matryoshka","Question Card","Lantern","DataDisk","Ancient Tea Set"],"gold_per_floor":[362,362,378,397,70,70,105,105,105,136,153,182,282,303,303,404,404,422,422,161,172,184,184,28,28,52,52,87,87,114,39,39,140,140,160,160,260,277,288,315,17,46,46,46,61,74,86,104,104,104],"floor_reached":51,"campfire_rested":0,"playtime":4266,"current_hp_per_floor":[73,73,73,72,72,72,55,55,55,44,41,31,31,44,44,26,75,72,37,37,37,37,37,37,37,37,37,37,37,31,31,31,33,37,37,32,32,34,36,37,37,37,37,37,37,36,37,37,37,37],"items_purged":["Injury"],"gold":104,"score":963,"play_id":"81269bda-7dfa-4f27-ad2a-c153259cc053","local_time":"20180507002328","is_prod":false,"is_daily":false,"chose_seed":false,"is_ascension_mode":false,"campfire_upgraded":9,"timestamp":1525645408,"path_taken":["M","?","M","?","$","R","E","R","T","E","M","E","?","?","R","BOSS","M","?","$","M","M","R","?","?","T","R","E","R","E","?","R","BOSS","M","?","?","M","M","E","$","E","T","R","M","M","M","M","R","BOSS"],"build_version":"2018-05-03","seed_source_timestamp":51473003212764,"purchased_purges":1,"victory":true,"master_deck":["Strike_B","Strike_B","Strike_B","Defend_B","Defend_B","Defend_B","Defend_B","Zap+1","Dualcast+1","Cold Snap","Genetic Algorithm","Go for the Eyes+1","Chill+1","Glacier","Meteor Strike","Echo Form+1","Coolheaded+1","Ghostly","Ghostly","Ghostly","Ghostly","Ghostly","Genetic Algorithm","Defragment+1","Creative AI+1","Double Energy+1","Madness","Madness","Double Energy+1","Double Energy+1","Echo Form","Defragment+1","Hologram+1"],"max_hp_per_floor":[75,75,75,75,75,75,75,75,75,75,75,75,75,75,75,75,75,75,37,37,37,37,37,37,37,37,37,37,37,37,37,37,37,37,37,37,37,37,37,37,37,37,37,37,37,37,37,37,37,37],"relics":["Cracked Core","Matryoshka","Dead Branch","Juzu Bracelet","Ice Cream","Blood Vial","Anchor","Odd Mushroom","Inserter","Question Card","Lantern","Oddly Smooth Stone","Bronze Scales","Bottled Tornado","Thread and Needle","Sozu","Bag of Marbles","DataDisk","Ancient Tea Set","Art of War","Vajra"],"card_choices":[{"not_picked":["Hologram","Skim"],"picked":"Cold Snap","floor":1},{"not_picked":["Rebound","BootSequence"],"picked":"Genetic Algorithm","floor":4},{"not_picked":["Axe Kick","Aggregate"],"picked":"Go for the Eyes","floor":7},{"not_picked":["Capacitor","FTL"],"picked":"Chill","floor":10},{"not_picked":["Streamline","Leap"],"picked":"Glacier","floor":11},{"not_picked":["Glacier","Reprogram"],"picked":"Meteor Strike","floor":14},{"not_picked":["Hyperbeam","All For One"],"picked":"Echo Form","floor":16},{"not_picked":["Capacitor","Cold Snap"],"picked":"Coolheaded","floor":18},{"not_picked":["Aggregate","Conserve Battery","Glacier"],"picked":"Genetic Algorithm","floor":21},{"not_picked":["Meteor Strike","Rebound","Leap"],"picked":"Defragment","floor":30},{"not_picked":["Redo","Fusion","Meteor Strike"],"picked":"Creative AI","floor":33},{"not_picked":["Chaos","Darkness","Gash"],"picked":"Double Energy","floor":35},{"not_picked":["Impulse","Cold Snap","Coolheaded"],"picked":"Double Energy","floor":38},{"not_picked":["Ball Lightning","Glacier","Axe Kick"],"picked":"Double Energy","floor":39},{"not_picked":["Glacier","Turbo","Conserve Battery"],"picked":"Echo Form","floor":42},{"not_picked":["Turbo","Ball Lightning","Barrage"],"picked":"Defragment","floor":45},{"not_picked":["Sweeping Beam","Turbo","Ball Lightning"],"picked":"Hologram","floor":47}],"player_experience":526773,"potions_floor_usage":[7,12,14,16,33,50],"damage_taken":[{"damage":2,"enemies":"Small Slimes","floor":1,"turns":3},{"damage":0,"enemies":"Cultist","floor":3,"turns":3},{"damage":1,"enemies":"2 Louse","floor":4,"turns":3},{"damage":17,"enemies":"3 Sentries","floor":7,"turns":8},{"damage":11,"enemies":"Lagavulin","floor":10,"turns":8},{"damage":5,"enemies":"Gremlin Gang","floor":11,"turns":4},{"damage":12,"enemies":"Gremlin Nob","floor":12,"turns":4},{"damage":1,"enemies":"The Mushroom Lair","floor":14,"turns":5},{"damage":20,"enemies":"The Guardian","floor":16,"turns":13},{"damage":3,"enemies":"Chosen","floor":18,"turns":5},{"damage":0,"enemies":"3 Byrds","floor":21,"turns":7},{"damage":0,"enemies":"3 Cultists","floor":22,"turns":7},{"damage":0,"enemies":"Gremlin Leader","floor":28,"turns":10},{"damage":6,"enemies":"Slavers","floor":30,"turns":7},{"damage":0,"enemies":"Automaton","floor":33,"turns":10},{"damage":0,"enemies":"Orb Walker","floor":35,"turns":5},{"damage":0,"enemies":"Flame Bruiser 1 Orb","floor":38,"turns":6},{"damage":0,"enemies":"Spire Growth","floor":39,"turns":5},{"damage":0,"enemies":"Nemesis","floor":40,"turns":5},{"damage":0,"enemies":"2 Orb Walkers","floor":42,"turns":6},{"damage":0,"enemies":"3 Darklings","floor":45,"turns":4},{"damage":1,"enemies":"4 Shapes","floor":46,"turns":6},{"damage":0,"enemies":"Flame Bruiser 2 Orb","floor":47,"turns":8},{"damage":0,"enemies":"3 Darklings","floor":48,"turns":4},{"damage":0,"enemies":"Time Eater","floor":50,"turns":5}],"event_choices":[{"event_name":"The Lab","player_choice":"Got Potions","floor":2,"damage_taken":0},{"event_name":"Golden Shrine","player_choice":"Pray","floor":13,"damage_taken":0},{"event_name":"Mushrooms","player_choice":"Fought Mushrooms","floor":14,"damage_taken":0},{"event_name":"Ghosts","player_choice":"Became a Ghost","floor":19,"damage_taken":0},{"event_name":"The Mausoleum","player_choice":"No","floor":25,"damage_taken":0},{"event_name":"Beggar","player_choice":"Gave Gold","floor":31,"damage_taken":0},{"event_name":"Winding Halls","player_choice":"Embrace Madness","floor":36,"damage_taken":0},{"event_name":"Golden Shrine","player_choice":"Pray","floor":37,"damage_taken":0}],"boss_relics":[{"not_picked":["Eternal Feather","Runic Dome"],"picked":"Inserter"},{"not_picked":["Philosopher\u0027s Stone","Lizard Tail"],"picked":"Sozu"}],"potions_floor_spawned":[10,11,14,16,22,28,38,42,47,48],"seed_played":"-5323913086106753963","ascension_level":0,"is_trial":false}