{"gold_per_floor":[113,128,145,172,172,207,220,60,60,90,90,90,108,121,121,196,196,210,38,55,85,95,120,120,132,156,6,6,6,6,17,17,96,96,115,133,148,158,380,380],"floor_reached":40,"playtime":4078,"items_purged":["Defend_G","Pain","Writhe"],"score":718,"play_id":"2a86c286-f632-4cd3-bdc3-f5cfff77ce9c","local_time":"20190214034716","is_ascension_mode":true,"campfire_choices":[{"data":"After Image","floor":11.0,"key":"SMITH"},{"data":"Infinite Blades","floor":15.0,"key":"SMITH"},{"floor":30.0,"key":"REST"},{"data":"Cloak And Dagger","floor":32.0,"key":"SMITH"}],"neow_cost":"TEN_PERCENT_HP_LOSS","seed_source_timestamp":0,"circlet_count":0,"master_deck":["AscendersBane","Defend_G+1","Defend_G+1","Strike_G","Strike_G","Survivor","Neutralize","Slice","Dodge and Roll","Deflect","After Image+1","Escape Plan","Backflip","Infinite Blades+1","Dagger Throw","Caltrops","Finisher","Glass Knife","Parasite","PiercingWail","Footwork","Backflip","Calculated Gamble","Cloak And Dagger","Accuracy","Dagger Throw","Doppelganger","Flying Knee+1","Cloak And Dagger","Accuracy","Cloak And Dagger+1","Phantasmal Killer","Flechettes+1","Blade Dance+1","Parasite"],"special_seed":0,"relics":["Ring of the Snake","War Paint","Blood Vial","Pen Nib","Dream Catcher","Happy Flower","Calling Bell","Regal Pillow","Matryoshka","WingedGreaves","Red Mask","Snake Skull","Darkstone Periapt","Strawberry","Runic Pyramid"],"potions_floor_usage":[],"damage_taken":[{"damage":1.0,"enemies":"Cultist","floor":1.0,"turns":5.0},{"damage":0.0,"enemies":"2 Louse","floor":2.0,"turns":4.0},{"damage":2.0,"enemies":"Jaw Worm","floor":3.0,"turns":5.0},{"damage":22.0,"enemies":"Gremlin Nob","floor":6.0,"turns":5.0},{"damage":0.0,"enemies":"Exordium Thugs","floor":7.0,"turns":7.0},{"damage":11.0,"enemies":"Lagavulin","floor":10.0,"turns":10.0},{"damage":0.0,"enemies":"Looter","floor":13.0,"turns":3.0},{"damage":0.0,"enemies":"2 Fungi Beasts","floor":14.0,"turns":4.0},{"damage":6.0,"enemies":"Slime Boss","floor":16.0,"turns":8.0},{"damage":3.0,"enemies":"Shell Parasite","floor":18.0,"turns":4.0},{"damage":16.0,"enemies":"Spheric Guardian","floor":20.0,"turns":4.0},{"damage":17.0,"enemies":"Masked Bandits","floor":21.0,"turns":5.0},{"damage":0.0,"enemies":"Shelled Parasite and Fungi","floor":22.0,"turns":7.0},{"damage":15.0,"enemies":"Slavers","floor":23.0,"turns":9.0},{"damage":13.0,"enemies":"Snecko","floor":25.0,"turns":6.0},{"damage":6.0,"enemies":"Centurion and Healer","floor":31.0,"turns":8.0},{"damage":40.0,"enemies":"Champ","floor":33.0,"turns":12.0},{"damage":10.0,"enemies":"3 Darklings","floor":35.0,"turns":7.0},{"damage":0.0,"enemies":"Orb Walker","floor":36.0,"turns":3.0},{"damage":17.0,"enemies":"Sphere and 2 Shapes","floor":37.0,"turns":6.0},{"damage":15.0,"enemies":"Writhing Mass","floor":38.0,"turns":10.0},{"damage":32,"enemies":"Reptomancer","floor":40,"turns":2}],"seed_played":"-5904565755030771698","potions_obtained":[{"floor":3.0,"key":"Poison Potion"},{"floor":6.0,"key":"Poison Potion"},{"floor":10.0,"key":"Strength Potion"},{"floor":16.0,"key":"SpeedPotion"},{"floor":20.0,"key":"PowerPotion"},{"floor":22.0,"key":"Ancient Potion"},{"floor":23.0,"key":"Dexterity Potion"},{"floor":37.0,"key":"Swift Potion"}],"is_trial":false,"path_per_floor":["M","M","M","T","?","E","M","$","T","E","R","T","M","M","R","B",null,"M","$","M","?","M","E","?","M","T","$","?","$","R","M","R","B",null,"M","M","M","M","?","E"],"character_chosen":"THE_SILENT","items_purchased":["Backflip","Infinite Blades","Footwork","Cloak And Dagger"],"campfire_rested":1,"item_purchase_floors":[8,8,19,27],"current_hp_per_floor":[62,62,60,60,53,31,33,33,33,24,24,24,26,28,28,24,53,52,52,38,23,25,12,12,1,8,8,8,8,44,40,40,2,53,45,47,32,25,25,0],"gold":380,"neow_bonus":"REMOVE_TWO","is_prod":false,"is_daily":false,"chose_seed":false,"campfire_upgraded":3,"win_rate":0,"timestamp":1550134036,"path_taken":["M","M","M","?","?","E","?","$","T","E","R","?","M","M","R","BOSS","M","$","M","?","M","E","?","M","T","$","?","?","R","M","R","BOSS","M","M","M","M","?","E"],"build_version":"2019-01-23","purchased_purges":3,"victory":false,"max_hp_per_floor":[63,63,63,63,63,63,63,63,63,63,63,63,63,63,63,63,63,63,63,63,63,63,63,63,63,70,70,70,70,70,70,70,70,70,70,70,70,76,76,76],"card_choices":[{"not_picked":["Poisoned Stab","Choke"],"picked":"Slice","floor":1.0},{"not_picked":["Underhanded Strike","Distraction"],"picked":"Dodge and Roll","floor":2.0},{"not_picked":["Catalyst","Deadly Poison"],"picked":"Deflect","floor":3.0},{"not_picked":["Deadly Poison","Calculated Gamble"],"picked":"After Image","floor":6.0},{"not_picked":["Acrobatics","Bouncing Flask"],"picked":"Escape Plan","floor":7.0},{"not_picked":["Poisoned Stab","Dodge and Roll"],"picked":"Dagger Throw","floor":10.0},{"not_picked":["Terror","Deflect"],"picked":"Caltrops","floor":13.0},{"not_picked":["Distraction","Dodge and Roll"],"picked":"Finisher","floor":14.0},{"not_picked":["Burst","Tools of the Trade"],"picked":"Glass Knife","floor":16.0},{"not_picked":["Skewer","Dodge and Roll"],"picked":"PiercingWail","floor":18.0},{"not_picked":["Acrobatics","Dodge and Roll"],"picked":"Backflip","floor":20.0},{"not_picked":["Bane","Slice"],"picked":"Calculated Gamble","floor":21.0},{"not_picked":["Deadly Poison","Noxious Fumes"],"picked":"Cloak And Dagger","floor":22.0},{"not_picked":["Endless Agony","Dodge and Roll"],"picked":"Accuracy","floor":23.0},{"not_picked":["Noxious Fumes","Bouncing Flask"],"picked":"Flying Knee+1","floor":25.0},{"not_picked":["Masterful Stab","Underhanded Strike+1"],"picked":"Accuracy","floor":30.0},{"not_picked":["Acrobatics","Catalyst"],"picked":"Cloak And Dagger","floor":31.0},{"not_picked":["Doppelganger","Unload"],"picked":"Phantasmal Killer","floor":33.0},{"not_picked":["Blur","Bane+1"],"picked":"Flechettes+1","floor":35.0},{"not_picked":["PiercingWail","Underhanded Strike+1","Choke"],"picked":"SKIP","floor":36.0},{"not_picked":["PiercingWail","Underhanded Strike+1","Choke"],"picked":"SKIP","floor":36.0},{"not_picked":["Heel Hook+1","Backflip"],"picked":"Blade Dance+1","floor":37.0},{"not_picked":["Bouncing Flask","Bane","Riddle With Holes"],"picked":"SKIP","floor":38}],"player_experience":415111,"relics_obtained":[{"floor":4.0,"key":"War Paint"},{"floor":6.0,"key":"Blood Vial"},{"floor":9.0,"key":"Pen Nib"},{"floor":10.0,"key":"Dream Catcher"},{"floor":12.0,"key":"Happy Flower"},{"floor":17.0,"key":"Regal Pillow"},{"floor":17.0,"key":"Matryoshka"},{"floor":17.0,"key":"WingedGreaves"},{"floor":21.0,"key":"Red Mask"},{"floor":23.0,"key":"Snake Skull"},{"floor":26.0,"key":"Darkstone Periapt"},{"floor":26.0,"key":"Strawberry"}],"event_choices":[{"cards_removed":["Defend_G"],"damage_healed":0.0,"max_hp_gain":0.0,"max_hp_loss":0.0,"gold_gain":0.0,"event_name":"Golden Wing","player_choice":"Card Removal","floor":5.0,"gold_loss":0.0,"damage_taken":7.0},{"damage_healed":0.0,"max_hp_gain":0.0,"max_hp_loss":0.0,"gold_gain":0.0,"event_name":"Masked Bandits","player_choice":"Fought Bandits","floor":21.0,"gold_loss":0.0,"damage_taken":0.0},{"damage_healed":0.0,"max_hp_gain":0.0,"max_hp_loss":0.0,"gold_gain":0.0,"cards_transformed":["Strike_G","Strike_G"],"event_name":"Drug Dealer","player_choice":"Became Test Subject","floor":24.0,"gold_loss":0.0,"damage_taken":0.0,"cards_obtained":["Dagger Throw","Doppelganger"]},{"damage_healed":0.0,"max_hp_gain":0.0,"max_hp_loss":0.0,"gold_gain":0.0,"event_name":"Cursed Tome","player_choice":"Ignored","floor":28.0,"gold_loss":0.0,"damage_taken":0.0},{"damage_healed":0,"gold_gain":222,"player_choice":"Wore Mask","damage_taken":0,"max_hp_gain":0,"max_hp_loss":0,"event_name":"Tomb of Lord Red Mask","floor":39,"gold_loss":0}],"is_beta":false,"boss_relics":[{"not_picked":["Snecko Eye","Velvet Choker"],"picked":"Calling Bell"},{"not_picked":["Ring of the Serpent","HoveringKite"],"picked":"Runic Pyramid"}],"items_purged_floors":[8,19,27],"is_endless":false,"potions_floor_spawned":[3,6,10,16,20,22,23,37],"killed_by":"Reptomancer","ascension_level":13}