{"gold_per_floor":[366,379,30,48,48,48,2,15,15,15,33,33,65,82,82,183,183,197,214,139,156,156,255,255,270,270,280,299,319,319,349,349,349],"floor_reached":33,"playtime":1904,"items_purged":["Doubt"],"score":251,"play_id":"091750de-edac-469c-a653-82278aaf2a88","local_time":"20181211015508","is_ascension_mode":false,"campfire_choices":[{"data":"Envenom","floor":6,"key":"SMITH"},{"floor":12,"key":"REST"},{"data":"Accuracy","floor":15,"key":"SMITH"},{"data":"Catalyst","floor":24,"key":"SMITH"},{"floor":32,"key":"REST"}],"neow_cost":"CURSE","seed_source_timestamp":961811482889337,"circlet_count":0,"master_deck":["Defend_G","Defend_G","Defend_G","Defend_G","Defend_G","Strike_G","Strike_G","Strike_G+1","Strike_G","Survivor","Neutralize+1","Deadly Poison","Crippling Poison","Noxious Fumes","PiercingWail","Accuracy+1","Envenom+1","Flying Knee","Catalyst+1","Dark Shackles","Blade Dance","After Image","Bullet Time","Caltrops+1","Cloak And Dagger+1","Cloak And Dagger","Deflect+1","Flying Knee","Poisoned Stab"],"relics":["Ring of the Snake","Blood Vial","Blue Candle","Shuriken","Runic Dome","MutagenicStrength","Whetstone","Red Mask"],"potions_floor_usage":[8,11,13,18,19,28,31],"damage_taken":[{"damage":1,"enemies":"2 Louse","floor":1,"turns":3},{"damage":0,"enemies":"Cultist","floor":2,"turns":5},{"damage":10,"enemies":"Jaw Worm","floor":4,"turns":5},{"damage":9,"enemies":"Red Slaver","floor":8,"turns":5},{"damage":12,"enemies":"Exordium Thugs","floor":11,"turns":5},{"damage":11,"enemies":"Gremlin Nob","floor":13,"turns":4},{"damage":0,"enemies":"3 Louse","floor":14,"turns":3},{"damage":27,"enemies":"The Guardian","floor":16,"turns":9},{"damage":5,"enemies":"3 Byrds","floor":18,"turns":4},{"damage":2,"enemies":"Shell Parasite","floor":19,"turns":5},{"damage":22,"enemies":"Shelled Parasite and Fungi","floor":21,"turns":6},{"damage":1,"enemies":"Chosen and Byrds","floor":25,"turns":4},{"damage":10,"enemies":"Snecko","floor":27,"turns":5},{"damage":5,"enemies":"Centurion and Healer","floor":28,"turns":6},{"damage":16,"enemies":"Chosen and Byrds","floor":29,"turns":5},{"damage":17,"enemies":"Masked Bandits","floor":31,"turns":5},{"damage":35,"enemies":"Collector","floor":33,"turns":7}],"seed_played":"-4886721291034008726","potions_obtained":[{"floor":4,"key":"SpeedPotion"},{"floor":8,"key":"Regen Potion"},{"floor":11,"key":"Swift Potion"},{"floor":16,"key":"Poison Potion"},{"floor":18,"key":"Fire Potion"},{"floor":25,"key":"Explosive Potion"},{"floor":28,"key":"Dexterity Potion"}],"is_trial":false,"path_per_floor":["M","M","$","M","?","R","$","M","T","?","M","R","E","M","R","B",null,"M","M","?","M","?","?","R","M","T","M","M","M","?","?","R","B"],"character_chosen":"THE_SILENT","items_purchased":["Noxious Fumes","PiercingWail","Blood Vial","Flying Knee"],"campfire_rested":2,"item_purchase_floors":[3,3,3,7],"current_hp_per_floor":[69,69,69,60,60,60,60,53,53,53,55,70,59,61,61,36,70,65,65,65,45,45,45,45,46,46,38,35,21,21,6,27,0],"gold":349,"neow_bonus":"TWO_FIFTY_GOLD","is_prod":false,"is_daily":false,"chose_seed":false,"campfire_upgraded":3,"win_rate":0.0,"timestamp":1544511308,"path_taken":["M","M","$","M","?","R","$","?","T","?","?","R","E","M","R","BOSS","M","M","?","M","?","?","R","?","T","M","M","M","?","?","R","BOSS"],"build_version":"2018-12-06","purchased_purges":1,"victory":false,"max_hp_per_floor":[70,70,70,70,70,70,70,70,70,70,70,70,70,70,70,70,70,70,70,70,70,70,70,70,70,70,70,70,70,70,70,70,70],"card_choices":[{"not_picked":["Prepared","Quick Slash"],"picked":"Deadly Poison","floor":1},{"not_picked":["Dagger Throw","Deadly Poison"],"picked":"Crippling Poison","floor":2},{"not_picked":["Underhanded Strike","Infinite Blades"],"picked":"Accuracy","floor":4},{"not_picked":["Poisoned Stab","After Image"],"picked":"Catalyst","floor":8},{"not_picked":["Sucker Punch","Eviscerate"],"picked":"Blade Dance","floor":11},{"not_picked":["Eviscerate","Crippling Poison"],"picked":"After Image","floor":13},{"not_picked":["Dagger Throw","Dodge and Roll","Skewer"],"picked":"SKIP","floor":14},{"not_picked":["Unload","Night Terror"],"picked":"Bullet Time","floor":16},{"not_picked":["Skewer","Flying Knee+1"],"picked":"Caltrops+1","floor":18},{"not_picked":["Noxious Fumes","Caltrops"],"picked":"Cloak And Dagger+1","floor":19},{"not_picked":["Acrobatics","Underhanded Strike","Heel Hook"],"picked":"SKIP","floor":21},{"not_picked":["Riddle With Holes+1","Choke"],"picked":"Cloak And Dagger","floor":25},{"not_picked":["Footwork","Wraith Form v2"],"picked":"Deflect+1","floor":27},{"not_picked":["Dodge and Roll","Poisoned Stab"],"picked":"Flying Knee","floor":28},{"not_picked":["Deadly Poison","Deflect"],"picked":"Poisoned Stab","floor":29}],"player_experience":239580,"relics_obtained":[{"floor":9,"key":"Blue Candle"},{"floor":13,"key":"Shuriken"},{"floor":26,"key":"Whetstone"},{"floor":31,"key":"Red Mask"}],"event_choices":[{"damage_healed":0,"gold_gain":0,"cards_transformed":["Strike_G"],"player_choice":"Transformed","damage_taken":0,"max_hp_gain":0,"max_hp_loss":0,"event_name":"Transmorgrifier","floor":5,"gold_loss":0,"cards_obtained":["Envenom"]},{"damage_healed":0,"gold_gain":0,"player_choice":"2 cards matched","damage_taken":0,"max_hp_gain":0,"max_hp_loss":0,"event_name":"Match and Keep!","floor":10,"gold_loss":0,"cards_obtained":["Neutralize","Dark Shackles"]},{"cards_removed":["Neutralize"],"damage_healed":0,"gold_gain":0,"player_choice":"Gave Gold","damage_taken":0,"max_hp_gain":0,"max_hp_loss":0,"event_name":"Beggar","floor":20,"gold_loss":75},{"damage_healed":0,"gold_gain":0,"player_choice":"Inject Mutagens","damage_taken":0,"relics_obtained":["MutagenicStrength"],"max_hp_gain":0,"max_hp_loss":0,"event_name":"Drug Dealer","floor":22,"gold_loss":0},{"damage_healed":0,"gold_gain":99,"player_choice":"Stole From Cult","damage_taken":0,"max_hp_gain":0,"max_hp_loss":0,"event_name":"Nest","floor":23,"gold_loss":0},{"damage_healed":0,"gold_gain":0,"player_choice":"Ignored","damage_taken":0,"max_hp_gain":0,"max_hp_loss":0,"event_name":"Cursed Tome","floor":30,"gold_loss":0},{"damage_healed":0,"gold_gain":0,"player_choice":"Fought Bandits","damage_taken":0,"max_hp_gain":0,"max_hp_loss":0,"event_name":"Masked Bandits","floor":31,"gold_loss":0}],"is_beta":false,"boss_relics":[{"not_picked":["Philosopher\u0027s Stone","Ectoplasm"],"picked":"Runic Dome"}],"items_purged_floors":[3],"is_endless":false,"potions_floor_spawned":[4,8,11,16,18,25,28],"killed_by":"Collector","ascension_level":0}