{"gold_per_floor":[119,119,119,136,61,61,90,90,116,116,116,44,78,93,93,198,198,215,45,45,60,75,75,100,100,127,127,155,155,3,3,3,106,106,119,137,153,5,5,5,5,30,53,53,53,80,98,124,124,124],"floor_reached":51,"playtime":1690,"items_purged":["Pain"],"score":838,"play_id":"bec8183f-ddf1-4e35-8829-e134ccd0d0e5","local_time":"20181115234853","is_ascension_mode":true,"campfire_choices":[{"data":"Zap","floor":6.0,"key":"SMITH"},{"data":"Dualcast","floor":8.0,"key":"SMITH"},{"data":"All For One","floor":15.0,"key":"SMITH"},{"data":"Go for the Eyes","floor":23.0,"key":"SMITH"},{"floor":25.0,"key":"REST"},{"data":"Go for the Eyes","floor":27.0,"key":"SMITH"},{"floor":32.0,"key":"REST"},{"data":"Defragment","floor":41.0,"key":"SMITH"},{"floor":45.0,"key":"REST"},{"floor":49.0,"key":"REST"}],"neow_cost":"NONE","seed_source_timestamp":144241351000840,"circlet_count":0,"master_deck":["Strike_B+1","Strike_B+1","Defend_B+1","Defend_B+1","Defend_B+1","Defend_B+1","Zap+1","Dualcast+1","Ball Lightning","All For One+1","Beam Cell","Biased Cognition","Injury","Go for the Eyes+1","Cold Snap","Stack","Go for the Eyes+1","Skim+1","Core Surge","Defragment+1","Reinforced Body+1","Capacitor","Conserve Battery+1"],"special_seed":0,"relics":["Cracked Core","NeowsBlessing","WarpedTongs","Matryoshka","Juzu Bracelet","Potion Belt","Omamori","Pantograph","StoneCalendar","Sundial","Calling Bell","Pen Nib","Pear","WingedGreaves","Orichalcum","DataDisk","Anchor","Bottled Flame","Vajra","Snecko Eye","Art of War","Lantern","Meat on the Bone","War Paint"],"potions_floor_usage":[50,50],"damage_taken":[{"damage":0.0,"enemies":"Small Slimes","floor":1.0,"turns":1.0},{"damage":0.0,"enemies":"2 Louse","floor":4.0,"turns":1.0},{"damage":0.0,"enemies":"Gremlin Nob","floor":7.0,"turns":1.0},{"damage":10.0,"enemies":"3 Sentries","floor":13.0,"turns":5.0},{"damage":0.0,"enemies":"Cultist","floor":14.0,"turns":2.0},{"damage":45.0,"enemies":"Hexaghost","floor":16.0,"turns":7.0},{"damage":4.0,"enemies":"Shell Parasite","floor":18.0,"turns":3.0},{"damage":15.0,"enemies":"2 Thieves","floor":21.0,"turns":4.0},{"damage":25.0,"enemies":"3 Cultists","floor":22.0,"turns":6.0},{"damage":13.0,"enemies":"Slavers","floor":24.0,"turns":4.0},{"damage":9.0,"enemies":"Book of Stabbing","floor":28.0,"turns":6.0},{"damage":64.0,"enemies":"Automaton","floor":33.0,"turns":11.0},{"damage":0.0,"enemies":"Orb Walker","floor":35.0,"turns":3.0},{"damage":0.0,"enemies":"3 Shapes","floor":36.0,"turns":5.0},{"damage":18.0,"enemies":"Sphere and 2 Shapes","floor":37.0,"turns":6.0},{"damage":22.0,"enemies":"Nemesis","floor":42.0,"turns":9.0},{"damage":8.0,"enemies":"Reptomancer","floor":46.0,"turns":7.0},{"damage":10.0,"enemies":"Jaw Worm Horde","floor":47.0,"turns":5.0},{"damage":22.0,"enemies":"Nemesis","floor":48.0,"turns":5.0},{"damage":24,"enemies":"Time Eater","floor":50,"turns":12}],"seed_played":"5561828608210025515","potions_obtained":[{"floor":1.0,"key":"Poison Potion"},{"floor":4.0,"key":"Ancient Potion"},{"floor":7.0,"key":"Fire Potion"},{"floor":16.0,"key":"Block Potion"},{"floor":18.0,"key":"SteroidPotion"},{"floor":21.0,"key":"Swift Potion"},{"floor":24.0,"key":"EssenceOfSteel"},{"floor":36.0,"key":"Block Potion"},{"floor":37.0,"key":"SteroidPotion"},{"floor":42.0,"key":"Swift Potion"},{"floor":47.0,"key":"Block Potion"}],"is_trial":false,"path_per_floor":["M","?","?","M","$","R","E","R","T","T","?","$","E","M","R","B",null,"M","$","?","M","M","R","E","R","T","R","E","E","?","$","?","R","B",null,"M","M","M","$","?","$","R","E","T","$","R","E","M","E","R","B",null],"character_chosen":"DEFECT","items_purchased":["All For One","Orichalcum","Cold Snap","Vajra","Defragment","Reinforced Body"],"campfire_rested":4,"item_purchase_floors":[12,19,19,30,38,38],"current_hp_per_floor":[75,68,68,68,68,68,68,68,68,68,68,68,58,58,58,30,85,81,81,81,66,41,41,28,53,53,53,44,44,44,44,69,21,85,85,85,67,67,67,67,67,45,45,45,70,62,52,42,67,61],"gold":124,"neow_bonus":"THREE_ENEMY_KILL","is_prod":false,"is_daily":false,"chose_seed":false,"campfire_upgraded":6,"win_rate":0,"timestamp":1542354533,"path_taken":["M","?","?","?","$","R","E","R","T","?","?","$","E","M","R","BOSS","M","$","?","M","M","R","E","R","T","R","E","?","$","?","R","BOSS","M","M","M","$","?","?","R","E","T","$","R","E","M","E","R","BOSS"],"build_version":"2018-11-15","purchased_purges":1,"victory":true,"max_hp_per_floor":[75,75,75,75,75,75,75,75,75,75,75,75,75,75,75,75,85,85,85,85,85,85,85,85,85,85,85,85,85,85,85,85,85,85,85,85,85,85,85,85,85,85,85,85,85,85,85,85,85,85],"card_choices":[{"not_picked":["Tempest","Scrape"],"picked":"Consume","floor":1.0},{"not_picked":["Leap","Beam Cell"],"picked":"Ball Lightning","floor":4.0},{"not_picked":["Chaos","Hologram","Lockon"],"picked":"SKIP","floor":7.0},{"not_picked":["Rebound","Undo"],"picked":"Beam Cell","floor":13.0},{"not_picked":["Steam","Coolheaded","Rip and Tear"],"picked":"SKIP","floor":14.0},{"not_picked":["Thunder Strike","Machine Learning"],"picked":"Biased Cognition","floor":16.0},{"not_picked":["Genetic Algorithm","Double Energy"],"picked":"Go for the Eyes","floor":18.0},{"not_picked":["Fusion","Reprogram","Scrape"],"picked":"SKIP","floor":21.0},{"not_picked":["Turbo","Storm","Steam"],"picked":"SKIP","floor":22.0},{"not_picked":["Redo","Cold Snap"],"picked":"Go for the Eyes","floor":24.0},{"not_picked":["Genetic Algorithm","Gash","Rebound"],"picked":"SKIP","floor":28.0},{"not_picked":["Multi-Cast","Rainbow"],"picked":"Core Surge","floor":33.0},{"not_picked":["Compile Driver","Stack+1","Auto Shields+1"],"picked":"SKIP","floor":35.0},{"not_picked":["Cold Snap+1","Sweeping Beam","Seek"],"picked":"SKIP","floor":36.0},{"not_picked":["Compile Driver","Go for the Eyes+1","Cold Snap"],"picked":"SKIP","floor":37.0},{"not_picked":["Compile Driver","Steam+1","Stack+1"],"picked":"SKIP","floor":42.0},{"not_picked":["Cold Snap+1","Barrage+1"],"picked":"Capacitor","floor":46.0},{"not_picked":["Leap+1","Rebound","Redo+1"],"picked":"SKIP","floor":47.0},{"not_picked":["Redo","White Noise"],"picked":"Conserve Battery+1","floor":48.0}],"player_experience":645795,"relics_obtained":[{"floor":7.0,"key":"Matryoshka"},{"floor":9.0,"key":"Juzu Bracelet"},{"floor":9.0,"key":"Potion Belt"},{"floor":10.0,"key":"Omamori"},{"floor":10.0,"key":"Pantograph"},{"floor":13.0,"key":"Sundial"},{"floor":17.0,"key":"Pen Nib"},{"floor":17.0,"key":"Pear"},{"floor":17.0,"key":"WingedGreaves"},{"floor":24.0,"key":"DataDisk"},{"floor":26.0,"key":"Anchor"},{"floor":28.0,"key":"Bottled Flame"},{"floor":42.0,"key":"Art of War"},{"floor":43.0,"key":"Lantern"},{"floor":46.0,"key":"Meat on the Bone"},{"floor":48.0,"key":"War Paint"}],"event_choices":[{"cards_removed":["Strike_B"],"damage_healed":0.0,"max_hp_gain":0.0,"max_hp_loss":0.0,"gold_gain":0.0,"event_name":"Golden Wing","player_choice":"Card Removal","floor":2.0,"gold_loss":0.0,"damage_taken":7.0},{"damage_healed":0.0,"max_hp_gain":0.0,"max_hp_loss":0.0,"gold_gain":0.0,"event_name":"Accursed Blacksmith","player_choice":"Rummage","floor":3.0,"gold_loss":0.0,"damage_taken":0.0,"relics_obtained":["WarpedTongs"],"cards_obtained":["Pain"]},{"damage_healed":0.0,"max_hp_gain":0.0,"max_hp_loss":0.0,"gold_gain":0.0,"event_name":"Big Fish","player_choice":"Box","floor":11.0,"gold_loss":0.0,"damage_taken":0.0,"relics_obtained":["StoneCalendar"],"cards_obtained":["Regret"]},{"damage_healed":0.0,"max_hp_gain":0.0,"max_hp_loss":0.0,"gold_gain":0.0,"cards_transformed":["Consume","Strike_B"],"event_name":"Drug Dealer","player_choice":"Became Test Subject","floor":20.0,"gold_loss":0.0,"damage_taken":0.0,"cards_obtained":["Stack","Recycle"]},{"damage_healed":0.0,"max_hp_gain":0.0,"max_hp_loss":0.0,"gold_gain":0.0,"event_name":"Back to Basics","player_choice":"Simplicity","floor":29.0,"gold_loss":0.0,"damage_taken":0.0,"cards_upgraded":["Strike_B","Strike_B","Defend_B","Defend_B","Defend_B","Defend_B"]},{"damage_healed":0.0,"max_hp_gain":0.0,"max_hp_loss":0.0,"gold_gain":0.0,"cards_transformed":["Recycle"],"event_name":"Transmorgrifier","player_choice":"Transformed","floor":31.0,"gold_loss":0.0,"damage_taken":0.0,"cards_obtained":["Skim"]},{"cards_removed":["Decay"],"damage_healed":0.0,"max_hp_gain":0.0,"max_hp_loss":0.0,"gold_gain":0.0,"event_name":"Purifier","player_choice":"Purged","floor":39.0,"gold_loss":0.0,"damage_taken":0.0}],"is_beta":false,"boss_relics":[{"not_picked":["Coffee Dripper","Black Star"],"picked":"Calling Bell"},{"not_picked":["Lizard Tail","Runic Dome"],"picked":"Snecko Eye"}],"items_purged_floors":[5],"is_endless":false,"potions_floor_spawned":[1,4,7,16,18,21,24,36,37,42,47],"ascension_level":1}