{"gold_per_floor":[119,138,138,138,154,154,170,180,231,231,248,268,126,126,126,231,231,249,198,113,113,212,212,229,229,253,253,266,266,266,285,285,285],"floor_reached":33,"playtime":1859,"items_purged":[],"score":262,"play_id":"44824eb5-53bb-48f7-9d8f-0eaa79543294","local_time":"20181213051051","daily_mods":["SealedDeck"],"is_ascension_mode":false,"campfire_choices":[{"data":"Blade Dance","floor":6,"key":"SMITH"},{"data":"Blade Dance","floor":10,"key":"SMITH"},{"floor":15,"key":"REST"},{"data":"Storm of Steel","floor":23,"key":"SMITH"},{"data":"Blade Dance","floor":27,"key":"SMITH"},{"data":"Cloak And Dagger","floor":29,"key":"SMITH"},{"floor":32,"key":"REST"}],"neow_cost":"","seed_source_timestamp":0,"circlet_count":0,"master_deck":["Dodge and Roll","Acrobatics+1","Cloak And Dagger","Dash","Backflip","PiercingWail+1","Deflect","Blade Dance+1","Blade Dance+1","Blade Dance+1","Infinite Blades","Blur","Cloak And Dagger","Backflip","Deflect","Backstab","Infinite Blades","Storm of Steel+1","Cloak And Dagger","Cloak And Dagger+1","Deflect"],"relics":["Ring of the Snake","Regal Pillow","Eternal Feather","Paper Crane","MutagenicStrength","Happy Flower"],"potions_floor_usage":[11,12,24,33],"damage_taken":[{"damage":5,"enemies":"Jaw Worm","floor":1,"turns":3},{"damage":0,"enemies":"Small Slimes","floor":2,"turns":3},{"damage":0,"enemies":"Cultist","floor":5,"turns":3},{"damage":3,"enemies":"Exordium Wildlife","floor":7,"turns":5},{"damage":0,"enemies":"Large Slime","floor":8,"turns":7},{"damage":1,"enemies":"Gremlin Gang","floor":11,"turns":3},{"damage":3,"enemies":"Red Slaver","floor":12,"turns":2},{"damage":32,"enemies":"Hexaghost","floor":16,"turns":11},{"damage":9,"enemies":"3 Byrds","floor":18,"turns":5},{"damage":2,"enemies":"Shell Parasite","floor":24,"turns":3},{"damage":29,"enemies":"Sentry and Sphere","floor":28,"turns":6},{"damage":19,"enemies":"Snecko","floor":31,"turns":5},{"damage":71,"enemies":"Automaton","floor":33,"turns":8}],"seed_played":"-9122667177587313528","potions_obtained":[{"floor":5,"key":"GhostInAJar"},{"floor":7,"key":"Fire Potion"},{"floor":8,"key":"Explosive Potion"},{"floor":31,"key":"Weak Potion"}],"is_trial":true,"path_per_floor":["M","M","?","?","M","R","M","M","T","R","M","M","$","?","R","B",null,"M","$","?","?","?","R","M","$","T","R","M","R","?","M","R","B"],"character_chosen":"THE_SILENT","items_purchased":["Backstab","Infinite Blades","Cloak And Dagger"],"campfire_rested":2,"item_purchase_floors":[13,13,19],"current_hp_per_floor":[65,65,65,51,51,51,48,48,48,48,47,44,44,44,70,38,70,61,61,61,61,61,70,68,68,68,70,41,53,53,34,70,0],"gold":285,"neow_bonus":"","is_prod":false,"is_daily":false,"chose_seed":false,"campfire_upgraded":5,"win_rate":0,"timestamp":1544695851,"path_taken":["M","M","?","?","M","R","M","?","T","R","M","M","$","?","R","BOSS","M","$","?","?","?","R","M","$","T","R","M","R","?","?","R","BOSS"],"build_version":"2018-12-06","purchased_purges":0,"victory":false,"max_hp_per_floor":[70,70,70,70,70,70,70,70,70,70,70,70,70,70,70,70,70,70,70,70,70,70,70,70,70,70,70,70,70,70,70,70,70],"card_choices":[{"not_picked":["Riddle With Holes","Slice"],"picked":"Infinite Blades","floor":1},{"not_picked":["Acrobatics","Poisoned Stab"],"picked":"Blur","floor":2},{"not_picked":["Dagger Spray","PiercingWail"],"picked":"Cloak And Dagger","floor":5},{"not_picked":["Poisoned Stab","Slice"],"picked":"Backflip","floor":7},{"not_picked":["PiercingWail","Eviscerate","Skewer"],"picked":"SKIP","floor":8},{"not_picked":["Acrobatics","Bane","Wraith Form v2"],"picked":"SKIP","floor":11},{"not_picked":["Noxious Fumes","Distraction"],"picked":"Deflect","floor":12},{"not_picked":["Glass Knife","Bullet Time"],"picked":"Storm of Steel","floor":16},{"not_picked":["Deadly Poison+1","PiercingWail"],"picked":"Cloak And Dagger","floor":18},{"not_picked":["Footwork+1","PiercingWail","Backflip"],"picked":"SKIP","floor":24},{"not_picked":["PiercingWail+1","Quick Slash","Eviscerate+1"],"picked":"SKIP","floor":28},{"not_picked":["Skewer+1","Sucker Punch+1"],"picked":"Deflect","floor":31}],"player_experience":279010,"relics_obtained":[{"floor":9,"key":"Regal Pillow"},{"floor":26,"key":"Happy Flower"}],"event_choices":[{"damage_healed":0,"gold_gain":0,"player_choice":"Ignored","damage_taken":0,"max_hp_gain":0,"max_hp_loss":0,"event_name":"Liars Game","floor":3,"gold_loss":0},{"damage_healed":0,"gold_gain":0,"player_choice":"Entered Light","damage_taken":14,"max_hp_gain":0,"max_hp_loss":0,"event_name":"Shining Light","floor":4,"gold_loss":0,"cards_upgraded":["PiercingWail","Acrobatics"]},{"damage_healed":0,"gold_gain":0,"player_choice":"Leave","damage_taken":0,"max_hp_gain":0,"max_hp_loss":0,"event_name":"FaceTrader","floor":14,"gold_loss":0},{"damage_healed":0,"gold_gain":0,"player_choice":"Obtained Relic","damage_taken":0,"relics_obtained":["Paper Crane"],"max_hp_gain":0,"max_hp_loss":0,"event_name":"Addict","floor":20,"gold_loss":85},{"damage_healed":0,"gold_gain":0,"player_choice":"Inject Mutagens","damage_taken":0,"relics_obtained":["MutagenicStrength"],"max_hp_gain":0,"max_hp_loss":0,"event_name":"Drug Dealer","floor":21,"gold_loss":0},{"damage_healed":0,"gold_gain":99,"player_choice":"Stole From Cult","damage_taken":0,"max_hp_gain":0,"max_hp_loss":0,"event_name":"Nest","floor":22,"gold_loss":0},{"damage_healed":0,"gold_gain":0,"player_choice":"Ignored","damage_taken":0,"max_hp_gain":0,"max_hp_loss":0,"event_name":"The Mausoleum","floor":30,"gold_loss":0}],"is_beta":false,"boss_relics":[{"not_picked":["Fusion Hammer","Runic Pyramid"],"picked":"Eternal Feather"}],"items_purged_floors":[],"is_endless":false,"potions_floor_spawned":[5,7,8,31],"killed_by":"Automaton","ascension_level":0}