{"gold_per_floor":[112,112,112,112,129,164,164,176,176,176,195,195,54,89,89,89],"floor_reached":16,"playtime":327,"items_purged":[],"score":316,"play_id":"2bd69890-87b9-4526-8565-aa2e337876d6","local_time":"20181018165644","is_ascension_mode":true,"campfire_choices":[{"data":"1","floor":7.0,"key":"LIFT"},{"data":"2","floor":10.0,"key":"LIFT"},{"data":"3","floor":15.0,"key":"LIFT"}],"neow_cost":"NONE","seed_source_timestamp":136739781164394,"circlet_count":0,"master_deck":["Defend_G","Defend_G","Defend_G+1","Defend_G","Strike_G","Strike_G","Strike_G","Strike_G+1","Survivor","Neutralize","AscendersBane","Footwork","Dagger Spray","Dash","Footwork","Escape Plan","Predator","Backflip","After Image"],"special_seed":0,"relics":["Ring of the Snake","NeowsBlessing","Girya","Letter Opener","Pen Nib"],"potions_floor_usage":[],"damage_taken":[{"damage":0.0,"enemies":"Jaw Worm","floor":1.0,"turns":1.0},{"damage":0.0,"enemies":"Cultist","floor":5.0,"turns":1.0},{"damage":0.0,"enemies":"3 Sentries","floor":6.0,"turns":2.0},{"damage":4.0,"enemies":"Small Slimes","floor":8.0,"turns":3.0},{"damage":4.0,"enemies":"Exordium Thugs","floor":11.0,"turns":6.0},{"damage":0.0,"enemies":"Gremlin Nob","floor":14.0,"turns":3.0},{"damage":32,"enemies":"Hexaghost","floor":16,"turns":9}],"seed_played":"3041558141937050855","potions_obtained":[{"floor":5.0,"key":"FearPotion"},{"floor":6.0,"key":"Dexterity Potion"}],"is_trial":false,"path_per_floor":["M","?","?","?","M","E","R","M","T","R","M","?","$","E","R"],"character_chosen":"THE_SILENT","items_purchased":["Predator","Backflip"],"campfire_rested":0,"item_purchase_floors":[13,13],"current_hp_per_floor":[59,59,39,39,39,39,39,35,35,35,31,31,31,31,31,0],"gold":89,"neow_bonus":"THREE_ENEMY_KILL","is_prod":false,"is_daily":false,"chose_seed":false,"campfire_upgraded":0,"win_rate":0,"timestamp":1539849404,"path_taken":["M","?","?","?","M","E","R","?","T","R","M","?","$","E","R","BOSS"],"build_version":"2018-10-11","purchased_purges":0,"victory":false,"max_hp_per_floor":[66,66,66,66,66,66,66,66,66,66,66,66,66,66,66,66],"card_choices":[{"not_picked":["Outmaneuver","Blade Dance"],"picked":"Footwork","floor":1.0},{"not_picked":["Distraction","Bane"],"picked":"Dagger Spray","floor":5.0},{"not_picked":["Deflect","Flying Knee"],"picked":"Dash","floor":6.0},{"not_picked":["Poisoned Stab","Outmaneuver"],"picked":"Footwork","floor":8.0},{"not_picked":["Bullet Time","Setup"],"picked":"Escape Plan","floor":11.0},{"not_picked":["Infinite Blades","Glass Knife"],"picked":"After Image","floor":14.0}],"player_experience":707875,"relics_obtained":[{"floor":6.0,"key":"Girya"},{"floor":9.0,"key":"Letter Opener"},{"floor":14.0,"key":"Pen Nib"}],"event_choices":[{"event_name":"Purifier","player_choice":"One Purge","floor":2.0,"damage_taken":0.0},{"event_name":"Shining Light","player_choice":"Entered Light","floor":3.0,"damage_taken":0.0},{"event_name":"Living Wall","player_choice":"Forget","floor":4.0,"damage_taken":0.0},{"event_name":"Golden Idol","player_choice":"Ignored","floor":12.0,"damage_taken":0.0}],"is_beta":false,"boss_relics":[],"items_purged_floors":[],"is_endless":false,"potions_floor_spawned":[5,6,8],"killed_by":"Hexaghost","ascension_level":20}