{"gold_per_floor":[119,119,133,145,16,16,36,47,47,47,80,80,96,157,157,157],"floor_reached":16,"playtime":712,"items_purged":["Defend_B"],"score":102,"play_id":"39dc1432-68eb-48a8-8190-4c2b3f533939","local_time":"20181207182920","is_ascension_mode":false,"campfire_choices":[{"data":"Streamline","floor":6,"key":"SMITH"},{"data":"BootSequence","floor":10,"key":"SMITH"},{"data":"Redo","floor":12,"key":"SMITH"},{"floor":15,"key":"REST"}],"neow_cost":"NONE","seed_source_timestamp":677056733678257,"circlet_count":0,"master_deck":["Strike_B","Strike_B","Strike_B","Strike_B","Defend_B","Defend_B","Defend_B","Zap","Dualcast","Streamline+1","Streamline+1","Leap","BootSequence+1","Redo+1","Tempest"],"relics":["Cracked Core","NeowsBlessing","Sundial","Dodecahedron","Ice Cream"],"potions_floor_usage":[7,11],"damage_taken":[{"damage":0,"enemies":"Small Slimes","floor":1,"turns":1},{"damage":0,"enemies":"Jaw Worm","floor":3,"turns":1},{"damage":0,"enemies":"Cultist","floor":4,"turns":1},{"damage":7,"enemies":"Blue Slaver","floor":7,"turns":2},{"damage":6,"enemies":"3 Louse","floor":8,"turns":2},{"damage":24,"enemies":"Lagavulin","floor":11,"turns":5},{"damage":0,"enemies":"Large Slime","floor":13,"turns":5},{"damage":27,"enemies":"Gremlin Nob","floor":14,"turns":4},{"damage":34,"enemies":"Hexaghost","floor":16,"turns":9}],"seed_played":"-3960772319729664226","potions_obtained":[{"floor":1,"key":"Poison Potion"},{"floor":8,"key":"EssenceOfSteel"}],"is_trial":false,"path_per_floor":["M","?","M","M","$","R","M","M","T","R","E","R","M","?","R","B"],"character_chosen":"DEFECT","items_purchased":["Leap"],"campfire_rested":1,"item_purchase_floors":[5],"current_hp_per_floor":[75,75,75,75,75,75,68,62,62,62,38,38,38,11,33,0],"gold":157,"neow_bonus":"THREE_ENEMY_KILL","is_prod":false,"is_daily":false,"chose_seed":false,"campfire_upgraded":3,"win_rate":0.0,"timestamp":1544225360,"path_taken":["M","?","M","M","$","R","M","M","T","R","E","R","M","?","R","BOSS"],"build_version":"2018-12-06","purchased_purges":1,"victory":false,"max_hp_per_floor":[75,75,75,75,75,75,75,75,75,75,75,75,75,75,75,75],"card_choices":[{"not_picked":["Glacier","Cold Snap"],"picked":"Streamline","floor":1},{"not_picked":["Fusion","Beam Cell"],"picked":"Streamline","floor":3},{"not_picked":["Compile Driver","Gash","Stack"],"picked":"SKIP","floor":4},{"not_picked":["Ball Lightning","Steam","Compile Driver"],"picked":"SKIP","floor":7},{"not_picked":["Coolheaded","Electrodynamics"],"picked":"BootSequence","floor":8},{"not_picked":["Self Repair","Force Field"],"picked":"Redo","floor":11},{"not_picked":["Coolheaded","Reprogram"],"picked":"Tempest","floor":13}],"player_experience":195152,"relics_obtained":[{"floor":9,"key":"Sundial"},{"floor":11,"key":"Dodecahedron"}],"event_choices":[{"damage_healed":0,"gold_gain":0,"player_choice":"Grow","damage_taken":0,"max_hp_gain":0,"max_hp_loss":0,"event_name":"Living Wall","floor":2,"gold_loss":0,"cards_upgraded":["Streamline"]},{"damage_healed":0,"gold_gain":0,"player_choice":"Searched \u00272\u0027 times","damage_taken":0,"relics_obtained":["Ice Cream"],"max_hp_gain":0,"max_hp_loss":0,"event_name":"Dead Adventurer","floor":14,"gold_loss":0}],"is_beta":false,"boss_relics":[],"items_purged_floors":[5],"is_endless":false,"potions_floor_spawned":[1,8],"killed_by":"Hexaghost","ascension_level":0}