{"gold_per_floor":[119,137,60,76,26,61,61,61,61,71,71,102,177,64,64,142,192,205,105,117,130,150,150,160,175,175,187,187,206,206,131,131,208,208,228,228,25,45,63,63,63,63,142,142,158,158,176,191,191,191],"floor_reached":51,"playtime":3344,"items_purged":["Strike_R","Strike_R","Defend_R"],"score":1149,"play_id":"ea5ddcfc-a1d9-4f45-ab5d-3fd216bea66f","local_time":"20181122001836","is_ascension_mode":true,"campfire_choices":[{"data":"Rampage","floor":7,"key":"SMITH"},{"data":"Bash","floor":11,"key":"SMITH"},{"data":"Disarm","floor":15,"key":"SMITH"},{"data":"Metallicize","floor":23,"key":"SMITH"},{"data":"Burning Pact","floor":28,"key":"SMITH"},{"data":"Battle Trance","floor":32,"key":"SMITH"},{"data":"Feel No Pain","floor":40,"key":"SMITH"},{"data":"Offering","floor":42,"key":"SMITH"},{"data":"Feel No Pain","floor":44,"key":"SMITH"},{"data":"Exhume","floor":49,"key":"SMITH"}],"neow_cost":"TEN_PERCENT_HP_LOSS","seed_source_timestamp":567817173966020,"circlet_count":0,"master_deck":["AscendersBane","Defend_R","Defend_R","Defend_R","Offering+1","Feel No Pain+1","Rampage+1","Battle Trance+1","Ghostly Armor","Disarm+1","Metallicize+1","Intimidate","Immolate+1","Burning Pact+1","Shockwave+1","Exhume+1","Madness","Madness","Feel No Pain+1"],"relics":["Burning Blood","Sundial","Centennial Puzzle","FossilizedHelix","Tiny House","Bottled Tornado","Busted Crown","Frozen Egg 2"],"potions_floor_usage":[25,33,50],"damage_taken":[{"damage":15,"enemies":"Jaw Worm","floor":1,"turns":7},{"damage":2,"enemies":"Small Slimes","floor":2,"turns":5},{"damage":7,"enemies":"2 Louse","floor":4,"turns":2},{"damage":13,"enemies":"3 Sentries","floor":6,"turns":10},{"damage":18,"enemies":"Lots of Slimes","floor":10,"turns":5},{"damage":9,"enemies":"Lagavulin","floor":12,"turns":5},{"damage":24,"enemies":"The Guardian","floor":16,"turns":9},{"damage":11,"enemies":"2 Thieves","floor":18,"turns":4},{"damage":0,"enemies":"3 Byrds","floor":20,"turns":5},{"damage":10,"enemies":"Snecko","floor":21,"turns":3},{"damage":2,"enemies":"Cultist and Chosen","floor":22,"turns":5},{"damage":6,"enemies":"Snake Plant","floor":24,"turns":4},{"damage":0,"enemies":"3 Cultists","floor":25,"turns":3},{"damage":7,"enemies":"Chosen and Byrds","floor":27,"turns":7},{"damage":1,"enemies":"Centurion and Healer","floor":29,"turns":4},{"damage":6,"enemies":"Colosseum Slavers","floor":30,"turns":4},{"damage":21,"enemies":"Automaton","floor":33,"turns":7},{"damage":0,"enemies":"3 Shapes","floor":35,"turns":9},{"damage":0,"enemies":"Orb Walker","floor":38,"turns":4},{"damage":17,"enemies":"Jaw Worm Horde","floor":39,"turns":3},{"damage":0,"enemies":"Sphere and 2 Shapes","floor":45,"turns":4},{"damage":0,"enemies":"Maw","floor":47,"turns":5},{"damage":0,"enemies":"Writhing Mass","floor":48,"turns":5},{"damage":6,"enemies":"Donu and Deca","floor":50,"turns":4}],"seed_played":"7508842747544036729","potions_obtained":[{"floor":1,"key":"Poison Potion"},{"floor":10,"key":"Explosive Potion"},{"floor":18,"key":"AttackPotion"},{"floor":21,"key":"Energy Potion"},{"floor":27,"key":"LiquidBronze"},{"floor":39,"key":"Dexterity Potion"},{"floor":45,"key":"Swift Potion"}],"is_trial":false,"path_per_floor":["M","M","$","M","?","E","R","?","T","M","R","E","?","$","R","B",null,"M","$","M","M","M","R","M","M","T","M","R","M","?","?","R","B",null,"M","?","$","M","M","R","?","R","T","R","M","?","M","M","R","B",null],"character_chosen":"IRONCLAD","items_purchased":["Battle Trance","Intimidate","Feel No Pain"],"campfire_rested":0,"item_purchase_floors":[3,14,37],"current_hp_per_floor":[59,63,63,62,62,55,55,55,55,43,43,40,34,34,34,16,60,55,55,61,57,61,61,61,67,67,66,66,71,71,71,71,56,69,73,64,64,70,59,59,64,64,64,64,70,70,73,73,73,73],"gold":191,"neow_bonus":"THREE_RARE_CARDS","is_prod":false,"is_daily":false,"chose_seed":false,"campfire_upgraded":10,"win_rate":0,"timestamp":1542863916,"path_taken":["M","M","$","M","?","E","R","?","T","M","R","E","?","$","R","BOSS","M","$","M","M","M","R","M","?","T","M","R","M","?","?","R","BOSS","M","?","$","M","M","R","?","R","T","R","?","?","M","M","R","BOSS"],"build_version":"2018-11-15","purchased_purges":3,"victory":true,"max_hp_per_floor":[68,68,68,68,68,68,68,68,68,68,68,68,68,68,68,68,73,73,73,73,73,73,73,73,73,73,73,73,73,73,73,73,73,73,73,73,73,73,73,73,73,73,73,73,73,73,73,73,73,73],"card_choices":[{"not_picked":["Limit Break","Impervious"],"picked":"Offering","floor":0},{"not_picked":["Wild Strike","Burning Pact"],"picked":"Feel No Pain","floor":1},{"not_picked":["Flex","Ghostly Armor"],"picked":"Rampage","floor":2},{"not_picked":["Clash","Bloodletting"],"picked":"Ghostly Armor","floor":4},{"not_picked":["Anger","Entrench","Perfected Strike"],"picked":"SKIP","floor":6},{"not_picked":["Clash","Clothesline"],"picked":"Disarm","floor":10},{"not_picked":["Thunderclap","Inflame"],"picked":"Metallicize","floor":12},{"not_picked":["Impervious","Juggernaut"],"picked":"Immolate","floor":16},{"not_picked":["Flex","Twin Strike"],"picked":"Iron Wave","floor":17},{"not_picked":["Rage","Pommel Strike","Twin Strike"],"picked":"SKIP","floor":18},{"not_picked":["Cleave","Body Slam","Rage"],"picked":"SKIP","floor":20},{"not_picked":["Heavy Blade","Anger","Flex"],"picked":"SKIP","floor":21},{"not_picked":["Wild Strike","Evolve"],"picked":"Burning Pact","floor":22},{"not_picked":["Reaper","Second Wind"],"picked":"Shockwave+1","floor":24},{"not_picked":["Pommel Strike","Thunderclap","Clothesline"],"picked":"SKIP","floor":25},{"not_picked":["Body Slam","Ghostly Armor","Entrench"],"picked":"SKIP","floor":27},{"not_picked":["Sever Soul","Hemokinesis","Wild Strike"],"picked":"SKIP","floor":29},{"not_picked":["Juggernaut","Barricade"],"picked":"Exhume","floor":33},{"not_picked":["Clash"],"picked":"SKIP","floor":35},{"not_picked":["Burning Pact"],"picked":"SKIP","floor":38},{"not_picked":["Heavy Blade+1"],"picked":"SKIP","floor":39},{"not_picked":["Havoc+1"],"picked":"SKIP","floor":45},{"not_picked":["Havoc"],"picked":"SKIP","floor":47},{"not_picked":["Anger"],"picked":"SKIP","floor":48}],"player_experience":401973,"relics_obtained":[{"floor":6,"key":"Sundial"},{"floor":9,"key":"Centennial Puzzle"},{"floor":12,"key":"FossilizedHelix"},{"floor":26,"key":"Bottled Tornado"},{"floor":43,"key":"Frozen Egg 2"}],"event_choices":[{"cards_removed":["Strike_R"],"damage_healed":0,"gold_gain":0,"player_choice":"Card Removal","damage_taken":0,"max_hp_gain":0,"max_hp_loss":0,"event_name":"The Cleric","floor":5,"gold_loss":50},{"cards_removed":["Strike_R"],"damage_healed":0,"gold_gain":0,"player_choice":"Forget","damage_taken":0,"max_hp_gain":0,"max_hp_loss":0,"event_name":"Living Wall","floor":8,"gold_loss":0},{"damage_healed":0,"gold_gain":75,"player_choice":"Touch","damage_taken":6,"max_hp_gain":0,"max_hp_loss":0,"event_name":"FaceTrader","floor":13,"gold_loss":0},{"damage_healed":0,"gold_gain":0,"player_choice":"Fight","damage_taken":0,"max_hp_gain":0,"max_hp_loss":0,"event_name":"Colosseum","floor":30,"gold_loss":0},{"damage_healed":0,"gold_gain":0,"player_choice":"Fled From Nobs","damage_taken":0,"max_hp_gain":0,"max_hp_loss":0,"event_name":"Colosseum","floor":30,"gold_loss":0},{"cards_removed":["Strike_R"],"damage_healed":0,"gold_gain":0,"player_choice":"Gave Gold","damage_taken":0,"max_hp_gain":0,"max_hp_loss":0,"event_name":"Beggar","floor":31,"gold_loss":75},{"damage_healed":0,"gold_gain":0,"player_choice":"Embrace Madness","damage_taken":9,"max_hp_gain":0,"max_hp_loss":0,"event_name":"Winding Halls","floor":36,"gold_loss":0,"cards_obtained":["Madness","Madness"]},{"cards_removed":["Iron Wave"],"damage_healed":5,"gold_gain":0,"player_choice":"Offered Common","damage_taken":0,"max_hp_gain":0,"max_hp_loss":0,"event_name":"Bonfire Elementals","floor":41,"gold_loss":0},{"cards_removed":["Iron Wave"],"damage_healed":5,"gold_gain":0,"player_choice":"Offered Special","damage_taken":0,"max_hp_gain":0,"max_hp_loss":0,"event_name":"Bonfire Elementals","floor":41,"gold_loss":0},{"cards_removed":["Bash"],"damage_healed":0,"gold_gain":0,"player_choice":"Removed Attack","damage_taken":0,"max_hp_gain":0,"max_hp_loss":0,"event_name":"Falling","floor":46,"gold_loss":0}],"is_beta":true,"boss_relics":[{"not_picked":["Orrery","Runic Dome"],"picked":"Tiny House"},{"not_picked":["Runic Pyramid","Mark of Pain"],"picked":"Busted Crown"}],"items_purged_floors":[14,19,37],"is_endless":false,"potions_floor_spawned":[1,10,12,18,21,24,27,29,39,45],"ascension_level":14}