{"gold_per_floor":[109,9,19,19,19,56,68,80,145,175,226,138,163,178,178,298,298,322,74,94,94,94,94,94,111,111,111,111,126,142,3,3,104,104,122,122,133,133,23,23,43,43,43,70,70,70,90,107,107,107],"floor_reached":51,"playtime":2331,"items_purged":["Strike_B","Strike_B","Defend_B"],"score":1183,"play_id":"659df41d-1a7c-419b-a272-86cc73d2d4f1","local_time":"20190220202614","is_ascension_mode":true,"campfire_choices":[{"data":"Zap","floor":8,"key":"SMITH"},{"floor":15,"key":"REST"},{"data":"Beam Cell","floor":24,"key":"SMITH"},{"data":"Coolheaded","floor":27,"key":"SMITH"},{"floor":32,"key":"REST"},{"data":"Seek","floor":40,"key":"SMITH"},{"data":"Coolheaded","floor":49,"key":"SMITH"}],"neow_cost":"NONE","seed_source_timestamp":84686995059012,"circlet_count":0,"master_deck":["AscendersBane","Defend_B","Defend_B","Zap+1","Dualcast","Gash","Cold Snap","Rebound","FTL","Coolheaded+1","Beam Cell+1","FTL","Coolheaded+1","Self Repair","PanicButton","Sweeping Beam","Gash","All For One","Seek+1","Static Discharge+1","Scrape","Self Repair","Go for the Eyes+1","Rainbow","Streamline+1","Steam+1"],"relics":["Cracked Core","NeowsBlessing","MawBank","Omamori","Bloody Idol","Orichalcum","Regal Pillow","Odd Mushroom","Empty Cage","Nilry\u0027s Codex","Ginger","Runic Dome","Bag of Preparation","Ancient Tea Set"],"potions_floor_usage":[16,16,23,33,42,44,50,50],"damage_taken":[{"damage":0,"enemies":"Small Slimes","floor":1,"turns":1},{"damage":0,"enemies":"2 Louse","floor":3,"turns":1},{"damage":0,"enemies":"Lagavulin","floor":6,"turns":1},{"damage":0,"enemies":"Cultist","floor":10,"turns":2},{"damage":16,"enemies":"Gremlin Nob","floor":11,"turns":5},{"damage":10,"enemies":"The Mushroom Lair","floor":13,"turns":5},{"damage":7,"enemies":"Gremlin Gang","floor":14,"turns":3},{"damage":29,"enemies":"Slime Boss","floor":16,"turns":13},{"damage":9,"enemies":"Spheric Guardian","floor":18,"turns":4},{"damage":2,"enemies":"3 Byrds","floor":20,"turns":5},{"damage":0,"enemies":"Book of Stabbing","floor":23,"turns":1},{"damage":25,"enemies":"Snake Plant","floor":25,"turns":5},{"damage":11,"enemies":"Centurion and Healer","floor":29,"turns":7},{"damage":18,"enemies":"Sentry and Sphere","floor":30,"turns":8},{"damage":35,"enemies":"Champ","floor":33,"turns":9},{"damage":4,"enemies":"Orb Walker","floor":35,"turns":3},{"damage":28,"enemies":"3 Darklings","floor":37,"turns":4},{"damage":24,"enemies":"4 Shapes","floor":41,"turns":5},{"damage":0,"enemies":"Reptomancer","floor":42,"turns":1},{"damage":4,"enemies":"Giant Head","floor":44,"turns":4},{"damage":25,"enemies":"Maw","floor":47,"turns":7},{"damage":3,"enemies":"Transient","floor":48,"turns":5},{"damage":70,"enemies":"Donu and Deca","floor":50,"turns":8}],"seed_played":"5425513055524995936","potions_obtained":[{"floor":6,"key":"Dexterity Potion"},{"floor":10,"key":"Poison Potion"},{"floor":13,"key":"SkillPotion"},{"floor":16,"key":"SmokeBomb"},{"floor":20,"key":"SmokeBomb"},{"floor":25,"key":"SpeedPotion"},{"floor":28,"key":"Weak Potion"},{"floor":37,"key":"Poison Potion"},{"floor":41,"key":"Strength Potion"},{"floor":47,"key":"Poison Potion"},{"floor":48,"key":"Block Potion"}],"is_trial":false,"path_per_floor":["M","$","M","$","?","E","?","R","T","M","E","$","?","M","R","B",null,"M","$","M","?","?","E","R","M","T","R","?","M","M","$","R","B",null,"M","?","M","?","$","R","M","E","T","E","$","?","M","M","R","B",null],"character_chosen":"DEFECT","items_purchased":["Cold Snap","Self Repair","PanicButton","All For One","Scrape","Self Repair"],"campfire_rested":2,"item_purchase_floors":[2,19,19,31,39,39],"current_hp_per_floor":[68,68,68,68,56,56,38,38,38,38,22,22,12,5,42,13,60,51,51,56,40,40,47,47,34,34,34,34,35,29,29,66,43,67,75,75,59,59,59,59,54,54,54,62,62,62,56,72,72,16],"gold":107,"neow_bonus":"THREE_ENEMY_KILL","is_prod":false,"is_daily":false,"chose_seed":false,"campfire_upgraded":5,"win_rate":0,"timestamp":1550654774,"path_taken":["M","$","M","$","?","E","?","R","T","M","E","$","?","M","R","BOSS","M","$","M","?","?","E","R","M","T","R","?","?","?","$","R","BOSS","M","?","M","?","$","R","M","E","T","E","?","?","?","M","R","BOSS"],"build_version":"2019-01-23","purchased_purges":3,"victory":true,"max_hp_per_floor":[75,75,75,75,75,75,75,75,75,75,75,75,75,75,75,75,75,75,75,75,75,75,75,75,75,75,75,75,75,75,75,75,75,75,75,75,75,75,75,75,75,75,75,75,75,75,75,75,75,75],"card_choices":[{"not_picked":["Reinforced Body","Heatsinks"],"picked":"Gash","floor":1},{"not_picked":["Stack","Conserve Battery"],"picked":"Rebound","floor":3},{"not_picked":["Sweeping Beam","Cold Snap"],"picked":"FTL","floor":6},{"not_picked":["Ball Lightning","Turbo"],"picked":"Coolheaded","floor":10},{"not_picked":["Turbo","Redo"],"picked":"Beam Cell","floor":11},{"not_picked":["Skim","Machine Learning"],"picked":"FTL","floor":13},{"not_picked":["Fusion","Chill","Stack"],"picked":"SKIP","floor":14},{"not_picked":["Beam Cell","Steam"],"picked":"Coolheaded","floor":18},{"not_picked":["Lockon","Turbo+1"],"picked":"Sweeping Beam","floor":20},{"not_picked":["Rebound+1","Ball Lightning","Barrage"],"picked":"SKIP","floor":25},{"not_picked":["Go for the Eyes","Cold Snap"],"picked":"Gash","floor":29},{"not_picked":["Conserve Battery","BootSequence","Cold Snap"],"picked":"SKIP","floor":30},{"not_picked":["Biased Cognition","Multi-Cast"],"picked":"Seek","floor":33},{"not_picked":["Turbo","Reinforced Body","Go for the Eyes"],"picked":"SKIP","floor":35},{"not_picked":["Double Energy+1","Recycle+1"],"picked":"Static Discharge+1","floor":37},{"not_picked":["Rebound","Tempest"],"picked":"Go for the Eyes+1","floor":41},{"not_picked":["Ball Lightning+1","Coolheaded","Leap"],"picked":"SKIP","floor":44},{"not_picked":["Leap","Coolheaded"],"picked":"Streamline+1","floor":47},{"not_picked":["Capacitor","Beam Cell+1"],"picked":"Steam+1","floor":48}],"player_experience":730632,"relics_obtained":[{"floor":6,"key":"Omamori"},{"floor":9,"key":"Orichalcum"},{"floor":11,"key":"Regal Pillow"},{"floor":13,"key":"Odd Mushroom"},{"floor":21,"key":"Nilry\u0027s Codex"},{"floor":26,"key":"Ginger"},{"floor":43,"key":"Bag of Preparation"},{"floor":44,"key":"Ancient Tea Set"}],"event_choices":[{"damage_healed":0,"gold_gain":0,"player_choice":"Success","damage_taken":12,"relics_obtained":["MawBank"],"max_hp_gain":0,"max_hp_loss":0,"event_name":"Scrap Ooze","floor":5,"gold_loss":0},{"damage_healed":0,"gold_gain":0,"player_choice":"Take Damage","damage_taken":18,"relics_obtained":["Golden Idol"],"max_hp_gain":0,"max_hp_loss":0,"event_name":"Golden Idol","floor":7,"gold_loss":0},{"damage_healed":0,"gold_gain":0,"player_choice":"Fought Mushrooms","damage_taken":0,"max_hp_gain":0,"max_hp_loss":0,"event_name":"Mushrooms","floor":13,"gold_loss":0},{"damage_healed":0,"gold_gain":0,"player_choice":"Obtained Book","damage_taken":16,"max_hp_gain":0,"max_hp_loss":0,"event_name":"Cursed Tome","floor":21,"gold_loss":0},{"damage_healed":0,"gold_gain":0,"player_choice":"Gave Idol","damage_taken":0,"relics_obtained":["Bloody Idol"],"max_hp_gain":0,"max_hp_loss":0,"event_name":"Forgotten Altar","floor":22,"relics_lost":["Golden Idol"],"gold_loss":0},{"damage_healed":0,"gold_gain":0,"player_choice":"Got Potions","damage_taken":0,"max_hp_gain":0,"max_hp_loss":0,"event_name":"Lab","floor":28,"gold_loss":0},{"cards_removed":["Defend_B"],"damage_healed":0,"gold_gain":0,"player_choice":"Removed Skill","damage_taken":0,"max_hp_gain":0,"max_hp_loss":0,"event_name":"Falling","floor":36,"gold_loss":0},{"damage_healed":0,"gold_gain":0,"player_choice":"Memory 1","damage_taken":0,"max_hp_gain":0,"max_hp_loss":0,"event_name":"SensoryStone","floor":38,"gold_loss":0},{"damage_healed":0,"gold_gain":0,"player_choice":"1 cards matched","damage_taken":0,"max_hp_gain":0,"max_hp_loss":0,"event_name":"Match and Keep!","floor":46,"gold_loss":0,"cards_obtained":["Rainbow"]}],"is_beta":false,"boss_relics":[{"not_picked":["White Beast Statue","FrozenCore"],"picked":"Empty Cage"},{"not_picked":["Runic Pyramid","Astrolabe"],"picked":"Runic Dome"}],"items_purged_floors":[2,12,19],"is_endless":false,"potions_floor_spawned":[6,10,13,14,16,20,25,29,30,37,41,47,48],"ascension_level":12}