{"gold_per_floor":[366,384,314,119,139,165,165,190,214,240,240,205,11,40,40,117,117,131,131,131,145,145],"floor_reached":22,"playtime":977,"items_purged":[],"score":368,"play_id":"880148e5-7344-45f9-9aeb-db462621dd13","local_time":"20180624232101","is_ascension_mode":true,"campfire_choices":[{"floor":7,"key":"REST"},{"data":"Armaments","floor":15,"key":"SMITH"}],"neow_cost":"FIFTY_PERCENT_DAMAGE","seed_source_timestamp":611123916674537,"circlet_count":0,"master_deck":["Strike_R","Strike_R","Strike_R","Strike_R","Strike_R","Defend_R","Defend_R","Defend_R","Defend_R","Bash","AscendersBane","Armaments+1","Clothesline","Spot Weakness","Demon Form+1","Iron Wave","Reaper","Havoc"],"relics":["Burning Blood","Oddly Smooth Stone","Orichalcum","Juzu Bracelet","Dream Catcher","Bag of Preparation","Vajra","Happy Flower","Velvet Choker"],"potions_floor_usage":[10,16],"damage_taken":[{"damage":1,"enemies":"Cultist","floor":1,"turns":3},{"damage":0,"enemies":"Small Slimes","floor":2,"turns":3},{"damage":0,"enemies":"2 Louse","floor":5,"turns":2},{"damage":27,"enemies":"3 Sentries","floor":6,"turns":9},{"damage":22,"enemies":"Gremlin Nob","floor":8,"turns":5},{"damage":12,"enemies":"3 Sentries","floor":10,"turns":7},{"damage":3,"enemies":"Lagavulin","floor":14,"turns":7},{"damage":18,"enemies":"Hexaghost","floor":16,"turns":8},{"damage":14,"enemies":"Shell Parasite","floor":18,"turns":6},{"damage":16,"enemies":"Spheric Guardian","floor":21,"turns":4},{"damage":37,"enemies":"Chosen and Byrds","floor":22,"turns":5}],"seed_played":"-2591067467226124254","potions_obtained":[{"floor":1,"key":"SpeedPotion"},{"floor":6,"key":"Dexterity Potion"}],"is_trial":false,"path_per_floor":["M","M","$","$","M","E","R","E","T","E","?","?","$","E","R","B",null,"M","?","?","M"],"character_chosen":"IRONCLAD","items_purchased":["Spot Weakness","Oddly Smooth Stone","Fire Potion","Vajra","Strength Potion"],"campfire_rested":1,"item_purchase_floors":[3,4,4,13,13],"current_hp_per_floor":[39,45,45,45,51,30,52,36,36,30,30,48,48,51,51,39,66,58,58,37,27,0],"gold":145,"neow_bonus":"TWO_FIFTY_GOLD","is_prod":false,"is_daily":false,"chose_seed":false,"campfire_upgraded":1,"win_rate":0,"timestamp":1529875261,"path_taken":["M","M","?","$","?","E","R","E","T","E","?","?","$","E","R","BOSS","M","?","?","M","M"],"build_version":"2018-06-21v2","purchased_purges":0,"victory":false,"max_hp_per_floor":[75,75,75,75,75,75,75,75,75,75,75,75,75,75,75,75,75,75,75,80,80,80],"card_choices":[{"not_picked":["Pummel","Warcry"],"picked":"Armaments","floor":1},{"not_picked":["Anger","Bloodletting"],"picked":"Clothesline","floor":2},{"not_picked":["Heavy Blade","Clothesline","Armaments"],"picked":"SKIP","floor":5},{"not_picked":["True Grit","Thunderclap"],"picked":"Demon Form","floor":6},{"not_picked":["Demon Form","Rupture","Rampage"],"picked":"SKIP","floor":8},{"not_picked":["Sever Soul","Heavy Blade","Clothesline"],"picked":"SKIP","floor":10},{"not_picked":["Body Slam","Sever Soul"],"picked":"Iron Wave","floor":14},{"not_picked":["Feed","Juggernaut"],"picked":"Reaper","floor":16},{"not_picked":["Corruption","Power Through"],"picked":"Havoc","floor":18},{"not_picked":["Havoc","Pommel Strike","Shockwave"],"picked":"SKIP","floor":21}],"player_experience":694684,"relics_obtained":[{"floor":6,"key":"Orichalcum"},{"floor":8,"key":"Juzu Bracelet"},{"floor":9,"key":"Dream Catcher"},{"floor":10,"key":"Bag of Preparation"},{"floor":14,"key":"Happy Flower"}],"event_choices":[{"event_name":"Accursed Blacksmith","player_choice":"Forge","floor":11,"damage_taken":0},{"event_name":"The Cleric","player_choice":"Healed","floor":12,"damage_taken":0},{"event_name":"Drug Dealer","player_choice":"Ignored","floor":19,"damage_taken":0},{"event_name":"Forgotten Altar","player_choice":"Shed Blood","floor":20,"damage_taken":0}],"boss_relics":[{"not_picked":["Astrolabe","Snecko Eye"],"picked":"Velvet Choker"}],"items_purged_floors":[],"is_endless":false,"potions_floor_spawned":[1,6,14],"killed_by":"Chosen and Byrds","ascension_level":15}