{"gold_per_floor":[111,124,124,141,141,141,154,154,154,154,168,183,203,74,74,174,174,191,201,28,28,39,39,55,0,0,0,10,10,24,24],"floor_reached":31,"playtime":1281,"items_purged":["Strike_B","Strike_B"],"score":256,"play_id":"a0dbe15b-e8a7-4ddb-ac77-da801af50016","local_time":"20190217173150","is_ascension_mode":false,"campfire_choices":[{"data":"Zap","floor":6,"key":"SMITH"},{"data":"Hologram","floor":8,"key":"SMITH"},{"floor":15,"key":"REST"},{"floor":23,"key":"REST"},{"floor":27,"key":"REST"}],"neow_cost":"TEN_PERCENT_HP_LOSS","seed_source_timestamp":253237610099204,"circlet_count":0,"master_deck":["Strike_B","Strike_B","Defend_B","Defend_B","Defend_B","Defend_B","Zap+1","Dualcast","Fission+1","Gash","Gash","Gash","Hologram+1","Gash","Reinforced Body","Coolheaded","Sweeping Beam","Seek","Scrape+1","Leap+1","Sweeping Beam","Beam Cell","Conserve Battery","Cold Snap","Coolheaded","J.A.X.","Leap+1"],"relics":["Cracked Core"],"potions_floor_usage":[30],"damage_taken":[{"damage":0,"enemies":"Small Slimes","floor":1,"turns":3},{"damage":6,"enemies":"Jaw Worm","floor":2,"turns":4},{"damage":5,"enemies":"2 Louse","floor":4,"turns":2},{"damage":0,"enemies":"Exordium Wildlife","floor":7,"turns":3},{"damage":1,"enemies":"2 Fungi Beasts","floor":11,"turns":3},{"damage":7,"enemies":"3 Louse","floor":12,"turns":3},{"damage":8,"enemies":"Exordium Thugs","floor":13,"turns":3},{"damage":17,"enemies":"The Guardian","floor":16,"turns":8},{"damage":25,"enemies":"2 Thieves","floor":18,"turns":4},{"damage":11,"enemies":"3 Byrds","floor":19,"turns":5},{"damage":20,"enemies":"Snake Plant","floor":22,"turns":4},{"damage":5,"enemies":"Centurion and Healer","floor":24,"turns":4},{"damage":22,"enemies":"3 Cultists","floor":28,"turns":6},{"damage":21,"enemies":"Snecko","floor":30,"turns":6},{"damage":28,"enemies":"Snake Plant","floor":31,"turns":5}],"seed_played":"-3116022449896281278","potions_obtained":[{"floor":7,"key":"FocusPotion"},{"floor":11,"key":"Energy Potion"},{"floor":12,"key":"SteroidPotion"},{"floor":18,"key":"Ancient Potion"},{"floor":19,"key":"FairyPotion"}],"is_trial":false,"path_per_floor":["M","M","?","M","?","R","M","R","T","?","M","M","M","$","R","B",null,"M","M","$","?","M","R","M","?","T","R","M","?","M","M"],"character_chosen":"DEFECT","items_purchased":["Sweeping Beam","Sweeping Beam","Beam Cell"],"campfire_rested":3,"item_purchase_floors":[14,20,20],"current_hp_per_floor":[68,62,62,57,62,62,62,62,62,62,61,54,46,46,67,50,73,48,37,37,37,17,38,33,33,33,54,32,32,11,0],"gold":24,"neow_bonus":"THREE_RARE_CARDS","is_prod":false,"is_daily":false,"chose_seed":false,"campfire_upgraded":2,"win_rate":0,"timestamp":1550442710,"path_taken":["M","M","?","M","?","R","M","R","T","?","M","M","M","$","R","BOSS","M","M","$","?","M","R","M","?","T","R","M","?","?","M"],"build_version":"2019-01-23","purchased_purges":2,"victory":false,"max_hp_per_floor":[68,68,68,68,73,73,73,73,73,73,73,73,73,73,73,73,73,73,73,73,73,73,73,73,73,73,73,73,73,73,73],"card_choices":[{"not_picked":["Multi-Cast","Buffer"],"picked":"Fission","floor":0},{"not_picked":["Leap","Beam Cell"],"picked":"Gash","floor":1},{"not_picked":["Coolheaded","Aggregate"],"picked":"Gash","floor":2},{"not_picked":["Streamline","Heatsinks"],"picked":"Gash","floor":4},{"not_picked":["Melter","Loop"],"picked":"Hologram","floor":7},{"not_picked":["Beam Cell","Barrage"],"picked":"Gash","floor":11},{"not_picked":["Cold Snap","Rip and Tear"],"picked":"Reinforced Body","floor":12},{"not_picked":["Stack","Thunder Strike"],"picked":"Coolheaded","floor":13},{"not_picked":["Thunder Strike","Rainbow"],"picked":"Seek","floor":16},{"not_picked":["Ball Lightning","Turbo"],"picked":"Scrape+1","floor":18},{"not_picked":["Darkness","Rip and Tear"],"picked":"Leap+1","floor":19},{"not_picked":["Double Energy+1","Gash"],"picked":"Conserve Battery","floor":22},{"not_picked":["Hologram","Ball Lightning"],"picked":"Cold Snap","floor":24},{"not_picked":["Sweeping Beam","Loop"],"picked":"Coolheaded","floor":28},{"not_picked":["Conserve Battery","Steam"],"picked":"Leap+1","floor":30}],"player_experience":200886,"relics_obtained":[],"event_choices":[{"damage_healed":0,"gold_gain":0,"player_choice":"Grow","damage_taken":0,"max_hp_gain":0,"max_hp_loss":0,"event_name":"Living Wall","floor":3,"gold_loss":0,"cards_upgraded":["Fission"]},{"damage_healed":0,"gold_gain":0,"player_choice":"Donut","damage_taken":0,"max_hp_gain":5,"max_hp_loss":0,"event_name":"Big Fish","floor":5,"gold_loss":0},{"damage_healed":0,"gold_gain":0,"player_choice":"Ignored","damage_taken":0,"max_hp_gain":0,"max_hp_loss":0,"event_name":"Golden Idol","floor":10,"gold_loss":0},{"damage_healed":0,"gold_gain":0,"player_choice":"Ignored","damage_taken":0,"max_hp_gain":0,"max_hp_loss":0,"event_name":"Vampires","floor":21,"gold_loss":0},{"damage_healed":0,"gold_gain":0,"player_choice":"Paid Fearfully","damage_taken":0,"max_hp_gain":0,"max_hp_loss":0,"event_name":"Masked Bandits","floor":25,"gold_loss":55},{"damage_healed":0,"gold_gain":0,"player_choice":"Obtain J.A.X.","damage_taken":0,"max_hp_gain":0,"max_hp_loss":0,"event_name":"Drug Dealer","floor":29,"gold_loss":0,"cards_obtained":["J.A.X."]}],"is_beta":false,"boss_relics":[{"not_picked":[]}],"items_purged_floors":[14,20],"is_endless":false,"potions_floor_spawned":[7,11,12,18,19,22],"killed_by":"Snake Plant","ascension_level":0}