{"gold_per_floor":[114,189,189,189,204,204,219,249,249,249,264,264,294,309,309,409,409,424,424,424,56,71,101,101,101,101,26,41,41],"floor_reached":29,"playtime":1671,"items_purged":["Strike_R"],"score":251,"play_id":"8bb787c1-ec77-404b-8f56-6f6710643659","local_time":"20190228123030","daily_mods":["Heirloom","ControlledChaos","Terminal"],"is_ascension_mode":false,"campfire_choices":[{"floor":6,"key":"REST"},{"floor":12,"key":"REST"},{"data":"Strike_R","floor":15,"key":"PURGE"},{"data":"Inflame","floor":24,"key":"SMITH"},{"data":"Strike_R","floor":25,"key":"PURGE"}],"neow_cost":"","seed_source_timestamp":0,"circlet_count":0,"master_deck":["Strike_R","Strike_R","Defend_R+1","Defend_R+1","Defend_R","Defend_R","Bash","Sever Soul","Bash","Inflame+1","Metallicize","Barricade","Inflame","Heavy Blade+1","Berserk"],"special_seed":17955,"relics":["Black Blood","Frozen Eye","Ginger","Turnip","Sundial","Bottled Flame","Peace Pipe","Mummified Hand","WingedGreaves","Dead Branch"],"potions_floor_usage":[13,13,18,22,22,23],"damage_taken":[{"damage":0,"enemies":"2 Louse","floor":1,"turns":2},{"damage":0,"enemies":"Jaw Worm","floor":5,"turns":3},{"damage":2,"enemies":"Small Slimes","floor":7,"turns":3},{"damage":32,"enemies":"3 Sentries","floor":8,"turns":7},{"damage":10,"enemies":"Exordium Thugs","floor":11,"turns":5},{"damage":13,"enemies":"Gremlin Nob","floor":13,"turns":4},{"damage":12,"enemies":"Lots of Slimes","floor":14,"turns":5},{"damage":21,"enemies":"Slime Boss","floor":16,"turns":8},{"damage":24,"enemies":"Spheric Guardian","floor":18,"turns":6},{"damage":2,"enemies":"Chosen","floor":22,"turns":3},{"damage":21,"enemies":"Book of Stabbing","floor":23,"turns":5},{"damage":35,"enemies":"Snake Plant","floor":28,"turns":4},{"damage":27,"enemies":"Slavers","floor":29,"turns":3}],"seed_played":"-2833648165703776253","potions_obtained":[{"floor":5,"key":"FearPotion"},{"floor":11,"key":"Dexterity Potion"},{"floor":14,"key":"Regen Potion"},{"floor":16,"key":"Weak Potion"},{"floor":18,"key":"BloodPotion"}],"is_trial":false,"path_per_floor":["M","?","?","?","M","R","M","E","T","T","M","R","E","M","R","B",null,"M","?","?","$","M","E","R","R","T","$","M","E"],"character_chosen":"IRONCLAD","items_purchased":["Inflame","Mummified Hand","PowerPotion"],"campfire_rested":2,"item_purchase_floors":[21,21,21],"current_hp_per_floor":[78,67,52,52,58,73,72,46,46,46,42,62,55,49,49,34,62,48,38,38,38,61,50,50,50,50,50,25,0],"gold":41,"neow_bonus":"","is_prod":false,"is_daily":true,"chose_seed":false,"campfire_upgraded":1,"win_rate":0,"timestamp":1551367830,"path_taken":["M","?","?","?","?","R","?","E","T","?","M","R","E","M","R","BOSS","M","?","?","?","M","E","R","R","T","$","?","E"],"build_version":"2019-01-23","purchased_purges":1,"victory":false,"max_hp_per_floor":[78,77,76,75,74,73,72,71,70,69,68,67,66,65,64,63,62,61,65,64,63,62,61,60,59,58,57,56,56],"card_choices":[{"not_picked":["Clash","Wild Strike"],"picked":"Sever Soul","floor":1},{"not_picked":["Iron Wave","True Grit","Body Slam"],"picked":"SKIP","floor":5},{"not_picked":["Cleave","Body Slam","Sword Boomerang"],"picked":"SKIP","floor":7},{"not_picked":["Pummel","Shrug It Off"],"picked":"Inflame","floor":8},{"not_picked":["True Grit","Juggernaut"],"picked":"Metallicize","floor":11},{"not_picked":["Entrench","Iron Wave","Ghostly Armor"],"picked":"SKIP","floor":13},{"not_picked":["Blood for Blood","Warcry","Carnage"],"picked":"SKIP","floor":14},{"not_picked":["Offering","Juggernaut"],"picked":"Barricade","floor":16},{"not_picked":["Clothesline+1","Battle Trance","Heavy Blade"],"picked":"SKIP","floor":18},{"not_picked":["Havoc","Anger"],"picked":"Heavy Blade+1","floor":22},{"not_picked":["Flame Barrier","Headbutt"],"picked":"Berserk","floor":23},{"not_picked":["Wild Strike","Flex","Warcry"],"picked":"SKIP","floor":28}],"player_experience":139669,"relics_obtained":[{"floor":8,"key":"Turnip"},{"floor":9,"key":"Sundial"},{"floor":10,"key":"Bottled Flame"},{"floor":13,"key":"Peace Pipe"},{"floor":23,"key":"WingedGreaves"},{"floor":26,"key":"Dead Branch"}],"event_choices":[{"damage_healed":0,"gold_gain":75,"player_choice":"Gather Gold","damage_taken":11,"max_hp_gain":0,"max_hp_loss":0,"event_name":"World of Goop","floor":2,"gold_loss":0},{"damage_healed":0,"gold_gain":0,"player_choice":"Entered Light","damage_taken":15,"max_hp_gain":0,"max_hp_loss":0,"event_name":"Shining Light","floor":3,"gold_loss":0,"cards_upgraded":["Defend_R","Defend_R"]},{"damage_healed":0,"gold_gain":0,"player_choice":"1 cards matched","damage_taken":0,"max_hp_gain":0,"max_hp_loss":0,"event_name":"Match and Keep!","floor":4,"gold_loss":0,"cards_obtained":["Bash"]},{"damage_healed":0,"gold_gain":0,"player_choice":"Shed Blood","damage_taken":15,"max_hp_gain":5,"max_hp_loss":0,"event_name":"Forgotten Altar","floor":19,"gold_loss":0},{"damage_healed":0,"gold_gain":0,"player_choice":"Ignored","damage_taken":0,"max_hp_gain":0,"max_hp_loss":0,"event_name":"Vampires","floor":20,"gold_loss":0}],"is_beta":false,"boss_relics":[{"not_picked":["Runic Dome","White Beast Statue"],"picked":"Black Blood"}],"items_purged_floors":[27],"is_endless":false,"potions_floor_spawned":[5,11,14,16,18],"killed_by":"Slavers","ascension_level":0}