{"gold_per_floor":[216,68,88,53,63,63,91,91,139,165,165,94,126,137,137,216,216,231,242,253,14,14,73,73,90,90,90,90],"floor_reached":28,"playtime":1853,"items_purged":[],"score":448,"play_id":"14a36053-44e9-4371-b706-0947bd184df2","local_time":"20180630102510","is_ascension_mode":true,"campfire_choices":[{"data":"Neutralize","floor":6,"key":"SMITH"},{"floor":11,"key":"REST"},{"data":"Noxious Fumes","floor":15,"key":"SMITH"},{"floor":24,"key":"REST"},{"floor":27,"key":"REST"}],"neow_cost":"NONE","seed_source_timestamp":1082097464396118,"circlet_count":0,"master_deck":["Survivor","Neutralize+1","AscendersBane","Dodge and Roll","Dodge and Roll","Flechettes","Wraith Form v2","Dodge and Roll","Caltrops","Cloak And Dagger","Noxious Fumes+1","Tools of the Trade","Quick Slash","Blur","Quick Slash","Backstab","Dagger Spray","Flying Knee","Poisoned Stab","Dash","Outmaneuver","Prepared","Footwork+1","Footwork","Acrobatics","Footwork+1"],"relics":["Ring of the Snake","Oddly Smooth Stone","Art of War","Strawberry","Bag of Marbles","Anchor","Pandora\u0027s Box","Ninja Scroll","Tiny Chest","Singing Bowl"],"potions_floor_usage":[7,10,13,13,16,23,28],"damage_taken":[{"damage":0,"enemies":"Jaw Worm","floor":1,"turns":6},{"damage":4,"enemies":"Cultist","floor":3,"turns":5},{"damage":4,"enemies":"Small Slimes","floor":5,"turns":5},{"damage":15,"enemies":"Gremlin Nob","floor":7,"turns":5},{"damage":18,"enemies":"3 Sentries","floor":10,"turns":9},{"damage":35,"enemies":"Lagavulin","floor":13,"turns":17},{"damage":0,"enemies":"Blue Slaver","floor":14,"turns":3},{"damage":27,"enemies":"Hexaghost","floor":16,"turns":13},{"damage":15,"enemies":"Shell Parasite","floor":18,"turns":5},{"damage":4,"enemies":"Chosen","floor":19,"turns":5},{"damage":4,"enemies":"Centurion and Healer","floor":20,"turns":10},{"damage":16,"enemies":"Slavers","floor":23,"turns":5},{"damage":13,"enemies":"Chosen and Byrds","floor":25,"turns":9},{"damage":54,"enemies":"Gremlin Leader","floor":28,"turns":10}],"seed_played":"7281141384907140613","potions_obtained":[{"floor":1,"key":"Fire Potion"},{"floor":8,"key":"Poison Potion"},{"floor":8,"key":"Dexterity Potion"},{"floor":10,"key":"PowerPotion"},{"floor":13,"key":"Regen Potion"},{"floor":14,"key":"Strength Potion"},{"floor":18,"key":"Dexterity Potion"}],"is_trial":false,"path_per_floor":["M","$","M","?","M","R","E","?","T","E","R","$","E","M","R","B",null,"M","M","M","$","?","E","R","M","T","R"],"character_chosen":"THE_SILENT","items_purchased":["Oddly Smooth Stone","Caltrops","Ninja Scroll"],"campfire_rested":3,"item_purchase_floors":[2,12,21],"current_hp_per_floor":[59,59,55,66,62,62,47,47,54,36,57,57,22,22,22,10,57,42,38,34,34,34,18,39,26,26,47,0],"gold":90,"neow_bonus":"HUNDRED_GOLD","is_prod":false,"is_daily":false,"chose_seed":false,"campfire_upgraded":2,"win_rate":0,"timestamp":1530347110,"path_taken":["M","$","M","?","M","R","E","?","T","E","R","$","E","M","R","BOSS","M","M","M","$","?","E","R","?","T","R","E"],"build_version":"2018-06-28","purchased_purges":0,"victory":false,"max_hp_per_floor":[66,66,66,66,66,66,66,66,73,73,73,73,73,73,73,73,73,73,73,73,73,73,73,73,73,73,73,73],"card_choices":[{"not_picked":["Calculated Gamble","Deflect"],"picked":"Dodge and Roll","floor":1},{"not_picked":["Deadly Poison","Burst"],"picked":"Dodge and Roll","floor":3},{"not_picked":["Escape Plan","Prepared"],"picked":"Flechettes","floor":5},{"not_picked":["Setup","Choke"],"picked":"Wraith Form v2","floor":7},{"not_picked":["Slice","Flying Knee"],"picked":"Dodge and Roll","floor":10},{"not_picked":["Blade Dance","Escape Plan"],"picked":"Cloak And Dagger","floor":13},{"not_picked":["Calculated Gamble","Terror"],"picked":"Noxious Fumes","floor":14},{"not_picked":["Night Terror","Unload"],"picked":"Tools of the Trade","floor":16},{"not_picked":["Heel Hook","Poisoned Stab"],"picked":"Footwork+1","floor":18},{"not_picked":["Expertise","Poisoned Stab"],"picked":"Footwork","floor":19},{"not_picked":["Dagger Throw","Setup"],"picked":"Acrobatics","floor":20},{"not_picked":["Quick Slash+1","Sucker Punch","Slice"],"picked":"SKIP","floor":23},{"not_picked":["Quick Slash","Deflect"],"picked":"Footwork+1","floor":25}],"player_experience":696668,"relics_obtained":[{"floor":7,"key":"Art of War"},{"floor":9,"key":"Strawberry"},{"floor":10,"key":"Bag of Marbles"},{"floor":13,"key":"Anchor"},{"floor":23,"key":"Tiny Chest"},{"floor":26,"key":"Singing Bowl"}],"event_choices":[{"event_name":"The Cleric","player_choice":"Healed","floor":4,"damage_taken":0},{"event_name":"The Lab","player_choice":"Got Potions","floor":8,"damage_taken":0},{"event_name":"Vampires","player_choice":"Ignored","floor":22,"damage_taken":0}],"boss_relics":[{"not_picked":["Orrery","Philosopher\u0027s Stone"],"picked":"Pandora\u0027s Box"}],"items_purged_floors":[],"is_endless":false,"potions_floor_spawned":[1,10,13,14,18,19],"killed_by":"Gremlin Leader","ascension_level":15}