{"gold_per_floor":[109,119,119,130,130,130,130,149,196,208,200,230,255,46,46,46],"floor_reached":16,"playtime":623,"items_purged":["Strike_R"],"score":124,"play_id":"0e702300-65d5-4c7d-a52b-6b0928815993","local_time":"20181110131146","is_ascension_mode":true,"campfire_choices":[{"data":"True Grit","floor":6,"key":"SMITH"},{"data":"Feel No Pain","floor":10,"key":"SMITH"},{"data":"Juggernaut","floor":15,"key":"SMITH"}],"neow_cost":"NONE","seed_source_timestamp":529588079480993,"circlet_count":0,"master_deck":["Strike_R","Strike_R","Strike_R","Strike_R","Defend_R","Defend_R","Defend_R","Defend_R","Bash","Feel No Pain+1","Warcry","Metallicize","True Grit+1","Body Slam","Reckless Charge","Wild Strike","Juggernaut+1"],"relics":["Burning Blood","Art of War","Golden Idol","MawBank"],"potions_floor_usage":[8,12,13],"damage_taken":[{"damage":10,"enemies":"Small Slimes","floor":1,"turns":4},{"damage":10,"enemies":"2 Louse","floor":2,"turns":4},{"damage":10,"enemies":"Jaw Worm","floor":4,"turns":6},{"damage":15,"enemies":"Exordium Thugs","floor":8,"turns":7},{"damage":4,"enemies":"Exordium Wildlife","floor":12,"turns":5},{"damage":25,"enemies":"Gremlin Gang","floor":13,"turns":5},{"damage":26,"enemies":"Slime Boss","floor":16,"turns":3}],"seed_played":"1221622450509712022","potions_obtained":[{"floor":1,"key":"LiquidBronze"},{"floor":4,"key":"Energy Potion"},{"floor":11,"key":"Fruit Juice"}],"is_trial":false,"path_per_floor":["M","M","?","M","?","R","?","M","T","R","?","M","M","$","R","B"],"character_chosen":"IRONCLAD","items_purchased":["Juggernaut"],"campfire_rested":0,"item_purchase_floors":[14],"current_hp_per_floor":[68,64,57,53,53,53,46,37,37,37,37,44,25,25,25,0],"gold":46,"neow_bonus":"THREE_CARDS","is_prod":false,"is_daily":false,"chose_seed":false,"campfire_upgraded":3,"win_rate":0,"timestamp":1541873506,"path_taken":["M","M","?","M","?","R","?","?","T","R","?","M","?","?","R","BOSS"],"build_version":"2018-11-08","purchased_purges":1,"victory":false,"max_hp_per_floor":[80,80,80,80,80,80,80,80,80,80,80,85,85,85,85,85],"card_choices":[{"not_picked":["Burning Pact","Shrug It Off"],"picked":"Feel No Pain","floor":0},{"not_picked":["Cleave","Pommel Strike"],"picked":"Warcry","floor":1},{"not_picked":["Shrug It Off","Evolve"],"picked":"Metallicize","floor":2},{"not_picked":["Warcry","Headbutt"],"picked":"True Grit","floor":4},{"not_picked":["Dropkick","Sword Boomerang"],"picked":"Body Slam","floor":8},{"not_picked":["Shrug It Off","Anger"],"picked":"Reckless Charge","floor":12},{"not_picked":["Clash","Iron Wave"],"picked":"Wild Strike","floor":13}],"player_experience":345833,"relics_obtained":[{"floor":9,"key":"MawBank"}],"event_choices":[{"damage_healed":0,"gold_gain":0,"player_choice":"Success","damage_taken":7,"relics_obtained":["Art of War"],"max_hp_gain":0,"max_hp_loss":0,"event_name":"Scrap Ooze","floor":3,"gold_loss":0},{"damage_healed":0,"gold_gain":0,"player_choice":"Take Wound","damage_taken":0,"relics_obtained":["Golden Idol"],"max_hp_gain":0,"max_hp_loss":0,"event_name":"Golden Idol","floor":5,"gold_loss":0,"cards_obtained":["Injury"]},{"cards_removed":["Injury"],"damage_healed":0,"gold_gain":0,"player_choice":"Card Removal","damage_taken":7,"max_hp_gain":0,"max_hp_loss":0,"event_name":"Golden Wing","floor":7,"gold_loss":0},{"damage_healed":0,"gold_gain":0,"player_choice":"Bought 1 Potion","damage_taken":0,"max_hp_gain":0,"max_hp_loss":0,"event_name":"The Woman in Blue","floor":11,"gold_loss":0}],"is_beta":true,"boss_relics":[],"items_purged_floors":[14],"is_endless":false,"potions_floor_spawned":[1,4],"killed_by":"Slime Boss","ascension_level":7}