{"gold_per_floor":[113,126,145,160,177,177,193,193,217,217,217,236,214,225,225,225],"floor_reached":16,"playtime":621,"items_purged":[],"score":196,"play_id":"6a8e979c-6bbe-43ea-8517-38063e211fe3","local_time":"20190213205543","is_ascension_mode":true,"campfire_choices":[{"data":"Defragment","floor":6,"key":"SMITH"},{"data":"Zap","floor":8,"key":"SMITH"},{"data":"Dualcast","floor":11,"key":"SMITH"},{"floor":15,"key":"REST"}],"neow_cost":"NONE","seed_source_timestamp":644285326373400,"circlet_count":0,"master_deck":["AscendersBane","Strike_B","Strike_B","Strike_B","Strike_B","Defend_B","Defend_B","Defend_B","Defend_B","Zap+1","Dualcast+1","Gash","Defragment+1","Glacier","Conserve Battery","Consume","Cold Snap","Coolheaded","Chill","Conserve Battery"],"relics":["Cracked Core","Blood Vial","NlothsMask"],"potions_floor_usage":[14,16],"damage_taken":[{"damage":1,"enemies":"Cultist","floor":1,"turns":4},{"damage":8,"enemies":"2 Louse","floor":2,"turns":2},{"damage":7,"enemies":"Jaw Worm","floor":3,"turns":3},{"damage":34,"enemies":"Exordium Thugs","floor":4,"turns":7},{"damage":0,"enemies":"Blue Slaver","floor":5,"turns":5},{"damage":3,"enemies":"3 Louse","floor":7,"turns":5},{"damage":5,"enemies":"2 Fungi Beasts","floor":12,"turns":3},{"damage":0,"enemies":"Exordium Thugs","floor":13,"turns":5},{"damage":2,"enemies":"Looter","floor":14,"turns":3},{"damage":47,"enemies":"Hexaghost","floor":16,"turns":12}],"seed_played":"7755247561817613966","potions_obtained":[{"floor":2,"key":"LiquidBronze"},{"floor":4,"key":"Energy Potion"},{"floor":7,"key":"AttackPotion"},{"floor":14,"key":"Energy Potion"}],"is_trial":false,"path_per_floor":["M","M","M","M","M","R","M","R","T","?","R","M","M","M","R","B"],"character_chosen":"DEFECT","items_purchased":[],"campfire_rested":1,"item_purchase_floors":[],"current_hp_per_floor":[70,62,55,21,21,21,18,18,18,18,18,15,17,17,40,0],"gold":225,"neow_bonus":"TEN_PERCENT_HP_BONUS","is_prod":false,"is_daily":false,"chose_seed":false,"campfire_upgraded":3,"win_rate":0,"timestamp":1550120143,"path_taken":["M","M","M","M","M","R","M","R","T","?","R","M","M","?","R","BOSS"],"build_version":"2019-01-23","purchased_purges":0,"victory":false,"max_hp_per_floor":[78,78,78,78,78,78,78,78,78,78,78,78,78,78,78,78],"card_choices":[{"not_picked":["Rebound","Barrage"],"picked":"Gash","floor":1},{"not_picked":["Streamline","Consume"],"picked":"Defragment","floor":2},{"not_picked":["Turbo","All For One"],"picked":"Glacier","floor":3},{"not_picked":["Beam Cell","Redo"],"picked":"Conserve Battery","floor":4},{"not_picked":["Scrape","Stack"],"picked":"Consume","floor":5},{"not_picked":["Melter","FTL"],"picked":"Cold Snap","floor":7},{"not_picked":["Rebound","Lockon"],"picked":"Coolheaded","floor":12},{"not_picked":["Hologram","Go for the Eyes"],"picked":"Chill","floor":13},{"not_picked":["Turbo","Storm"],"picked":"Conserve Battery","floor":14}],"player_experience":685631,"relics_obtained":[{"floor":9,"key":"Blood Vial"}],"event_choices":[{"damage_healed":0,"gold_gain":0,"player_choice":"Trade","damage_taken":0,"relics_obtained":["NlothsMask"],"max_hp_gain":0,"max_hp_loss":0,"event_name":"FaceTrader","floor":10,"gold_loss":0}],"is_beta":false,"boss_relics":[],"items_purged_floors":[],"is_endless":false,"potions_floor_spawned":[2,4,7,12,14],"killed_by":"Hexaghost","ascension_level":20}