{"gold_per_floor":[109,135,150,100,120,149,149,180,257,257,587,587,587,587,587,689,689,700,710,710,725,278,278,298,298,322,322,322,350,368,39,39,137,137,151,74,74,87,104,104,136,136,136,136,155,186,111,137,137,137,137,137,15,43,43],"floor_reached":56,"playtime":4771,"items_purged":[],"score":1370,"play_id":"df487a28-5755-4aaf-b85c-6d5329310cbc","local_time":"20190303101123","is_ascension_mode":true,"campfire_choices":[{"data":"Neutralize","floor":7,"key":"SMITH"},{"data":"Well Laid Plans","floor":10,"key":"SMITH"},{"data":"Predator","floor":12,"key":"SMITH"},{"data":"Strike_G","floor":15,"key":"SMITH"},{"data":"Flechettes","floor":23,"key":"SMITH"},{"data":"Infinite Blades","floor":28,"key":"SMITH"},{"data":"A Thousand Cuts","floor":32,"key":"SMITH"},{"floor":40,"key":"RECALL"},{"data":"Noxious Fumes","floor":42,"key":"SMITH"},{"data":"Footwork","floor":49,"key":"SMITH"},{"data":"Endless Agony","floor":52,"key":"SMITH"}],"neow_cost":"TEN_PERCENT_HP_LOSS","seed_source_timestamp":1279942107241,"circlet_count":0,"master_deck":["Defend_G+1","Defend_G+1","Defend_G+1","Defend_G+1","Defend_G+1","Strike_G+1","Strike_G+1","Strike_G+1","Neutralize+1","Well Laid Plans+1","Predator+1","Infinite Blades+1","Leg Sweep+1","Cloak And Dagger+1","Malaise+1","Expertise+1","Corpse Explosion+1","Footwork+1","All Out Attack","Quick Slash+1","Dodge and Roll+1","Doppelganger+1","Flechettes+1","Dodge and Roll+1","Prepared+1","Noxious Fumes+1","Mayhem+1","A Thousand Cuts+1","Die Die Die","Flechettes+1","Blur+1","Endless Agony+1","Footwork+1","Escape Plan+1","Malaise+1"],"relics":["Ring of the Snake","Torii","PreservedInsect","Toxic Egg 2","Omamori","Bottled Lightning","Old Coin","Coffee Dripper","Shuriken","Lantern","Bird Faced Urn","Busted Crown","Whetstone","Dodecahedron","Potion Belt","Ninja Scroll"],"potions_floor_usage":[6,16,29,29,50,50,50,54,55,55],"damage_taken":[{"damage":1,"enemies":"Cultist","floor":1,"turns":4},{"damage":0,"enemies":"Small Slimes","floor":3,"turns":4},{"damage":0,"enemies":"Jaw Worm","floor":5,"turns":3},{"damage":21,"enemies":"Gremlin Nob","floor":6,"turns":4},{"damage":0,"enemies":"Lagavulin","floor":8,"turns":6},{"damage":3,"enemies":"3 Sentries","floor":11,"turns":8},{"damage":2,"enemies":"Hexaghost","floor":16,"turns":13},{"damage":7,"enemies":"2 Thieves","floor":18,"turns":3},{"damage":5,"enemies":"3 Byrds","floor":19,"turns":3},{"damage":2,"enemies":"Shelled Parasite and Fungi","floor":21,"turns":6},{"damage":1,"enemies":"Snake Plant","floor":24,"turns":3},{"damage":1,"enemies":"Slavers","floor":29,"turns":2},{"damage":0,"enemies":"Centurion and Healer","floor":30,"turns":3},{"damage":22,"enemies":"Automaton","floor":33,"turns":8},{"damage":0,"enemies":"Orb Walker","floor":35,"turns":3},{"damage":0,"enemies":"3 Darklings","floor":38,"turns":3},{"damage":1,"enemies":"Transient","floor":39,"turns":5},{"damage":15,"enemies":"Nemesis","floor":41,"turns":5},{"damage":0,"enemies":"4 Shapes","floor":45,"turns":5},{"damage":0,"enemies":"Giant Head","floor":46,"turns":6},{"damage":14,"enemies":"Reptomancer","floor":48,"turns":5},{"damage":1,"enemies":"Donu and Deca","floor":50,"turns":6},{"damage":19,"enemies":"Shield and Spear","floor":54,"turns":3},{"damage":28,"enemies":"The Heart","floor":55,"turns":11}],"seed_played":"8380432623410689288","potions_obtained":[{"floor":3,"key":"Swift Potion"},{"floor":5,"key":"EssenceOfSteel"},{"floor":8,"key":"Ancient Potion"},{"floor":16,"key":"Regen Potion"},{"floor":21,"key":"Regen Potion"},{"floor":29,"key":"Dexterity Potion"},{"floor":30,"key":"PowerPotion"},{"floor":41,"key":"Strength Potion"},{"floor":48,"key":"Swift Potion"}],"is_trial":false,"path_per_floor":["M","T","M","?","M","E","R","E","T","R","E","R","?","?","R","B",null,"M","M","?","M","$","R","M","?","T","?","R","E","M","$","R","B",null,"M","$","?","M","M","R","E","R","T","?","M","E","$","E","R","B",null,"R","$","E","B",null],"character_chosen":"THE_SILENT","items_purchased":["Shuriken","Dodge and Roll+1","Doppelganger+1","Flechettes","Mayhem","A Thousand Cuts","Flechettes","Footwork","GhostInAJar","SteroidPotion"],"campfire_rested":0,"item_purchase_floors":[22,22,22,22,31,31,36,47,53,53],"current_hp_per_floor":[62,62,62,62,62,41,41,41,41,41,38,38,38,38,38,36,63,56,51,51,49,49,49,48,48,48,48,48,63,63,63,63,47,63,63,63,63,63,63,63,52,52,52,52,58,63,63,51,51,63,63,63,63,44,30],"gold":43,"neow_bonus":"ONE_RARE_RELIC","is_prod":false,"is_daily":false,"chose_seed":false,"campfire_upgraded":10,"win_rate":0,"timestamp":1551604283,"path_taken":["M","?","M","?","M","E","R","E","T","R","E","R","?","?","R","BOSS","M","M","?","?","$","R","M","?","T","?","R","E","M","$","R","BOSS","M","$","?","M","?","R","E","R","T","?","?","E","?","E","R","BOSS","R","$","E","BOSS"],"build_version":"2019-01-23","purchased_purges":0,"victory":true,"max_hp_per_floor":[63,63,63,63,63,63,63,63,63,63,63,63,63,63,63,63,63,63,63,63,63,63,63,63,63,63,63,63,63,63,63,63,63,63,63,63,63,63,63,63,63,63,63,63,63,63,63,63,63,63,63,63,63,63,63],"card_choices":[{"not_picked":["Deadly Poison","Riddle With Holes"],"picked":"Well Laid Plans","floor":1},{"not_picked":["Prepared","Acrobatics"],"picked":"Predator","floor":3},{"not_picked":["Prepared","Noxious Fumes"],"picked":"Infinite Blades","floor":5},{"not_picked":["Heel Hook","Quick Slash"],"picked":"Leg Sweep","floor":6},{"not_picked":["Quick Slash","Leg Sweep+1"],"picked":"Cloak And Dagger+1","floor":8},{"not_picked":["Dodge and Roll+1","Flying Knee"],"picked":"Malaise+1","floor":11},{"not_picked":["Night Terror+1","Bullet Time+1"],"picked":"Corpse Explosion+1","floor":16},{"not_picked":["Dagger Throw","Eviscerate","Infinite Blades"],"picked":"SKIP","floor":18},{"not_picked":["Outmaneuver+1","PiercingWail+1"],"picked":"Footwork+1","floor":19},{"not_picked":["Slice","Reflex+1"],"picked":"Quick Slash","floor":21},{"not_picked":["Poisoned Stab","Corpse Explosion+1"],"picked":"Dodge and Roll+1","floor":24},{"not_picked":["Dagger Throw","Quick Slash"],"picked":"Prepared+1","floor":29},{"not_picked":["Accuracy","Dodge and Roll+1"],"picked":"Noxious Fumes","floor":30},{"not_picked":["Grand Finale","Venomology+1"],"picked":"Die Die Die","floor":33},{"not_picked":["Deflect+1"],"picked":"SKIP","floor":35},{"not_picked":["Dagger Spray"],"picked":"SKIP","floor":38},{"not_picked":[],"picked":"Blur+1","floor":39},{"not_picked":["Setup+1"],"picked":"SKIP","floor":41},{"not_picked":["Deadly Poison+1"],"picked":"SKIP","floor":45},{"not_picked":["Quick Slash"],"picked":"SKIP","floor":46},{"not_picked":[],"picked":"Escape Plan+1","floor":48},{"not_picked":[],"picked":"Malaise+1","floor":54}],"player_experience":1047940,"relics_obtained":[{"floor":2,"key":"PreservedInsect"},{"floor":6,"key":"Toxic Egg 2"},{"floor":8,"key":"Omamori"},{"floor":9,"key":"Bottled Lightning"},{"floor":11,"key":"Old Coin"},{"floor":26,"key":"Lantern"},{"floor":29,"key":"Bird Faced Urn"},{"floor":41,"key":"Whetstone"},{"floor":46,"key":"Dodecahedron"},{"floor":48,"key":"Potion Belt"},{"floor":54,"key":"Ninja Scroll"}],"event_choices":[{"cards_removed":["Strike_G"],"damage_healed":0,"gold_gain":0,"player_choice":"Card Removal","damage_taken":0,"max_hp_gain":0,"max_hp_loss":0,"event_name":"The Cleric","floor":4,"gold_loss":50},{"damage_healed":0,"gold_gain":0,"cards_transformed":["Strike_G"],"player_choice":"Change","damage_taken":0,"max_hp_gain":0,"max_hp_loss":0,"event_name":"Living Wall","floor":13,"gold_loss":0,"cards_obtained":["Expertise"]},{"damage_healed":0,"gold_gain":0,"player_choice":"Fled","damage_taken":0,"max_hp_gain":0,"max_hp_loss":0,"event_name":"Scrap Ooze","floor":14,"gold_loss":0},{"damage_healed":0,"gold_gain":0,"player_choice":"1 cards matched","damage_taken":0,"max_hp_gain":0,"max_hp_loss":0,"event_name":"Match and Keep!","floor":20,"gold_loss":0,"cards_obtained":["All Out Attack"]},{"damage_healed":0,"gold_gain":0,"player_choice":"Ignored","damage_taken":0,"max_hp_gain":0,"max_hp_loss":0,"event_name":"Ghosts","floor":25,"gold_loss":0},{"damage_healed":0,"gold_gain":0,"player_choice":"Simplicity","damage_taken":0,"max_hp_gain":0,"max_hp_loss":0,"event_name":"Back to Basics","floor":27,"gold_loss":0,"cards_upgraded":["Defend_G","Defend_G","Defend_G","Defend_G","Defend_G","Strike_G","Strike_G"]},{"damage_healed":0,"gold_gain":0,"player_choice":"Upgraded","damage_taken":0,"max_hp_gain":0,"max_hp_loss":0,"event_name":"Upgrade Shrine","floor":37,"gold_loss":0,"cards_upgraded":["Mayhem"]},{"damage_healed":0,"gold_gain":0,"cards_transformed":["Survivor"],"player_choice":"Transformed","damage_taken":0,"max_hp_gain":0,"max_hp_loss":0,"event_name":"Transmorgrifier","floor":44,"gold_loss":0,"cards_obtained":["Endless Agony"]}],"is_beta":false,"boss_relics":[{"not_picked":["Ring of the Serpent","Lizard Tail"],"picked":"Coffee Dripper"},{"not_picked":["Pandora\u0027s Box","White Beast Statue"],"picked":"Busted Crown"}],"items_purged_floors":[],"is_endless":false,"potions_floor_spawned":[3,5,8,16,21,29,30,35,41,48],"ascension_level":1}