{"path_per_floor":["M","M","?","?","?","E","R","E","T","M","R","M","$","M","R","B",null,"M","?","?","M","?","R","E","M","T","$","M","M","R","E","R","B",null,"M","M","M","?","T","R","E","T","T","M","M","R","$","?","R","B"],"character_chosen":"IRONCLAD","items_purchased":["Toxic Egg 2","Whirlwind","Feel No Pain","Bottled Flame"],"gold_per_floor":[115,131,206,206,206,237,237,269,269,288,288,305,56,73,73,168,168,180,180,180,200,115,115,146,162,162,21,34,50,50,83,83,185,185,202,214,225,225,225,255,288,288,314,325,342,342,29,29,29,29],"floor_reached":51,"campfire_rested":0,"playtime":1393,"current_hp_per_floor":[80,76,65,65,65,40,40,54,54,60,60,66,66,72,72,22,80,80,80,64,57,57,57,28,23,23,23,14,22,22,28,28,31,80,80,79,50,50,50,50,20,20,20,28,9,9,9,90,90,40],"items_purged":["Writhe"],"gold":29,"score":751,"play_id":"d940325f-5a2a-441b-a942-7383980b4347","local_time":"20180326144630","is_prod":false,"is_daily":false,"is_ascension_mode":false,"campfire_upgraded":6,"timestamp":1522043190,"path_taken":["M","M","?","?","?","E","R","E","T","M","R","?","$","M","R","BOSS","M","?","?","M","?","R","E","M","T","$","M","M","R","E","R","BOSS","M","?","M","?","?","R","E","?","T","M","?","R","$","?","R","BOSS"],"build_version":"2018-03-22v2","purchased_purges":1,"victory":true,"master_deck":["Strike_R","Strike_R","Strike_R","Strike_R","Strike_R","Bash","Perfected Strike+1","Demon Form+1","Pommel Strike","Bludgeon+1","Thunderclap","Perfected Strike+1","Pummel+1","Fiend Fire+1","Combust+1","True Grit+1","Pommel Strike+1","Rage+1","Whirlwind+1","Feel No Pain","Perfected Strike+1","Perfected Strike+1","Havoc+1","Fiend Fire","Metallicize+1","Dual Wield+1","Havoc+1","Limit Break+1","Seeing Red+1","Perfected Strike"],"max_hp_per_floor":[80,80,80,80,80,80,80,80,80,80,80,80,80,80,80,80,80,80,80,80,80,80,80,80,80,80,80,80,80,80,80,80,80,80,80,80,80,80,80,80,80,80,80,80,80,80,80,90,90,90],"relics":["Burning Blood","Thread and Needle","Ancient Tea Set","Anchor","Toxic Egg 2","Astrolabe","Enchiridion","Champion Belt","Blood Vial","Red Skull","Happy Flower","Lizard Tail","Shovel","Tiny Chest","Pantograph","Ginger","Lantern","Singing Bowl","Bottled Flame","Calipers"],"card_choices":[{"not_picked":["Inflame","Uppercut"],"picked":"Perfected Strike","floor":1},{"not_picked":["Armaments","Havoc"],"picked":"Demon Form","floor":2},{"not_picked":["Ghostly Armor","Sentinel"],"picked":"Pommel Strike","floor":6},{"not_picked":["Wild Strike","Dual Wield"],"picked":"Bludgeon","floor":8},{"not_picked":["Burning Pact","Anger"],"picked":"Thunderclap","floor":10},{"not_picked":["Sword Boomerang","Burning Pact"],"picked":"Perfected Strike","floor":14},{"not_picked":["Impervious","Dark Embrace"],"picked":"Demon Form","floor":16},{"not_picked":["Warcry","Iron Wave"],"picked":"True Grit","floor":18},{"not_picked":["Sentinel","Shrug It Off"],"picked":"Pommel Strike","floor":24},{"not_picked":["Second Wind","Shrug It Off"],"picked":"Rage","floor":25},{"not_picked":["Thunderclap","Clothesline"],"picked":"Perfected Strike","floor":28},{"not_picked":["Corruption","Second Wind"],"picked":"Perfected Strike","floor":29},{"not_picked":["Shrug It Off","Rampage"],"picked":"Havoc","floor":31},{"not_picked":["Berserk","Impervious"],"picked":"Fiend Fire","floor":33},{"not_picked":["Clash","Fire Breathing"],"picked":"Metallicize","floor":35},{"not_picked":["Clothesline","Battle Trance"],"picked":"Dual Wield","floor":36},{"not_picked":["Heavy Blade","Clothesline"],"picked":"Havoc","floor":37},{"not_picked":["Inflame","Headbutt"],"picked":"Limit Break","floor":41},{"not_picked":["Shrug It Off","Spot Weakness"],"picked":"Seeing Red","floor":44},{"not_picked":["Blood for Blood","Pommel Strike"],"picked":"Perfected Strike","floor":45}],"player_experience":363766,"potions_floor_usage":[8,25,50,50],"damage_taken":[{"damage":5,"enemies":"2 Louse","floor":1,"turns":3},{"damage":10,"enemies":"Small Slimes","floor":2,"turns":3},{"damage":31,"enemies":"Lagavulin","floor":6,"turns":5},{"damage":7,"enemies":"3 Sentries","floor":8,"turns":6},{"damage":0,"enemies":"Cultist","floor":10,"turns":4},{"damage":0,"enemies":"Lots of Slimes","floor":12,"turns":4},{"damage":0,"enemies":"3 Louse","floor":14,"turns":3},{"damage":56,"enemies":"Hexaghost","floor":16,"turns":6},{"damage":0,"enemies":"Chosen","floor":18,"turns":3},{"damage":13,"enemies":"3 Byrds","floor":21,"turns":6},{"damage":35,"enemies":"Book of Stabbing","floor":24,"turns":5},{"damage":13,"enemies":"Sentry and Sphere","floor":25,"turns":5},{"damage":17,"enemies":"3 Cultists","floor":28,"turns":5},{"damage":0,"enemies":"Centurion and Healer","floor":29,"turns":3},{"damage":2,"enemies":"Slavers","floor":31,"turns":3},{"damage":5,"enemies":"Automaton","floor":33,"turns":6},{"damage":0,"enemies":"Orb Walker","floor":35,"turns":2},{"damage":7,"enemies":"3 Shapes","floor":36,"turns":3},{"damage":36,"enemies":"3 Darklings","floor":37,"turns":4},{"damage":38,"enemies":"Giant Head","floor":41,"turns":8},{"damage":0,"enemies":"Maw","floor":44,"turns":4},{"damage":27,"enemies":"Sphere and 2 Shapes","floor":45,"turns":4},{"damage":111,"enemies":"Donu and Deca","floor":50,"turns":8}],"event_choices":[{"event_name":"World of Goop","player_choice":"Gather Gold","floor":3,"damage_taken":0},{"event_name":"Wheel of Change","player_choice":"Card Removal","floor":4,"damage_taken":0},{"event_name":"The Woman in Blue","player_choice":"Bought 0 Potions","floor":5,"damage_taken":0},{"event_name":"Match and Keep!","player_choice":"1 cards matched","floor":19,"damage_taken":0},{"event_name":"Cursed Tome","player_choice":"Obtained Book","floor":20,"damage_taken":0},{"event_name":"Addict","player_choice":"Obtained Relic","floor":22,"damage_taken":0},{"event_name":"Tomb of Lord Red Mask","player_choice":"Ignored","floor":38,"damage_taken":0},{"event_name":"Bonfire Elementals","player_choice":"RARE","floor":48,"damage_taken":0}],"boss_relics":[{"not_picked":["Black Star","Runic Cube"],"picked":"Astrolabe"},{"not_picked":["Runic Pyramid","Velvet Choker"],"picked":"Lizard Tail"}],"potions_floor_spawned":[6,12,16,18,21,24,29,31,33,36,37,45],"seed_played":"6349446227630214086","ascension_level":0,"is_trial":false}