{"gold_per_floor":[19,19,35,50,62,62,76,76,101,115,115,125,141,141],"floor_reached":14,"playtime":585,"items_purged":[],"score":133,"play_id":"b0b43d42-9ef5-4172-9d6a-614f0376cf5f","local_time":"20181105000551","is_ascension_mode":true,"campfire_choices":[{"data":"Echo Form","floor":6,"key":"SMITH"},{"data":"White Noise","floor":8,"key":"SMITH"}],"neow_cost":"NO_GOLD","seed_source_timestamp":18738018062250,"circlet_count":0,"master_deck":["AscendersBane","Strike_B","Strike_B","Defend_B","Defend_B","Defend_B","Defend_B","Zap","Dualcast","Echo Form+1","White Noise+1","Conserve Battery","Leap","Gash","Steam","All For One","Go for the Eyes"],"relics":["Cracked Core","Anchor"],"potions_floor_usage":[],"damage_taken":[{"damage":11,"enemies":"Jaw Worm","floor":1,"turns":4},{"damage":0,"enemies":"Cultist","floor":3,"turns":4},{"damage":6,"enemies":"2 Louse","floor":4,"turns":3},{"damage":10,"enemies":"2 Fungi Beasts","floor":5,"turns":4},{"damage":1,"enemies":"Blue Slaver","floor":7,"turns":3},{"damage":16,"enemies":"3 Louse","floor":10,"turns":4},{"damage":7,"enemies":"Gremlin Gang","floor":12,"turns":5},{"damage":2,"enemies":"Exordium Wildlife","floor":13,"turns":5},{"damage":12,"enemies":"3 Louse","floor":14,"turns":1}],"seed_played":"1213711303606461632","potions_obtained":[{"floor":3,"key":"Poison Potion"},{"floor":4,"key":"Swift Potion"},{"floor":7,"key":"FocusPotion"}],"is_trial":false,"path_per_floor":["M","?","M","M","M","R","M","R","T","M","?","M","M","M"],"character_chosen":"DEFECT","items_purchased":[],"campfire_rested":0,"item_purchase_floors":[],"current_hp_per_floor":[57,57,57,51,41,41,40,40,40,24,17,10,8,0],"gold":141,"neow_bonus":"THREE_RARE_CARDS","is_prod":false,"is_daily":false,"chose_seed":false,"campfire_upgraded":2,"win_rate":0,"timestamp":1541405151,"path_taken":["M","?","?","M","M","R","M","R","T","M","?","M","M","M"],"build_version":"2018-11-01","purchased_purges":0,"victory":false,"max_hp_per_floor":[75,75,75,75,75,75,75,75,75,75,75,75,75,75],"card_choices":[{"not_picked":["Rainbow","Reboot"],"picked":"Echo Form","floor":0},{"not_picked":["Streamline","Recycle"],"picked":"White Noise","floor":1},{"not_picked":["Genetic Algorithm","Coolheaded"],"picked":"Conserve Battery","floor":3},{"not_picked":["Stack","Tempest"],"picked":"Leap","floor":4},{"not_picked":["Sweeping Beam","BootSequence"],"picked":"Gash","floor":5},{"not_picked":["Cold Snap","Turbo"],"picked":"Steam","floor":7},{"not_picked":["Darkness","Recycle"],"picked":"All For One","floor":10},{"not_picked":["Steam","Stack"],"picked":"Go for the Eyes","floor":12},{"not_picked":["Ball Lightning","Cold Snap","Consume"],"picked":"SKIP","floor":13}],"player_experience":344163,"relics_obtained":[{"floor":9,"key":"Anchor"}],"event_choices":[{"cards_removed":["Strike_B"],"damage_healed":0,"gold_gain":0,"player_choice":"Card Removal","damage_taken":0,"max_hp_gain":0,"max_hp_loss":0,"event_name":"Wheel of Change","floor":2,"gold_loss":0},{"cards_removed":["Strike_B"],"damage_healed":0,"gold_gain":0,"player_choice":"Card Removal","damage_taken":7,"max_hp_gain":0,"max_hp_loss":0,"event_name":"Golden Wing","floor":11,"gold_loss":0}],"is_beta":false,"boss_relics":[],"items_purged_floors":[],"is_endless":false,"potions_floor_spawned":[3,4,7,13],"killed_by":"3 Louse","ascension_level":11}