{"path_per_floor":["M","M","?","M","M","M","E","R","T","E","?","E","R","E","R","B",null,"M","M","M","$","?","R","M","E","T","R","E","M","R","M","R","B",null,"M","?","M","M","$","E","M","M","T","M","E","M","$","E","R","B"],"character_chosen":"THE_SILENT","items_purchased":["Toxic Egg 2","Footwork","Caltrops","Footwork","Footwork","Lee\u0027s Waffle"],"gold_per_floor":[14,27,27,40,50,63,98,98,98,127,127,158,158,192,192,264,264,283,299,309,58,89,89,99,134,157,157,184,203,203,222,222,296,296,314,314,326,339,55,83,101,113,113,133,161,180,22,51,51,51],"floor_reached":51,"campfire_rested":3,"playtime":4936,"item_purchase_floors":[21,39,39,39,39,47],"current_hp_per_floor":[57,55,55,55,53,53,29,54,54,36,36,40,65,62,62,40,74,74,73,66,66,53,53,48,36,36,61,56,56,56,49,49,49,76,72,72,54,54,54,49,49,45,45,38,30,28,92,92,92,81],"items_purged":["Strike_G","Decay"],"gold":51,"score":1632,"play_id":"90692d3b-3602-4fe2-b547-695be733c05e","local_time":"20180522232843","is_prod":false,"is_daily":false,"chose_seed":false,"is_ascension_mode":true,"campfire_upgraded":5,"timestamp":1527024523,"campfire_choices":[{"floor":8,"key":"REST"},{"floor":13,"key":"REST"},{"data":"Noxious Fumes","floor":15,"key":"SMITH"},{"data":"After Image","floor":23,"key":"SMITH"},{"floor":27,"key":"REST"},{"data":"Catalyst","floor":30,"key":"SMITH"},{"data":"Skewer","floor":32,"key":"SMITH"},{"data":"A Thousand Cuts","floor":49,"key":"SMITH"}],"path_taken":["M","M","?","M","M","M","E","R","T","E","?","E","R","E","R","BOSS","M","M","M","$","?","R","M","E","T","R","E","M","R","M","R","BOSS","M","?","?","M","$","E","M","M","T","M","E","M","$","E","R","BOSS"],"build_version":"2018-05-21v2","seed_source_timestamp":743584021014621,"purchased_purges":2,"victory":true,"master_deck":["Survivor","Neutralize","AscendersBane","Cloak And Dagger","Infinite Blades","Acrobatics","After Image+1","Noxious Fumes+1","Backflip","Well Laid Plans+1","Adrenaline","Crippling Poison","Deadly Poison","Backflip","Catalyst+1","Backflip","Backflip+1","Outmaneuver+1","Skewer+1","Cloak And Dagger+1","Outmaneuver+1","Prepared+1","After Image","Skewer","Deflect+1","Backstab","Bane","Outmaneuver+1","Expertise+1","PiercingWail+1","Deadly Poison+1","Prepared+1","Catalyst+1","Backflip+1","Dodge and Roll+1","Cloak And Dagger+1","Footwork","Caltrops","Footwork","Footwork","Cloak And Dagger+1","A Thousand Cuts+1","Leg Sweep+1","Dodge and Roll+1","Footwork+1","Acrobatics+1","Noxious Fumes","Escape Plan+1"],"max_hp_per_floor":[78,78,78,78,78,78,85,85,85,85,85,85,85,85,85,85,85,85,85,85,85,85,85,85,85,85,85,85,85,85,85,85,85,85,85,85,85,85,85,85,85,85,85,85,85,85,92,92,92,92],"relics":["Ring of the Snake","Strawberry","Mercury Hourglass","Prayer Wheel","The Courier","Oddly Smooth Stone","Cursed Key","Toxic Egg 2","Red Mask","Potion Belt","Dream Catcher","Pen Nib","Pandora\u0027s Box","Ancient Tea Set","Bronze Scales","Lee\u0027s Waffle","Vajra"],"card_choices":[{"not_picked":["Poisoned Stab","PiercingWail"],"picked":"Cloak And Dagger","floor":1},{"not_picked":["Concentrate","Escape Plan"],"picked":"Infinite Blades","floor":2},{"not_picked":["Underhanded Strike","Escape Plan","Distraction"],"picked":"SKIP","floor":4},{"not_picked":["Bane","Underhanded Strike"],"picked":"Acrobatics","floor":5},{"not_picked":["Flying Knee","Dagger Spray"],"picked":"After Image","floor":6},{"not_picked":["Dagger Throw","Underhanded Strike"],"picked":"Noxious Fumes","floor":7},{"not_picked":["Eviscerate","All Out Attack"],"picked":"Backflip","floor":10},{"not_picked":["PiercingWail","Dodge and Roll"],"picked":"Well Laid Plans","floor":12},{"not_picked":["Escape Plan","Corpse Explosion","Dagger Spray"],"picked":"SKIP","floor":14},{"not_picked":["Night Terror","Unload"],"picked":"Adrenaline","floor":16},{"not_picked":["Outmaneuver","Sucker Punch"],"picked":"Crippling Poison","floor":18},{"not_picked":["Flying Knee+1","Flechettes"],"picked":"Deadly Poison","floor":18},{"not_picked":["Bouncing Flask","Poisoned Stab"],"picked":"Backflip","floor":19},{"not_picked":["Cloak And Dagger","Deadly Poison"],"picked":"Catalyst","floor":19},{"not_picked":["Deflect","Slice"],"picked":"Backflip","floor":20},{"not_picked":["Deflect","Tools of the Trade","Deadly Poison"],"picked":"SKIP","floor":20},{"not_picked":["Infinite Blades","Accuracy"],"picked":"Backflip+1","floor":22},{"not_picked":["Sucker Punch","Corpse Explosion"],"picked":"Outmaneuver+1","floor":24},{"not_picked":["Acrobatics+1","Flying Knee"],"picked":"Skewer","floor":24},{"not_picked":["Calculated Gamble+1","Setup+1"],"picked":"Cloak And Dagger+1","floor":25},{"not_picked":["Underhanded Strike","Deflect+1"],"picked":"Outmaneuver+1","floor":27},{"not_picked":["Masterful Stab","Sucker Punch","Acrobatics+1"],"picked":"SKIP","floor":28},{"not_picked":["Well Laid Plans","Outmaneuver+1","Bouncing Flask+1"],"picked":"SKIP","floor":29},{"not_picked":["Slice","Deadly Poison+1","Terror+1"],"picked":"SKIP","floor":29},{"not_picked":["Quick Slash","Acrobatics+1"],"picked":"Prepared+1","floor":31},{"not_picked":["Underhanded Strike","Blade Dance+1","Quick Slash"],"picked":"SKIP","floor":31},{"not_picked":["Wraith Form v2","A Thousand Cuts"],"picked":"After Image","floor":33},{"not_picked":["Infinite Blades","Flechettes"],"picked":"Catalyst+1","floor":35},{"not_picked":["Deflect+1","Quick Slash"],"picked":"Backflip+1","floor":35},{"not_picked":["Crippling Poison+1","Escape Plan+1"],"picked":"Dodge and Roll+1","floor":37},{"not_picked":["Bouncing Flask+1","Bane","Eviscerate"],"picked":"SKIP","floor":37},{"not_picked":["Dodge and Roll+1","Backflip+1"],"picked":"Cloak And Dagger+1","floor":38},{"not_picked":["Quick Slash","Slice+1","Prepared+1"],"picked":"SKIP","floor":38},{"not_picked":["Backflip+1","Underhanded Strike+1"],"picked":"Cloak And Dagger+1","floor":40},{"not_picked":["Choke+1","Slice"],"picked":"A Thousand Cuts","floor":41},{"not_picked":["Backstab+1","Slice","PiercingWail+1"],"picked":"SKIP","floor":41},{"not_picked":["Expertise+1","Escape Plan+1"],"picked":"Leg Sweep+1","floor":42},{"not_picked":["Acrobatics+1","Bane","Deadly Poison+1"],"picked":"SKIP","floor":42},{"not_picked":["PiercingWail+1","Outmaneuver+1"],"picked":"Dodge and Roll+1","floor":44},{"not_picked":["Sucker Punch","Slice"],"picked":"Footwork+1","floor":44},{"not_picked":["Outmaneuver+1","Slice"],"picked":"Acrobatics+1","floor":45},{"not_picked":["Dagger Spray","Backflip+1"],"picked":"Noxious Fumes","floor":46},{"not_picked":["Quick Slash","Acrobatics+1","Underhanded Strike"],"picked":"SKIP","floor":46},{"not_picked":["Underhanded Strike","Endless Agony"],"picked":"Escape Plan+1","floor":48}],"player_experience":555879,"potions_floor_usage":[7,10,12,12,12,12,16,20,22,25,33,50,50,50,50],"damage_taken":[{"damage":14,"enemies":"Jaw Worm","floor":1,"turns":8},{"damage":2,"enemies":"2 Louse","floor":2,"turns":4},{"damage":0,"enemies":"Cultist","floor":4,"turns":4},{"damage":2,"enemies":"3 Louse","floor":5,"turns":5},{"damage":0,"enemies":"Looter","floor":6,"turns":4},{"damage":31,"enemies":"Gremlin Nob","floor":7,"turns":7},{"damage":18,"enemies":"3 Sentries","floor":10,"turns":6},{"damage":6,"enemies":"Gremlin Nob","floor":12,"turns":5},{"damage":3,"enemies":"Lagavulin","floor":14,"turns":8},{"damage":22,"enemies":"The Guardian","floor":16,"turns":12},{"damage":0,"enemies":"3 Byrds","floor":18,"turns":5},{"damage":1,"enemies":"Shell Parasite","floor":19,"turns":6},{"damage":7,"enemies":"Sentry and Sphere","floor":20,"turns":5},{"damage":13,"enemies":"Masked Bandits","floor":22,"turns":4},{"damage":5,"enemies":"Snake Plant","floor":24,"turns":5},{"damage":12,"enemies":"Gremlin Leader","floor":25,"turns":8},{"damage":5,"enemies":"Book of Stabbing","floor":28,"turns":6},{"damage":0,"enemies":"Snecko","floor":29,"turns":5},{"damage":7,"enemies":"Centurion and Healer","floor":31,"turns":5},{"damage":0,"enemies":"Champ","floor":33,"turns":10},{"damage":4,"enemies":"Orb Walker","floor":35,"turns":4},{"damage":18,"enemies":"3 Shapes","floor":37,"turns":4},{"damage":0,"enemies":"Flame Bruiser 2 Orb","floor":38,"turns":6},{"damage":5,"enemies":"Giant Head","floor":40,"turns":8},{"damage":0,"enemies":"Maw","floor":41,"turns":7},{"damage":4,"enemies":"Spire Growth","floor":42,"turns":4},{"damage":7,"enemies":"4 Shapes","floor":44,"turns":6},{"damage":8,"enemies":"2 Orb Walkers","floor":45,"turns":9},{"damage":2,"enemies":"Maw","floor":46,"turns":7},{"damage":0,"enemies":"Nemesis","floor":48,"turns":9},{"damage":21,"enemies":"Donu and Deca","floor":50,"turns":8}],"relics_obtained":[{"floor":7,"key":"Strawberry"},{"floor":9,"key":"Mercury Hourglass"},{"floor":10,"key":"Prayer Wheel"},{"floor":12,"key":"The Courier"},{"floor":14,"key":"Oddly Smooth Stone"},{"floor":22,"key":"Red Mask"},{"floor":25,"key":"Potion Belt"},{"floor":26,"key":"Dream Catcher"},{"floor":28,"key":"Pen Nib"},{"floor":40,"key":"Ancient Tea Set"},{"floor":45,"key":"Bronze Scales"},{"floor":48,"key":"Vajra"}],"event_choices":[{"event_name":"Liars Game","player_choice":"disagreed","floor":3,"damage_taken":0},{"event_name":"The Lab","player_choice":"Got Potions","floor":11,"damage_taken":0},{"event_name":"Masked Bandits","player_choice":"Fought over 58 gold","floor":22,"damage_taken":0},{"event_name":"Upgrade Shrine","player_choice":"Upgraded","floor":36,"damage_taken":0}],"boss_relics":[{"not_picked":["Orrery","Astrolabe"],"picked":"Cursed Key"},{"not_picked":["Runic Pyramid","Eternal Feather"],"picked":"Pandora\u0027s Box"}],"items_purged_floors":[21,39],"potions_floor_spawned":[5,6,7,10,14,16,20,22,24,31,33,35,42,45,46],"seed_played":"711748369514881811","ascension_level":15,"potions_obtained":[{"floor":5,"key":"SkillPotion"},{"floor":6,"key":"Weak Potion"},{"floor":7,"key":"Explosive Potion"},{"floor":10,"key":"Regen Potion"},{"floor":11,"key":"EntropicBrew"},{"floor":14,"key":"Explosive Potion"},{"floor":16,"key":"Ancient Potion"},{"floor":20,"key":"Dexterity Potion"},{"floor":22,"key":"SpeedPotion"},{"floor":24,"key":"SkillPotion"},{"floor":31,"key":"Dexterity Potion"},{"floor":33,"key":"SteroidPotion"},{"floor":35,"key":"Explosive Potion"},{"floor":42,"key":"Fire Potion"},{"floor":45,"key":"EssenceOfSteel"},{"floor":46,"key":"Regen Potion"}],"is_trial":false}