{"gold_per_floor":[115,115,46,46,57,91,110,139,139,152,172,186,264,283,283,283],"floor_reached":16,"playtime":584,"items_purged":[],"score":162,"play_id":"50a7994f-22bc-4f5e-9eaf-3a8d2e547a14","local_time":"20190203221137","is_ascension_mode":true,"campfire_choices":[{"floor":15,"key":"REST"}],"neow_cost":"PERCENT_DAMAGE","seed_source_timestamp":0,"circlet_count":0,"master_deck":["Strike_R","Strike_R","Strike_R","Strike_R","Strike_R","Defend_R","Defend_R","Defend_R","Defend_R","Bash","Warcry","Whirlwind","Headbutt","Heavy Blade","Shrug It Off","Cleave","Perfected Strike","Shrug It Off","Power Through","Shrug It Off"],"special_seed":0,"relics":["Burning Blood","Meat on the Bone","Bag of Marbles","Omamori","Mercury Hourglass"],"potions_floor_usage":[16],"damage_taken":[{"damage":1.0,"enemies":"Cultist","floor":1.0,"turns":3.0},{"damage":8.0,"enemies":"2 Louse","floor":5.0,"turns":3.0},{"damage":56.0,"enemies":"Lagavulin","floor":6.0,"turns":6.0},{"damage":2.0,"enemies":"Small Slimes","floor":7.0,"turns":3.0},{"damage":20.0,"enemies":"Gremlin Nob","floor":8.0,"turns":4.0},{"damage":5.0,"enemies":"Blue Slaver","floor":10.0,"turns":3.0},{"damage":0.0,"enemies":"2 Fungi Beasts","floor":11.0,"turns":2.0},{"damage":6.0,"enemies":"Exordium Thugs","floor":12.0,"turns":3.0},{"damage":0,"enemies":"Exordium Wildlife","floor":14,"turns":2},{"damage":104,"enemies":"Hexaghost","floor":16,"turns":13}],"seed_played":"6252044980462021731","potions_obtained":[{"floor":4.0,"key":"Fruit Juice"},{"floor":4.0,"key":"FearPotion"},{"floor":4.0,"key":"Strength Potion"},{"floor":5.0,"key":"Regen Potion"},{"floor":6.0,"key":"LiquidBronze"}],"is_trial":false,"path_per_floor":["M","T","$","?","M","E","M","E","T","M","M","M","?","M","R","B"],"character_chosen":"IRONCLAD","items_purchased":["Whirlwind"],"campfire_rested":1,"item_purchase_floors":[3],"current_hp_per_floor":[77,77,77,77,80,56,60,58,58,59,65,65,65,71,101,0],"gold":283,"neow_bonus":"TWENTY_PERCENT_HP_BONUS","is_prod":false,"is_daily":false,"chose_seed":false,"campfire_upgraded":0,"win_rate":0,"timestamp":1549249897,"path_taken":["M","?","?","?","M","E","?","E","T","M","M","M","?","M","R","BOSS"],"build_version":"2019-01-23","purchased_purges":0,"victory":false,"max_hp_per_floor":[96,96,96,96,101,101,101,101,101,101,101,101,101,101,101,101],"card_choices":[{"not_picked":["Clash","Flex"],"picked":"Warcry","floor":1.0},{"not_picked":["Disarm","Pommel Strike"],"picked":"Headbutt","floor":5.0},{"not_picked":["Spot Weakness","Body Slam"],"picked":"Heavy Blade","floor":6.0},{"not_picked":["Wild Strike","Cleave"],"picked":"Shrug It Off","floor":7.0},{"not_picked":["Clash","Heavy Blade"],"picked":"Cleave","floor":8.0},{"not_picked":["Twin Strike","True Grit"],"picked":"Perfected Strike","floor":10.0},{"not_picked":["Sword Boomerang","Combust"],"picked":"Shrug It Off","floor":11.0},{"not_picked":["Havoc","Headbutt"],"picked":"Power Through","floor":12.0},{"not_picked":["Havoc","Seeing Red"],"picked":"Shrug It Off","floor":14}],"player_experience":141953,"relics_obtained":[{"floor":2.0,"key":"Meat on the Bone"},{"floor":6.0,"key":"Bag of Marbles"},{"floor":8.0,"key":"Omamori"},{"floor":9.0,"key":"Mercury Hourglass"}],"event_choices":[{"damage_healed":0.0,"max_hp_gain":0.0,"max_hp_loss":0.0,"gold_gain":0.0,"event_name":"Lab","player_choice":"Got Potions","floor":4.0,"gold_loss":0.0,"damage_taken":0.0},{"damage_healed":0.0,"max_hp_gain":0.0,"max_hp_loss":0.0,"gold_gain":78.0,"event_name":"Golden Wing","player_choice":"Gained Gold","floor":13.0,"gold_loss":0.0,"damage_taken":0.0}],"is_beta":false,"boss_relics":[],"items_purged_floors":[],"is_endless":false,"potions_floor_spawned":[5,6,7],"killed_by":"Hexaghost","ascension_level":4}