{"gold_per_floor":[114,132,151,168,188,221,221,246,246,246,246,246,246,260,260,358,358,373,402,420,210,223,223,235,248,248,268,193,46,46,60,60,159,159,178,196,206,206,428,428,441,441,441,459,473,486,499,511,511,511],"floor_reached":50,"playtime":2421,"items_purged":["Body Slam","Cleave"],"score":539,"play_id":"2affdb4a-25b2-498c-966e-c232482157cb","local_time":"20180911210346","daily_mods":["Draft"],"is_ascension_mode":false,"campfire_choices":[{"data":"Perfected Strike","floor":7.0,"key":"SMITH"},{"data":"Perfected Strike","floor":10.0,"key":"SMITH"},{"data":"Pommel Strike","floor":13.0,"key":"SMITH"},{"data":"Perfected Strike","floor":15.0,"key":"SMITH"},{"data":"Perfected Strike","floor":23.0,"key":"SMITH"},{"data":"Pommel Strike","floor":30.0,"key":"SMITH"},{"data":"Clash","floor":32.0,"key":"SMITH"},{"floor":40,"key":"REST"},{"data":"Pommel Strike","floor":42,"key":"SMITH"},{"floor":49,"key":"REST"}],"neow_cost":"","seed_source_timestamp":0,"circlet_count":0,"master_deck":["Shrug It Off","Perfected Strike+1","Perfected Strike+1","Armaments","Twin Strike","Headbutt","Pommel Strike+1","Flex","Headbutt","Clash","Clash+1","Pommel Strike+1","Wild Strike","Dual Wield","Perfected Strike+1","Perfected Strike+1","Wild Strike","Swift Strike","Wild Strike","Wild Strike","Perfected Strike+1","Pommel Strike+1","Offering","Clash","Wild Strike","Pommel Strike"],"special_seed":0,"relics":["Burning Blood","Nunchaku","Lantern","Dodecahedron","Orrery","Red Mask","Strawberry","Velvet Choker","Unceasing Top","Darkstone Periapt"],"potions_floor_usage":[44,47,50],"damage_taken":[{"damage":3.0,"enemies":"Jaw Worm","floor":1.0,"turns":2.0},{"damage":2.0,"enemies":"Small Slimes","floor":2.0,"turns":3.0},{"damage":0.0,"enemies":"Cultist","floor":3.0,"turns":2.0},{"damage":20.0,"enemies":"Gremlin Gang","floor":4.0,"turns":4.0},{"damage":2.0,"enemies":"3 Louse","floor":5.0,"turns":2.0},{"damage":28.0,"enemies":"Lagavulin","floor":6.0,"turns":5.0},{"damage":4.0,"enemies":"Gremlin Nob","floor":8.0,"turns":3.0},{"damage":4.0,"enemies":"Blue Slaver","floor":14.0,"turns":2.0},{"damage":20.0,"enemies":"Slime Boss","floor":16.0,"turns":7.0},{"damage":32.0,"enemies":"Shell Parasite","floor":18.0,"turns":4.0},{"damage":0.0,"enemies":"Masked Bandits","floor":19.0,"turns":2.0},{"damage":20.0,"enemies":"3 Byrds","floor":20.0,"turns":5.0},{"damage":0.0,"enemies":"Snecko","floor":22.0,"turns":2.0},{"damage":6.0,"enemies":"Centurion and Healer","floor":24.0,"turns":2.0},{"damage":4.0,"enemies":"Shelled Parasite and Fungi","floor":25.0,"turns":2.0},{"damage":0.0,"enemies":"Sentry and Sphere","floor":27.0,"turns":2.0},{"damage":0.0,"enemies":"Snake Plant","floor":31.0,"turns":2.0},{"damage":61.0,"enemies":"Champ","floor":33.0,"turns":7.0},{"damage":3.0,"enemies":"3 Shapes","floor":35.0,"turns":1.0},{"damage":6.0,"enemies":"3 Darklings","floor":36.0,"turns":2.0},{"damage":6.0,"enemies":"4 Shapes","floor":37.0,"turns":3.0},{"damage":43,"enemies":"Mind Bloom Boss Battle","floor":38,"turns":3},{"damage":16,"enemies":"Sphere and 2 Shapes","floor":41,"turns":3},{"damage":12,"enemies":"Spire Growth","floor":44,"turns":2},{"damage":13,"enemies":"Reptomancer","floor":45,"turns":2},{"damage":0,"enemies":"3 Darklings","floor":46,"turns":2},{"damage":3,"enemies":"4 Shapes","floor":47,"turns":2},{"damage":0,"enemies":"Transient","floor":48,"turns":5},{"damage":88,"enemies":"Time Eater","floor":50,"turns":7}],"seed_played":"-4725958696300716239","potions_obtained":[{"floor":3.0,"key":"EssenceOfSteel"},{"floor":5.0,"key":"Energy Potion"},{"floor":8.0,"key":"SkillPotion"},{"floor":14.0,"key":"Poison Potion"},{"floor":18.0,"key":"Regen Potion"},{"floor":22.0,"key":"Strength Potion"},{"floor":24.0,"key":"SteroidPotion"},{"floor":25.0,"key":"Regen Potion"},{"floor":35.0,"key":"Swift Potion"},{"floor":41,"key":"Explosive Potion"},{"floor":45,"key":"Block Potion"},{"floor":47,"key":"GamblersBrew"}],"is_trial":true,"path_per_floor":["M","M","M","M","M","E","R","E","T","R","?","?","R","M","R","B",null,"M","?","M","$","M","R","M","M","T","M","?","$","R","M","R","B",null,"M","M","M","?","?","R","M","R","T","M","M","M","M","M","R"],"character_chosen":"IRONCLAD","items_purchased":["Wild Strike","Swift Strike","Pommel Strike"],"campfire_rested":2,"item_purchase_floors":[21,21,29],"current_hp_per_floor":[80,80,80,66,70,48,48,50,50,50,50,50,50,52,52,38,80,54,65,51,51,57,57,57,59,66,72,72,72,72,78,78,38,87,87,87,87,50,50,76,66,66,66,60,53,59,62,68,87,0],"gold":511,"neow_bonus":"","is_prod":false,"is_daily":false,"chose_seed":false,"campfire_upgraded":8,"win_rate":0,"timestamp":1536714226,"path_taken":["M","M","M","M","M","E","R","E","T","R","?","?","R","M","R","BOSS","M","?","M","$","M","R","M","M","T","M","?","$","R","M","R","BOSS","M","M","M","?","?","R","?","R","T","M","M","M","M","M","R","BOSS"],"build_version":"2018-09-06","purchased_purges":2,"victory":false,"max_hp_per_floor":[80,80,80,80,80,80,80,80,80,80,80,80,80,80,80,80,80,80,80,80,80,80,80,80,80,87,87,87,87,87,87,87,87,87,87,87,87,87,87,87,87,87,87,87,87,87,87,87,87,87],"card_choices":[{"not_picked":["True Grit","Fire Breathing"],"picked":"Shrug It Off","floor":0.0},{"not_picked":["Armaments","Body Slam"],"picked":"Perfected Strike","floor":0.0},{"not_picked":["Power Through","Anger"],"picked":"Cleave","floor":0.0},{"not_picked":["Pommel Strike","Sever Soul"],"picked":"Perfected Strike","floor":0.0},{"not_picked":["Heavy Blade","True Grit"],"picked":"Armaments","floor":0.0},{"not_picked":["Rage","Thunderclap"],"picked":"Twin Strike","floor":0.0},{"not_picked":["Corruption","Body Slam"],"picked":"Headbutt","floor":0.0},{"not_picked":["Clash","Thunderclap"],"picked":"Pommel Strike","floor":0.0},{"not_picked":["Havoc","Bloodletting"],"picked":"Flex","floor":0.0},{"not_picked":["Dropkick","True Grit"],"picked":"Headbutt","floor":0.0},{"not_picked":["Rampage","Second Wind"],"picked":"Body Slam","floor":0.0},{"not_picked":["Entrench","Rupture"],"picked":"Disarm","floor":0.0},{"not_picked":["Rampage","Combust"],"picked":"Clash","floor":0.0},{"not_picked":["Seeing Red","Body Slam"],"picked":"Shrug It Off","floor":0.0},{"not_picked":["Dropkick","Combust"],"picked":"Clash","floor":0.0},{"not_picked":["Body Slam","Spot Weakness","Sentinel"],"picked":"SKIP","floor":1.0},{"not_picked":["Metallicize","Ghostly Armor","Heavy Blade"],"picked":"SKIP","floor":2.0},{"not_picked":["Clash","Cleave"],"picked":"Pommel Strike","floor":3.0},{"not_picked":["Thunderclap","Demon Form","Flex"],"picked":"SKIP","floor":4.0},{"not_picked":["True Grit","Body Slam","Armaments"],"picked":"SKIP","floor":5.0},{"not_picked":["Hemokinesis","Rampage"],"picked":"Wild Strike","floor":6.0},{"not_picked":["Body Slam","Fire Breathing","Carnage"],"picked":"SKIP","floor":8.0},{"not_picked":["Shockwave","Pummel"],"picked":"Perfected Strike","floor":14.0},{"not_picked":["Iron Wave","Clothesline","Shrug It Off+1"],"picked":"SKIP","floor":18.0},{"not_picked":["Sword Boomerang+1","Thunderclap"],"picked":"Perfected Strike","floor":19.0},{"not_picked":["Dark Embrace","Burning Pact","Heavy Blade+1"],"picked":"SKIP","floor":20.0},{"not_picked":["Entrench","Dropkick"],"picked":"Wild Strike","floor":22.0},{"not_picked":["Hemokinesis","Sword Boomerang"],"picked":"Wild Strike","floor":24.0},{"not_picked":["Cleave","Sword Boomerang"],"picked":"Perfected Strike+1","floor":25.0},{"not_picked":["Flex","Headbutt","Bludgeon"],"picked":"SKIP","floor":27.0},{"not_picked":["Body Slam","Iron Wave","Carnage"],"picked":"SKIP","floor":31.0},{"not_picked":["Immolate","Impervious"],"picked":"Offering","floor":33.0},{"not_picked":["Body Slam+1","Cleave+1","Havoc"],"picked":"SKIP","floor":35.0},{"not_picked":["Combust","Evolve","Thunderclap+1"],"picked":"SKIP","floor":36.0},{"not_picked":["Burning Pact","Cleave+1"],"picked":"Clash","floor":37.0},{"not_picked":["Body Slam+1","Armaments"],"picked":"Wild Strike","floor":38},{"not_picked":["Sword Boomerang","True Grit","Second Wind"],"picked":"SKIP","floor":41},{"not_picked":["Sentinel+1","Second Wind","Dual Wield"],"picked":"SKIP","floor":44},{"not_picked":["Body Slam+1","Clash"],"picked":"Pommel Strike","floor":45},{"not_picked":["Reckless Charge+1","Sentinel+1","Headbutt"],"picked":"SKIP","floor":46},{"not_picked":["Metallicize","Dropkick+1","Dual Wield"],"picked":"SKIP","floor":47},{"not_picked":["Infernal Blade","Demon Form","Clothesline+1"],"picked":"SKIP","floor":48}],"player_experience":104180,"relics_obtained":[{"floor":6.0,"key":"Nunchaku"},{"floor":8.0,"key":"Lantern"},{"floor":9.0,"key":"Dodecahedron"},{"floor":19.0,"key":"Red Mask"},{"floor":26.0,"key":"Strawberry"},{"floor":38,"key":"Unceasing Top"},{"floor":43,"key":"Darkstone Periapt"}],"event_choices":[{"event_name":"Scrap Ooze","player_choice":"unsuccessful","floor":11.0,"damage_taken":0.0},{"event_name":"Transmorgrifier","player_choice":"Transform","floor":12.0,"damage_taken":0.0},{"event_name":"Masked Bandits","player_choice":"Fought Bandits","floor":19.0,"damage_taken":0.0},{"event_name":"Beggar","player_choice":"Gave Gold","floor":28.0,"damage_taken":0.0},{"event_name":"MindBloom","player_choice":"Fight","floor":38,"damage_taken":0},{"event_name":"Tomb of Lord Red Mask","player_choice":"Wore Mask","floor":39,"damage_taken":0}],"is_beta":false,"boss_relics":[{"not_picked":["Mark of Pain","Snecko Eye"],"picked":"Orrery"},{"not_picked":["Runic Pyramid","Coffee Dripper"],"picked":"Velvet Choker"}],"items_purged_floors":[21,29],"is_endless":false,"potions_floor_spawned":[3,5,8,14,18,22,24,25,27,35,41,45,47],"killed_by":"Time Eater","ascension_level":0}