{"gold_per_floor":[110,127,147,147,166,166,191,191,191,191,191,13,40,51,51,151,151,168,168,180,190,33,58,70,96,161,173,185,197,234,60,60,156,156,169,0,0,0,16,45,45,56,80,97,97,110,134,17,17,17],"floor_reached":50,"playtime":2817,"items_purged":["Pain"],"score":749,"play_id":"d3244b34-deec-4a78-9d79-c3b9e8a88e10","local_time":"20190219200656","is_ascension_mode":true,"campfire_choices":[{"data":"Neutralize","floor":6,"key":"SMITH"},{"data":"Cloak And Dagger","floor":8,"key":"SMITH"},{"data":"Leg Sweep","floor":10,"key":"SMITH"},{"data":"Endless Agony","floor":15,"key":"SMITH"},{"data":"Finisher","floor":24,"key":"SMITH"},{"data":"Accuracy","floor":27,"key":"SMITH"},{"data":"Apotheosis","floor":32,"key":"SMITH"},{"floor":41,"key":"RECALL"},{"data":"Infinite Blades","floor":49,"key":"SMITH"}],"neow_cost":"NONE","seed_source_timestamp":1157564110318600,"circlet_count":0,"master_deck":["Defend_G","Defend_G","Defend_G","Defend_G","Defend_G","Strike_G","Strike_G","Strike_G","Strike_G","Strike_G","Survivor","Neutralize+1","Leg Sweep+1","Dagger Throw","Cloak And Dagger+1","Poisoned Stab+1","Endless Agony+1","Well Laid Plans","Crippling Poison","PiercingWail","Storm of Steel","Blade Dance+1","Crippling Poison","Setup+1","Accuracy+1","Leg Sweep","Finisher+1","Finisher","Die Die Die","Apotheosis+1","Envenom","Blade Dance+1","Cloak And Dagger+1","Terror","Clumsy","Cloak And Dagger+1","Thinking Ahead","PiercingWail+1","Infinite Blades+1"],"relics":["Ring of the Snake","Ninja Scroll","Mercury Hourglass","Bronze Scales","Strawberry","Coffee Dripper","MawBank","Bag of Preparation","Unceasing Top","Cursed Key","Red Mask","Smiling Mask","Bottled Lightning","Art of War"],"potions_floor_usage":[21,30,50,50,50,50,50,50],"damage_taken":[{"damage":3,"enemies":"2 Louse","floor":1,"turns":5},{"damage":0,"enemies":"Jaw Worm","floor":2,"turns":7},{"damage":0,"enemies":"Cultist","floor":3,"turns":4},{"damage":15,"enemies":"Red Slaver","floor":5,"turns":5},{"damage":20,"enemies":"3 Sentries","floor":7,"turns":11},{"damage":10,"enemies":"Lagavulin","floor":13,"turns":5},{"damage":0,"enemies":"Exordium Wildlife","floor":14,"turns":2},{"damage":3,"enemies":"Slime Boss","floor":16,"turns":11},{"damage":0,"enemies":"3 Byrds","floor":18,"turns":4},{"damage":0,"enemies":"Spheric Guardian","floor":20,"turns":3},{"damage":17,"enemies":"Centurion and Healer","floor":21,"turns":7},{"damage":17,"enemies":"Gremlin Leader","floor":23,"turns":8},{"damage":9,"enemies":"Shelled Parasite and Fungi","floor":25,"turns":3},{"damage":19,"enemies":"Slavers","floor":30,"turns":4},{"damage":45,"enemies":"Collector","floor":33,"turns":7},{"damage":4,"enemies":"3 Shapes","floor":35,"turns":5},{"damage":0,"enemies":"Orb Walker","floor":39,"turns":3},{"damage":24,"enemies":"Reptomancer","floor":40,"turns":6},{"damage":0,"enemies":"Spire Growth","floor":42,"turns":4},{"damage":18,"enemies":"4 Shapes","floor":44,"turns":7},{"damage":0,"enemies":"Sphere and 2 Shapes","floor":46,"turns":3},{"damage":28,"enemies":"Time Eater","floor":50,"turns":9}],"seed_played":"-51544033527586319","potions_obtained":[{"floor":2,"key":"LiquidBronze"},{"floor":3,"key":"Swift Potion"},{"floor":5,"key":"GamblersBrew"},{"floor":30,"key":"Fruit Juice"},{"floor":40,"key":"EntropicBrew"},{"floor":42,"key":"GhostInAJar"}],"is_trial":false,"path_per_floor":["M","M","M","?","M","R","E","R","T","R","?","$","E","M","R","B",null,"M","?","M","M","$","E","R","M","T","R","$","?","E","$","R","B",null,"M","?","?","?","M","E","R","M","T","M","?","M","T","$","R","B"],"character_chosen":"THE_SILENT","items_purchased":["Well Laid Plans","Bronze Scales","Accuracy","Leg Sweep","Apotheosis","Infinite Blades"],"campfire_rested":0,"item_purchase_floors":[12,12,22,22,31,48],"current_hp_per_floor":[67,67,67,72,57,57,37,37,37,37,37,37,34,34,34,31,75,75,75,75,58,58,41,41,32,32,32,32,61,47,47,47,2,71,67,67,67,67,67,43,43,43,43,25,25,25,25,25,25,0],"gold":17,"neow_bonus":"TEN_PERCENT_HP_BONUS","is_prod":false,"is_daily":false,"chose_seed":false,"campfire_upgraded":8,"win_rate":0,"timestamp":1550635616,"path_taken":["M","M","M","?","M","R","E","R","T","R","?","$","E","M","R","BOSS","M","?","M","?","$","E","R","M","T","R","?","?","E","$","R","BOSS","M","?","?","?","?","E","R","M","T","M","?","M","?","$","R","BOSS"],"build_version":"2019-01-23","purchased_purges":1,"victory":false,"max_hp_per_floor":[77,77,77,82,82,82,82,82,82,82,82,82,89,89,89,89,89,89,89,89,89,89,89,89,89,89,89,89,89,94,94,94,94,94,94,94,89,89,89,89,89,89,89,89,89,89,89,89,89,89],"card_choices":[{"not_picked":["Underhanded Strike","Outmaneuver"],"picked":"Leg Sweep","floor":1},{"not_picked":["Catalyst","Deflect"],"picked":"Dagger Throw","floor":2},{"not_picked":["Backstab","Escape Plan"],"picked":"Cloak And Dagger","floor":3},{"not_picked":["Bouncing Flask","Bane"],"picked":"Poisoned Stab","floor":5},{"not_picked":["PiercingWail","Caltrops"],"picked":"Endless Agony","floor":7},{"not_picked":["Slice","Backstab"],"picked":"Crippling Poison","floor":13},{"not_picked":["Concentrate","Dodge and Roll"],"picked":"PiercingWail","floor":14},{"not_picked":["Phantasmal Killer","Tools of the Trade"],"picked":"Storm of Steel","floor":16},{"not_picked":["Underhanded Strike+1","Flechettes"],"picked":"Blade Dance","floor":18},{"not_picked":["Outmaneuver","Quick Slash"],"picked":"Crippling Poison","floor":20},{"not_picked":["Outmaneuver+1","Dodge and Roll"],"picked":"Setup+1","floor":21},{"not_picked":["Dagger Throw+1","Bane"],"picked":"Finisher","floor":23},{"not_picked":["Flying Knee","Quick Slash"],"picked":"Finisher","floor":25},{"not_picked":["Acrobatics","Deadly Poison"],"picked":"Die Die Die","floor":30},{"not_picked":["Doppelganger","Burst"],"picked":"Envenom","floor":33},{"not_picked":["Underhanded Strike+1","Heel Hook+1"],"picked":"Blade Dance+1","floor":35},{"not_picked":["All Out Attack","Underhanded Strike+1","Dagger Spray"],"picked":"SKIP","floor":39},{"not_picked":["PiercingWail+1","Dagger Throw"],"picked":"Cloak And Dagger+1","floor":40},{"not_picked":["Reflex","Dodge and Roll"],"picked":"Terror","floor":42},{"not_picked":["Masterful Stab","Flying Knee"],"picked":"Cloak And Dagger+1","floor":44},{"not_picked":["Good Instincts","Jack Of All Trades"],"picked":"Thinking Ahead","floor":45},{"not_picked":["Slice+1","Leg Sweep"],"picked":"PiercingWail+1","floor":46}],"player_experience":740076,"relics_obtained":[{"floor":7,"key":"Ninja Scroll"},{"floor":9,"key":"Mercury Hourglass"},{"floor":13,"key":"Strawberry"},{"floor":23,"key":"MawBank"},{"floor":26,"key":"Bag of Preparation"},{"floor":30,"key":"Unceasing Top"},{"floor":40,"key":"Bottled Lightning"},{"floor":47,"key":"Art of War"}],"event_choices":[{"damage_healed":0,"gold_gain":0,"player_choice":"Donut","damage_taken":0,"max_hp_gain":5,"max_hp_loss":0,"event_name":"Big Fish","floor":4,"gold_loss":0},{"damage_healed":0,"gold_gain":0,"player_choice":"Grow","damage_taken":0,"max_hp_gain":0,"max_hp_loss":0,"event_name":"Living Wall","floor":11,"gold_loss":0,"cards_upgraded":["Poisoned Stab"]},{"damage_healed":0,"gold_gain":0,"player_choice":"Forge","damage_taken":0,"max_hp_gain":0,"max_hp_loss":0,"event_name":"Accursed Blacksmith","floor":19,"gold_loss":0,"cards_upgraded":["Blade Dance"]},{"damage_healed":29,"gold_gain":0,"player_choice":"Heal","damage_taken":0,"max_hp_gain":0,"max_hp_loss":0,"event_name":"The Library","floor":29,"gold_loss":0},{"damage_healed":0,"gold_gain":0,"player_choice":"Paid","damage_taken":0,"relics_obtained":["Red Mask"],"max_hp_gain":0,"max_hp_loss":0,"event_name":"Tomb of Lord Red Mask","floor":36,"gold_loss":169},{"damage_healed":0,"gold_gain":0,"player_choice":"Max HP","damage_taken":0,"max_hp_gain":0,"max_hp_loss":5,"event_name":"Winding Halls","floor":37,"gold_loss":0},{"damage_healed":0,"gold_gain":0,"player_choice":"Gave Potion","damage_taken":0,"relics_obtained":["Smiling Mask"],"max_hp_gain":0,"max_hp_loss":0,"event_name":"WeMeetAgain","floor":38,"gold_loss":0},{"damage_healed":0,"gold_gain":0,"player_choice":"Memory 1","damage_taken":0,"max_hp_gain":0,"max_hp_loss":0,"event_name":"SensoryStone","floor":45,"gold_loss":0}],"is_beta":false,"boss_relics":[{"not_picked":["Astrolabe","Velvet Choker"],"picked":"Coffee Dripper"},{"not_picked":["Black Star","Pandora\u0027s Box"],"picked":"Cursed Key"}],"items_purged_floors":[48],"is_endless":false,"potions_floor_spawned":[2,3,5,14,20,30,40,42],"killed_by":"Time Eater","ascension_level":7}