{"path_per_floor":["M","M","?","?","M","R","M","R","T","M","M","M","$","?","R","B"],"character_chosen":"THE_SILENT","items_purchased":["Paper Crane"],"gold_per_floor":[118,135,210,210,225,225,245,245,270,285,302,321,2,27,27,123],"floor_reached":17,"campfire_rested":1,"playtime":883,"current_hp_per_floor":[70,69,58,46,45,45,41,41,41,37,37,37,37,23,44,2],"items_purged":["Strike_G"],"gold":123,"play_id":"fef1810b-882f-43de-b5e5-163b73ed6733","is_prod":false,"is_daily":false,"is_ascension_mode":true,"campfire_upgraded":2,"path_taken":["M","M","?","?","?","R","M","R","T","M","M","M","$","?","R","BOSS"],"build_version":"2018-02-01-PROD3","purchased_purges":1,"victory":false,"master_deck":["Defend_G","Defend_G","Defend_G","Defend_G","Defend_G","Strike_G","Survivor","Neutralize+1","Escape Plan","Outmaneuver","A Thousand Cuts+1","Acrobatics","Dagger Spray","Escape Plan","Escape Plan","Escape Plan","Adrenaline","Die Die Die+1","Malaise+1","Backflip+1"],"max_hp_per_floor":[70,70,70,70,70,70,70,70,70,70,70,70,70,70,70,70],"relics":["Velvet Choker","Happy Flower","Bronze Scales","Paper Crane","Odd Mushroom","Astrolabe"],"card_choices":[{"not_picked":["Dagger Throw","Deadly Poison"],"picked":"Escape Plan"},{"not_picked":["Prepared","Deflect"],"picked":"Outmaneuver"},{"not_picked":["Distraction","Dagger Spray"],"picked":"A Thousand Cuts"},{"not_picked":["Prepared","Crippling Poison"],"picked":"Acrobatics"},{"not_picked":["Deflect","Endless Agony"],"picked":"Dagger Spray"},{"not_picked":["Malaise","Masterful Stab"],"picked":"Escape Plan"},{"not_picked":["Dodge and Roll","Prepared"],"picked":"Escape Plan"},{"not_picked":["Slice","Calculated Gamble"],"picked":"Escape Plan"},{"not_picked":["After Image","Glass Knife"],"picked":"Adrenaline"}],"player_experience":113025,"potions_floor_usage":[11],"damage_taken":[{"damage":0,"enemies":"2 Louse","floor":1,"turns":3},{"damage":1,"enemies":"Small Slimes","floor":2,"turns":4},{"damage":1,"enemies":"Jaw Worm","floor":5,"turns":5},{"damage":4,"enemies":"3 Louse","floor":7,"turns":2},{"damage":4,"enemies":"2 Fungi Beasts","floor":10,"turns":3},{"damage":0,"enemies":"Gremlin Gang","floor":11,"turns":3},{"damage":0,"enemies":"Large Slime","floor":12,"turns":4},{"damage":14,"enemies":"The Mushroom Lair","floor":14,"turns":3},{"damage":42,"enemies":"Slime Boss","floor":16,"turns":7}],"event_choices":[{"event_name":"World of Goop","player_choice":"Gather Gold","floor":3,"damage_taken":0},{"event_name":"Scrap Ooze","player_choice":"success","floor":4,"damage_taken":12},{"event_name":"Mushrooms","player_choice":"Fought Mushrooms","floor":14,"damage_taken":0}],"boss_relics":[{"not_picked":["Philosopher\u0027s Stone","Sozu"],"picked":"Astrolabe"}],"potions_floor_spawned":[1,10,12,16],"seed_played":"4377667050571853019","ascension_level":2,"is_trial":false}