{"gold_per_floor":[115,115,77,77,97,97,127,140,140,140,110,141,141,176,176,176],"floor_reached":16,"playtime":1319,"items_purged":[],"score":142,"play_id":"e67b6af8-3e42-40f1-a2c0-e3668f698813","local_time":"20190304070050","is_ascension_mode":true,"campfire_choices":[{"data":"Blade Dance","floor":6,"key":"SMITH"},{"floor":10,"key":"REST"},{"floor":13,"key":"REST"},{"floor":15,"key":"REST"}],"neow_cost":"NONE","seed_source_timestamp":109711365709538,"circlet_count":0,"master_deck":["Defend_G","Defend_G","Defend_G","Defend_G","Defend_G","Strike_G","Strike_G","Strike_G","Strike_G","Survivor","Neutralize","Blade Dance+1","Deflect","Quick Slash","Flying Knee","Choke","Quick Slash"],"relics":["Ring of the Snake","Unceasing Top","Calipers","Happy Flower","Peace Pipe"],"potions_floor_usage":[7,12,14,14],"damage_taken":[{"damage":0,"enemies":"Small Slimes","floor":1,"turns":3},{"damage":4,"enemies":"Jaw Worm","floor":5,"turns":5},{"damage":42,"enemies":"3 Sentries","floor":7,"turns":12},{"damage":0,"enemies":"Cultist","floor":8,"turns":5},{"damage":8,"enemies":"Exordium Thugs","floor":11,"turns":5},{"damage":19,"enemies":"Gremlin Nob","floor":12,"turns":5},{"damage":29,"enemies":"3 Sentries","floor":14,"turns":12},{"damage":46,"enemies":"Slime Boss","floor":16,"turns":9}],"seed_played":"-2488785728865878500","potions_obtained":[{"floor":1,"key":"Weak Potion"},{"floor":8,"key":"SpeedPotion"},{"floor":11,"key":"Block Potion"},{"floor":12,"key":"Block Potion"}],"is_trial":false,"path_per_floor":["M","$","?","?","M","R","E","M","T","R","M","E","R","E","R","B"],"character_chosen":"THE_SILENT","items_purchased":[],"campfire_rested":3,"item_purchase_floors":[],"current_hp_per_floor":[77,77,77,77,73,73,31,31,31,54,46,27,50,21,44,0],"gold":176,"neow_bonus":"TEN_PERCENT_HP_BONUS","is_prod":false,"is_daily":false,"chose_seed":false,"campfire_upgraded":1,"win_rate":0,"timestamp":1551704450,"path_taken":["M","$","?","?","M","R","E","?","T","R","M","E","R","E","R","BOSS"],"build_version":"2019-01-23","purchased_purges":0,"victory":false,"max_hp_per_floor":[77,77,77,77,77,77,77,77,77,77,77,77,77,77,77,77],"card_choices":[{"not_picked":["Eviscerate","Dagger Spray"],"picked":"Blade Dance","floor":1},{"not_picked":["Caltrops","Underhanded Strike"],"picked":"Deflect","floor":5},{"not_picked":["Deflect","Riddle With Holes","Catalyst"],"picked":"SKIP","floor":7},{"not_picked":["Dodge and Roll","Sucker Punch"],"picked":"Quick Slash","floor":8},{"not_picked":["Wraith Form v2","Poisoned Stab"],"picked":"Flying Knee","floor":11},{"not_picked":["Endless Agony","Predator"],"picked":"Choke","floor":12},{"not_picked":["PiercingWail","Prepared"],"picked":"Quick Slash","floor":14}],"player_experience":133795,"relics_obtained":[{"floor":7,"key":"Unceasing Top"},{"floor":9,"key":"Calipers"},{"floor":12,"key":"Happy Flower"},{"floor":14,"key":"Peace Pipe"}],"event_choices":[{"damage_healed":0,"gold_gain":0,"player_choice":"Left Gold","damage_taken":0,"max_hp_gain":0,"max_hp_loss":0,"event_name":"World of Goop","floor":3,"gold_loss":38},{"cards_removed":["Strike_G"],"damage_healed":0,"gold_gain":0,"player_choice":"Offered Basic","damage_taken":0,"max_hp_gain":0,"max_hp_loss":0,"event_name":"Bonfire Elementals","floor":4,"gold_loss":0}],"is_beta":false,"boss_relics":[],"items_purged_floors":[],"is_endless":false,"potions_floor_spawned":[1,8,11,12],"killed_by":"Slime Boss","ascension_level":4}