{"gold_per_floor":[117,117,292,58,83,119,134,155,155,155,191,211,19,32,32,162,162,132,147,22,46,64,98,98,111,111,134,134,134,134,168,168,289,289,313,313,334,279,297,297],"floor_reached":40,"playtime":4862,"items_purged":["Doubt","Bash","Strike_R"],"score":462,"play_id":"a4a8f537-78ff-4e61-8ed4-ab73fffb873d","local_time":"20190303040333","is_ascension_mode":true,"campfire_choices":[{"data":"Armaments","floor":10,"key":"SMITH"},{"data":"Metallicize","floor":15,"key":"SMITH"},{"floor":24,"key":"REST"},{"floor":28,"key":"REST"},{"floor":32,"key":"RECALL"}],"neow_cost":"NONE","seed_source_timestamp":9084107339729,"circlet_count":0,"master_deck":["Strike_R","Strike_R","Strike_R","Strike_R","Defend_R","Defend_R","Defend_R","Armaments+1","Injury","Battle Trance","Flash of Steel","Wild Strike","Metallicize+1","Shrug It Off","Metallicize","True Grit","Inflame","Pommel Strike","Evolve","Dual Wield","Juggernaut","Limit Break","Purity","Warcry"],"relics":["Black Blood","Golden Idol","Du-Vu Doll","Mercury Hourglass","Kunai","Self Forming Clay","Molten Egg 2","Empty Cage","Oddly Smooth Stone"],"potions_floor_usage":[16,18,33,40,40],"damage_taken":[{"damage":5,"enemies":"Small Slimes","floor":1,"turns":4},{"damage":0,"enemies":"2 Louse","floor":5,"turns":3},{"damage":36,"enemies":"Lagavulin","floor":6,"turns":7},{"damage":0,"enemies":"Jaw Worm","floor":7,"turns":4},{"damage":3,"enemies":"Red Slaver","floor":8,"turns":4},{"damage":23,"enemies":"3 Sentries","floor":11,"turns":11},{"damage":6,"enemies":"3 Louse","floor":12,"turns":2},{"damage":0,"enemies":"Blue Slaver","floor":14,"turns":4},{"damage":29,"enemies":"Slime Boss","floor":16,"turns":11},{"damage":5,"enemies":"2 Thieves","floor":18,"turns":2},{"damage":16,"enemies":"Shell Parasite","floor":19,"turns":8},{"damage":8,"enemies":"Snecko","floor":21,"turns":7},{"damage":26,"enemies":"Sentry and Sphere","floor":22,"turns":10},{"damage":54,"enemies":"Book of Stabbing","floor":23,"turns":10},{"damage":3,"enemies":"Cultist and Chosen","floor":25,"turns":8},{"damage":15,"enemies":"Snake Plant","floor":27,"turns":6},{"damage":29,"enemies":"Gremlin Leader","floor":31,"turns":9},{"damage":67,"enemies":"Champ","floor":33,"turns":15},{"damage":45,"enemies":"3 Darklings","floor":35,"turns":9},{"damage":28,"enemies":"Orb Walker","floor":37,"turns":7},{"damage":18,"enemies":"Sphere and 2 Shapes","floor":39,"turns":8},{"damage":32,"enemies":"Giant Head","floor":40,"turns":6}],"seed_played":"166555197108154869","potions_obtained":[{"floor":5,"key":"AttackPotion"},{"floor":6,"key":"Strength Potion"},{"floor":12,"key":"SmokeBomb"},{"floor":16,"key":"Fruit Juice"},{"floor":22,"key":"SteroidPotion"},{"floor":27,"key":"Energy Potion"},{"floor":31,"key":"Regen Potion"},{"floor":33,"key":"Ancient Potion"},{"floor":37,"key":"Weak Potion"}],"is_trial":false,"path_per_floor":["M","?","?","$","M","E","M","M","T","R","E","M","$","M","R","B",null,"M","M","$","M","M","E","R","M","T","M","R","?","?","E","R","B",null,"M","?","M","?","M","E"],"character_chosen":"IRONCLAD","items_purchased":["Battle Trance","Flash of Steel","True Grit","Inflame"],"campfire_rested":2,"item_purchase_floors":[4,4,13,13],"current_hp_per_floor":[88,88,88,88,88,58,64,67,67,67,50,50,50,56,56,38,93,93,87,87,89,73,29,56,63,63,58,85,85,85,66,66,24,93,58,58,40,40,32,0],"gold":297,"neow_bonus":"TEN_PERCENT_HP_BONUS","is_prod":false,"is_daily":false,"chose_seed":false,"campfire_upgraded":2,"win_rate":0,"timestamp":1551607413,"path_taken":["M","?","?","$","M","E","?","M","T","R","E","M","?","M","R","BOSS","M","M","$","M","M","E","R","M","T","M","R","?","?","E","R","BOSS","M","?","M","?","M","E"],"build_version":"2019-01-23","purchased_purges":3,"victory":false,"max_hp_per_floor":[88,88,88,88,88,88,88,88,88,88,88,88,88,88,88,93,93,93,93,93,93,93,93,93,93,93,93,93,93,93,93,93,93,93,93,93,93,93,93,93],"card_choices":[{"not_picked":["Infernal Blade","Pommel Strike"],"picked":"Armaments","floor":1},{"not_picked":["Flex","Clash"],"picked":"Wild Strike","floor":5},{"not_picked":["Wild Strike","Double Tap"],"picked":"Metallicize","floor":6},{"not_picked":["Perfected Strike","Rampage","Wild Strike"],"picked":"SKIP","floor":7},{"not_picked":["Body Slam","Iron Wave"],"picked":"Shrug It Off","floor":8},{"not_picked":["Entrench","Flex","Cleave"],"picked":"SKIP","floor":11},{"not_picked":["Rage","Berserk"],"picked":"Metallicize","floor":12},{"not_picked":["Warcry","True Grit"],"picked":"Clothesline","floor":14},{"not_picked":["Juggernaut","Berserk"],"picked":"Dark Embrace","floor":16},{"not_picked":["Second Wind","Cleave","Flex"],"picked":"SKIP","floor":19},{"not_picked":["Iron Wave","Uppercut+1"],"picked":"Pommel Strike","floor":21},{"not_picked":["Perfected Strike+1","Warcry"],"picked":"Evolve","floor":22},{"not_picked":["Power Through","Carnage+1","Flame Barrier"],"picked":"SKIP","floor":23},{"not_picked":["True Grit","Sword Boomerang","Heavy Blade"],"picked":"SKIP","floor":25},{"not_picked":["Perfected Strike","Reckless Charge","Body Slam"],"picked":"SKIP","floor":27},{"not_picked":["Reaper","Rage"],"picked":"Juggernaut","floor":31},{"not_picked":["Juggernaut","Bludgeon+1"],"picked":"Limit Break","floor":33},{"not_picked":["Ghostly Armor","Armaments","Heavy Blade+1"],"picked":"SKIP","floor":35},{"not_picked":["Mayhem","Secret Technique"],"picked":"Purity","floor":36},{"not_picked":["Second Wind","Flex+1"],"picked":"Warcry","floor":37},{"not_picked":["Heavy Blade+1","Wild Strike+1","Spot Weakness"],"picked":"SKIP","floor":39}],"player_experience":66441,"relics_obtained":[{"floor":6,"key":"Du-Vu Doll"},{"floor":11,"key":"Mercury Hourglass"},{"floor":23,"key":"Kunai"},{"floor":26,"key":"Self Forming Clay"},{"floor":31,"key":"Molten Egg 2"}],"event_choices":[{"damage_healed":0,"gold_gain":0,"player_choice":"Take Wound","damage_taken":0,"relics_obtained":["Golden Idol"],"max_hp_gain":0,"max_hp_loss":0,"event_name":"Golden Idol","floor":2,"gold_loss":0,"cards_obtained":["Injury"]},{"damage_healed":0,"gold_gain":175,"player_choice":"AGREE","damage_taken":0,"max_hp_gain":0,"max_hp_loss":0,"event_name":"Liars Game","floor":3,"gold_loss":0,"cards_obtained":["Doubt"]},{"damage_healed":0,"gold_gain":0,"cards_transformed":["Dark Embrace","Clothesline"],"player_choice":"Became Test Subject","damage_taken":0,"max_hp_gain":0,"max_hp_loss":0,"event_name":"Drug Dealer","floor":29,"gold_loss":0,"cards_obtained":["Immolate","Dual Wield"]},{"damage_healed":0,"gold_gain":0,"player_choice":"Ignored","damage_taken":0,"max_hp_gain":0,"max_hp_loss":0,"event_name":"Vampires","floor":30,"gold_loss":0},{"damage_healed":0,"gold_gain":0,"player_choice":"Memory 1","damage_taken":0,"max_hp_gain":0,"max_hp_loss":0,"event_name":"SensoryStone","floor":36,"gold_loss":0},{"damage_healed":0,"gold_gain":0,"player_choice":"Paid Gold","damage_taken":0,"relics_obtained":["Oddly Smooth Stone"],"max_hp_gain":0,"max_hp_loss":0,"event_name":"WeMeetAgain","floor":38,"gold_loss":55}],"is_beta":false,"boss_relics":[{"not_picked":["Lizard Tail","Eternal Feather"],"picked":"Black Blood"},{"not_picked":["Snecko Eye","White Beast Statue"],"picked":"Empty Cage"}],"items_purged_floors":[4,13,20],"is_endless":false,"potions_floor_spawned":[5,6,12,16,22,27,31,33,37],"killed_by":"Giant Head","ascension_level":1}