{"path_per_floor":["M","?","M","$","$","R","M","M","T","?","$","?","R","M","R","B",null,"M","M"],"character_chosen":"IRONCLAD","items_purchased":["Cleave","Mind Blast","Apotheosis"],"gold_per_floor":[114,114,132,132,17,17,31,50,123,186,10,10,10,28,28,133,133,151,167,167],"floor_reached":20,"campfire_rested":2,"playtime":739,"current_hp_per_floor":[80,80,80,80,80,80,80,80,80,44,44,28,52,40,64,25,80,80,69,0],"items_purged":[],"gold":167,"score":164,"play_id":"99104ca6-6802-4698-9953-06d338c70d14","local_time":"20180509203648","is_prod":false,"is_daily":false,"chose_seed":false,"is_ascension_mode":false,"campfire_upgraded":1,"timestamp":1525862208,"path_taken":["M","?","M","?","$","R","M","?","T","?","?","?","R","M","R","BOSS","M","M","?"],"build_version":"2018-05-08","seed_source_timestamp":7814563702392,"purchased_purges":0,"victory":false,"master_deck":["Strike_R","Strike_R+1","Strike_R","Strike_R","Strike_R","Defend_R","Defend_R","Defend_R","Defend_R","Bash","Bloodletting","Flex","Cleave","Mind Blast+1","Flex","Anger","Apotheosis+1","Brutality"],"max_hp_per_floor":[80,80,80,80,80,80,80,80,80,80,80,80,80,80,80,80,80,80,80,80],"relics":["Burning Blood","Paper Frog","Anchor","Eternal Feather"],"card_choices":[{"not_picked":["Evolve","Clothesline"],"picked":"Bloodletting","floor":1},{"not_picked":["Wild Strike","Dual Wield"],"picked":"Flex","floor":3},{"not_picked":["Clothesline","True Grit"],"picked":"Flex","floor":8},{"not_picked":["Headbutt","Armaments"],"picked":"Anger","floor":10},{"not_picked":["Juggernaut","Bludgeon"],"picked":"Brutality","floor":16}],"player_experience":195779,"potions_floor_usage":[10,14,16],"damage_taken":[{"damage":0,"enemies":"Small Slimes","floor":1,"turns":3},{"damage":1,"enemies":"Cultist","floor":3,"turns":4},{"damage":5,"enemies":"2 Louse","floor":7,"turns":2},{"damage":0,"enemies":"Exordium Wildlife","floor":8,"turns":3},{"damage":42,"enemies":"Lagavulin Event","floor":10,"turns":8},{"damage":18,"enemies":"Exordium Thugs","floor":14,"turns":5},{"damage":45,"enemies":"Hexaghost","floor":16,"turns":9},{"damage":5,"enemies":"2 Thieves","floor":18,"turns":4},{"damage":17,"enemies":"Spheric Guardian","floor":19,"turns":4},{"damage":76,"enemies":"Cultist and Chosen","floor":20,"turns":8}],"event_choices":[{"event_name":"Liars Game","player_choice":"disagreed","floor":2,"damage_taken":0},{"event_name":"Dead Adventurer","player_choice":"Searched \u00272\u0027 times","floor":10,"damage_taken":0},{"event_name":"Shining Light","player_choice":"Entered Light","floor":12,"damage_taken":0}],"boss_relics":[{"not_picked":["Runic Dome","Velvet Choker"],"picked":"Eternal Feather"}],"potions_floor_spawned":[1,3,14,16,18],"seed_played":"7883539443555780700","killed_by":"Cultist and Chosen","ascension_level":0,"is_trial":false}