{"gold_per_floor":[117,117,134,147,160,160,177,211,211,211],"floor_reached":10,"playtime":355,"items_purged":[],"score":140,"play_id":"ff43bd13-65dc-4201-a982-eb5e022b8632","local_time":"20190208214612","is_ascension_mode":true,"campfire_choices":[{"data":"Zap","floor":6,"key":"SMITH"}],"neow_cost":"NONE","seed_source_timestamp":215572962720500,"circlet_count":0,"master_deck":["AscendersBane","Strike_B","Strike_B+1","Strike_B","Strike_B","Defend_B","Defend_B","Defend_B+1","Defend_B","Zap+1","Dualcast","Doom and Gloom","Compile Driver","Conserve Battery","BootSequence","Tempest","Cold Snap"],"relics":["Cracked Core","DataDisk","Frozen Egg 2"],"potions_floor_usage":[5,8,8],"damage_taken":[{"damage":4,"enemies":"Small Slimes","floor":1,"turns":4},{"damage":0,"enemies":"Cultist","floor":3,"turns":4},{"damage":2,"enemies":"2 Louse","floor":4,"turns":2},{"damage":32,"enemies":"Exordium Wildlife","floor":5,"turns":6},{"damage":1,"enemies":"Looter","floor":7,"turns":3},{"damage":22,"enemies":"Lagavulin","floor":8,"turns":5},{"damage":4,"enemies":"Gremlin Nob","floor":10,"turns":2}],"seed_played":"3049340488614017315","potions_obtained":[{"floor":1,"key":"FocusPotion"},{"floor":4,"key":"Regen Potion"},{"floor":5,"key":"PowerPotion"}],"is_trial":false,"path_per_floor":["M","?","M","M","M","R","M","E","T","E"],"character_chosen":"DEFECT","items_purchased":[],"campfire_rested":0,"item_purchase_floors":[],"current_hp_per_floor":[67,44,44,42,25,25,24,2,2,0],"gold":211,"neow_bonus":"TEN_PERCENT_HP_BONUS","is_prod":false,"is_daily":false,"chose_seed":false,"campfire_upgraded":1,"win_rate":0,"timestamp":1549691172,"path_taken":["M","?","M","M","M","R","M","E","T","E"],"build_version":"2019-01-23","purchased_purges":0,"victory":false,"max_hp_per_floor":[78,78,78,78,78,78,78,78,78,78],"card_choices":[{"not_picked":["Steam","Barrage"],"picked":"Doom and Gloom","floor":1},{"not_picked":["Force Field","Blizzard"],"picked":"Compile Driver","floor":3},{"not_picked":["Leap","Compile Driver"],"picked":"Conserve Battery","floor":4},{"not_picked":["Beam Cell","Scrape"],"picked":"BootSequence","floor":5},{"not_picked":["Coolheaded","Auto Shields"],"picked":"Tempest","floor":7},{"not_picked":["Hologram","Recycle"],"picked":"Cold Snap","floor":8}],"player_experience":667111,"relics_obtained":[{"floor":8,"key":"DataDisk"},{"floor":9,"key":"Frozen Egg 2"}],"event_choices":[{"damage_healed":0,"gold_gain":0,"player_choice":"Entered Light","damage_taken":23,"max_hp_gain":0,"max_hp_loss":0,"event_name":"Shining Light","floor":2,"gold_loss":0,"cards_upgraded":["Defend_B","Strike_B"]}],"is_beta":false,"boss_relics":[],"items_purged_floors":[],"is_endless":false,"potions_floor_spawned":[1,4,5],"killed_by":"Gremlin Nob","ascension_level":20}