{"gold_per_floor":[118,37,37,37,37,68,68,92,142,142,165,54,54,54,54,174,174,193,193,17,17,17,17,37,51,51,67,67,67],"floor_reached":29,"playtime":760,"items_purged":["Pain","Injury"],"score":285,"play_id":"d7c08e9b-c6c0-4ac6-a0c6-485f3674a624","local_time":"20181015034034","is_ascension_mode":true,"campfire_choices":[{"data":"Self Repair","floor":10,"key":"SMITH"},{"data":"Storm","floor":13,"key":"SMITH"},{"data":"Storm","floor":15,"key":"SMITH"},{"data":"Creative AI","floor":23,"key":"SMITH"}],"neow_cost":"","seed_source_timestamp":30625060235803,"circlet_count":0,"master_deck":["Strike_B+1","Strike_B","Strike_B+1","Defend_B","Defend_B","Defend_B+1","Defend_B","Zap+1","Dualcast","Capacitor","Storm+1","Self Repair+1","Redo+1","Leap","Storm+1","Aggregate","Creative AI+1","Coolheaded+1","Creative AI","Static Discharge","Shame"],"relics":["Cracked Core","WarpedTongs","Anchor","Golden Idol","DataDisk","Philosopher\u0027s Stone","War Paint","Letter Opener"],"potions_floor_usage":[6,16,16],"damage_taken":[{"damage":0,"enemies":"2 Louse","floor":1,"turns":2},{"damage":34,"enemies":"Gremlin Nob","floor":6,"turns":4},{"damage":7,"enemies":"Small Slimes","floor":8,"turns":3},{"damage":3,"enemies":"Jaw Worm","floor":11,"turns":3},{"damage":11,"enemies":"Hexaghost","floor":16,"turns":7},{"damage":16,"enemies":"2 Thieves","floor":18,"turns":2},{"damage":16,"enemies":"3 Byrds","floor":24,"turns":2},{"damage":35,"enemies":"3 Cultists","floor":25,"turns":5},{"damage":0,"enemies":"Snake Plant","floor":27,"turns":2},{"damage":19,"enemies":"Centurion and Healer","floor":29,"turns":3}],"seed_played":"-5518716700407100286","potions_obtained":[{"floor":1,"key":"Poison Potion"},{"floor":6,"key":"FocusPotion"},{"floor":11,"key":"Dexterity Potion"},{"floor":27,"key":"SpeedPotion"}],"is_trial":false,"path_per_floor":["M","$","?","?","?","E","?","M","T","R","M","$","R","?","R","B",null,"M","?","$","?","$","R","M","M","T","M","?"],"character_chosen":"DEFECT","items_purchased":["Storm","Storm","Static Discharge"],"campfire_rested":0,"item_purchase_floors":[2,12,20],"current_hp_per_floor":[68,68,68,53,53,19,19,19,19,19,26,26,26,26,26,25,63,47,47,47,47,47,47,41,16,16,16,7,0],"gold":67,"neow_bonus":"","is_prod":false,"is_daily":false,"chose_seed":false,"campfire_upgraded":4,"win_rate":0,"timestamp":1539600034,"path_taken":["M","$","?","?","?","E","?","M","T","R","M","$","R","?","R","BOSS","M","?","$","?","?","R","?","M","T","M","?","M"],"build_version":"2018-10-11","purchased_purges":2,"victory":false,"max_hp_per_floor":[75,75,75,75,75,75,75,75,75,75,75,75,75,75,75,75,75,75,75,75,75,75,75,75,75,75,75,75,75],"card_choices":[{"not_picked":["Turbo","Hello World"],"picked":"Capacitor","floor":1},{"not_picked":["Heatsinks","Leap"],"picked":"Self Repair","floor":6},{"not_picked":["Genetic Algorithm","Recycle"],"picked":"Redo","floor":8},{"not_picked":["Beam Cell","Streamline"],"picked":"Leap","floor":11},{"not_picked":["Machine Learning","Thunder Strike"],"picked":"Creative AI","floor":16},{"not_picked":["Turbo","Redo"],"picked":"Coolheaded+1","floor":18},{"not_picked":["Sweeping Beam+1","Steam","Tempest+1"],"picked":"SKIP","floor":24},{"not_picked":["Ball Lightning+1","Undo","Meteor Strike"],"picked":"SKIP","floor":25},{"not_picked":["Coolheaded","Redo","Streamline"],"picked":"SKIP","floor":27}],"player_experience":265218,"relics_obtained":[{"floor":6,"key":"Anchor"},{"floor":9,"key":"DataDisk"},{"floor":26,"key":"Letter Opener"}],"event_choices":[{"event_name":"Living Wall","player_choice":"Grow","floor":3,"damage_taken":0},{"event_name":"Shining Light","player_choice":"Entered Light","floor":4,"damage_taken":0},{"event_name":"Accursed Blacksmith","player_choice":"Rummage","floor":5,"damage_taken":0},{"event_name":"Golden Idol","player_choice":"Take Wound","floor":7,"damage_taken":0},{"event_name":"Transmorgrifier","player_choice":"Transform","floor":14,"damage_taken":0},{"event_name":"Duplicator","player_choice":"One dupe","floor":19,"damage_taken":0},{"event_name":"Addict","player_choice":"Stole Relic","floor":21,"damage_taken":0},{"event_name":"Cursed Tome","player_choice":"Stopped","floor":28,"damage_taken":0}],"is_beta":false,"boss_relics":[{"not_picked":["White Beast Statue","Empty Cage"],"picked":"Philosopher\u0027s Stone"}],"items_purged_floors":[12,20],"is_endless":false,"potions_floor_spawned":[1,6,11,27],"killed_by":"Centurion and Healer","ascension_level":6}