{"gold_per_floor":[117,131,91,109,126,157,157,176,202,228,243,262,212,241,253,265],"floor_reached":16,"playtime":526,"items_purged":[],"score":139,"play_id":"5a5f9a8d-e108-411d-9ba0-8038ac567e87","local_time":"20181019202056","is_ascension_mode":false,"campfire_choices":[{"data":"Dagger Spray","floor":7,"key":"SMITH"},{"data":"Dagger Throw","floor":15,"key":"SMITH"}],"neow_cost":"PERCENT_DAMAGE","seed_source_timestamp":169186793434053,"circlet_count":0,"master_deck":["Defend_G","Defend_G","Defend_G","Defend_G","Strike_G","Strike_G","Strike_G","Survivor","Neutralize","Dagger Throw+1","Dagger Spray+1","Escape Plan","Calculated Gamble","Flying Knee","Tactician"],"relics":["Ring of the Snake","Dream Catcher","Snake Skull","Orichalcum","MawBank"],"potions_floor_usage":[6,6],"damage_taken":[{"damage":0,"enemies":"Jaw Worm","floor":1,"turns":6},{"damage":1,"enemies":"Cultist","floor":2,"turns":4},{"damage":0,"enemies":"2 Louse","floor":4,"turns":2},{"damage":0,"enemies":"Exordium Wildlife","floor":5,"turns":3},{"damage":0,"enemies":"3 Sentries","floor":6,"turns":4},{"damage":0,"enemies":"Gremlin Gang","floor":8,"turns":3},{"damage":0,"enemies":"3 Louse","floor":11,"turns":1},{"damage":0,"enemies":"Large Slime","floor":12,"turns":6},{"damage":20,"enemies":"Lagavulin","floor":14,"turns":7},{"damage":26,"enemies":"The Guardian","floor":16,"turns":11}],"seed_played":"7993228022643827020","potions_obtained":[{"floor":3,"key":"Swift Potion"},{"floor":3,"key":"SteroidPotion"},{"floor":3,"key":"Ancient Potion"},{"floor":6,"key":"Dexterity Potion"},{"floor":12,"key":"Explosive Potion"}],"is_trial":false,"path_per_floor":["M","M","?","M","M","E","R","M","T","T","M","M","?","E","R"],"character_chosen":"THE_SILENT","items_purchased":[],"campfire_rested":0,"item_purchase_floors":[],"current_hp_per_floor":[49,48,48,48,48,48,48,48,48,48,48,48,48,28,28,2],"gold":265,"neow_bonus":"REMOVE_TWO","is_prod":false,"is_daily":false,"chose_seed":false,"campfire_upgraded":2,"win_rate":0,"timestamp":1539948056,"path_taken":["M","M","?","M","M","E","R","M","T","?","M","M","?","E","R","BOSS"],"build_version":"2018-10-18","purchased_purges":0,"victory":false,"max_hp_per_floor":[70,70,70,70,70,70,70,70,70,70,70,70,70,70,70,70],"card_choices":[{"not_picked":["Cloak And Dagger","PiercingWail"],"picked":"Dagger Throw","floor":1},{"not_picked":["Terror","Slice"],"picked":"Dagger Spray","floor":2},{"not_picked":["Deadly Poison","Quick Slash","Blade Dance"],"picked":"SKIP","floor":4},{"not_picked":["Dagger Throw","Concentrate"],"picked":"Escape Plan","floor":5},{"not_picked":["Slice","Envenom","Dodge and Roll"],"picked":"SKIP","floor":6},{"not_picked":["Dagger Throw","Poisoned Stab"],"picked":"Calculated Gamble","floor":8},{"not_picked":["Finisher","Quick Slash"],"picked":"Flying Knee","floor":11},{"not_picked":["Dodge and Roll","Blade Dance"],"picked":"Tactician","floor":12},{"not_picked":["Riddle With Holes","Catalyst","Bullet Time"],"picked":"SKIP","floor":14}],"player_experience":714671,"relics_obtained":[{"floor":6,"key":"Dream Catcher"},{"floor":9,"key":"Snake Skull"},{"floor":10,"key":"Orichalcum"},{"floor":14,"key":"MawBank"}],"event_choices":[{"damage_healed":0,"gold_gain":0,"player_choice":"Bought 3 Potions","damage_taken":0,"max_hp_gain":0,"max_hp_loss":0,"event_name":"The Woman in Blue","floor":3,"gold_loss":0},{"cards_removed":["Strike_G"],"damage_healed":0,"gold_gain":0,"player_choice":"Card Removal","damage_taken":0,"max_hp_gain":0,"max_hp_loss":0,"event_name":"The Cleric","floor":13,"gold_loss":50}],"is_beta":false,"boss_relics":[],"items_purged_floors":[],"is_endless":false,"potions_floor_spawned":[4,5,6,12,14],"killed_by":"The Guardian","ascension_level":0}