{"gold_per_floor":[116,0,11,21,40,40,40,108,159,174,174,23,33,65,65,162,162,182,69,85,109,119,119,145,145,145,162,162,182,182,201,201,303,303,323,342,693,86,86],"floor_reached":39,"playtime":1842,"items_purged":["Strike_B","Regret"],"score":503,"play_id":"2fe9910b-22c2-4d53-a25e-6d6145db128f","local_time":"20181119221925","is_ascension_mode":false,"campfire_choices":[{"data":"Defragment","floor":6,"key":"SMITH"},{"data":"Zap","floor":15,"key":"SMITH"},{"floor":23,"key":"RECALL"},{"data":"Seek","floor":25,"key":"SMITH"},{"data":"Glacier","floor":28,"key":"SMITH"},{"floor":32,"key":"REST"}],"neow_cost":"NONE","seed_source_timestamp":288217104365467,"circlet_count":0,"master_deck":["Strike_B","Strike_B","Strike_B","Defend_B","Defend_B","Defend_B","Defend_B","Zap+1","Dualcast","Core Surge","Conserve Battery","Defragment+1","Gash","Gash","Coolheaded","Capacitor","Electrodynamics","Gash","Glacier+1","Seek+1","Go for the Eyes","Capacitor","Hologram+1","Doubt","Static Discharge+1","Tempest+1","Reinforced Body+1","Gash+1","Biased Cognition","Scrape","Gash","Leap+1","Echo Form","Fission","FTL"],"relics":["Cracked Core","Bag of Marbles","Incense Burner","Art of War","Kunai","Cursed Key","Happy Flower","Sundial","Ornamental Fan","Philosopher\u0027s Stone","Old Coin","Vajra"],"potions_floor_usage":[24,24,27,33],"damage_taken":[{"damage":0,"enemies":"Cultist","floor":1,"turns":3},{"damage":0,"enemies":"Jaw Worm","floor":3,"turns":3},{"damage":2,"enemies":"Small Slimes","floor":4,"turns":2},{"damage":0,"enemies":"Looter","floor":5,"turns":3},{"damage":12,"enemies":"Gremlin Gang","floor":10,"turns":5},{"damage":12,"enemies":"Red Slaver","floor":13,"turns":4},{"damage":4,"enemies":"Lagavulin","floor":14,"turns":5},{"damage":0,"enemies":"Slime Boss","floor":16,"turns":7},{"damage":4,"enemies":"3 Byrds","floor":18,"turns":3},{"damage":0,"enemies":"Chosen","floor":20,"turns":5},{"damage":13,"enemies":"Snake Plant","floor":22,"turns":6},{"damage":8,"enemies":"Book of Stabbing","floor":24,"turns":7},{"damage":8,"enemies":"Centurion and Healer","floor":27,"turns":7},{"damage":17,"enemies":"Shelled Parasite and Fungi","floor":29,"turns":6},{"damage":3,"enemies":"Colosseum Slavers","floor":30,"turns":3},{"damage":0,"enemies":"3 Cultists","floor":31,"turns":2},{"damage":37,"enemies":"Collector","floor":33,"turns":8},{"damage":11,"enemies":"Orb Walker","floor":35,"turns":2},{"damage":0,"enemies":"3 Darklings","floor":36,"turns":2},{"damage":28,"enemies":"2 Orb Walkers","floor":37,"turns":5},{"damage":43,"enemies":"Jaw Worm Horde","floor":39,"turns":2}],"seed_played":"1952554236184671410","potions_obtained":[{"floor":3,"key":"Poison Potion"},{"floor":14,"key":"Weak Potion"},{"floor":16,"key":"GamblersBrew"},{"floor":20,"key":"EssenceOfSteel"},{"floor":27,"key":"SteroidPotion"},{"floor":31,"key":"Block Potion"},{"floor":36,"key":"FairyPotion"}],"is_trial":false,"path_per_floor":["M","$","M","M","M","R","?","?","T","M","?","$","M","E","R","B",null,"M","$","M","T","M","R","E","R","T","M","R","M","?","M","R","B",null,"M","M","?","$","M"],"character_chosen":"DEFECT","items_purchased":["Defragment","Gash","Art of War","Capacitor","Echo Form","Vajra","Fission","FTL"],"campfire_rested":1,"item_purchase_floors":[2,2,12,19,38,38,38,38],"current_hp_per_floor":[75,75,75,73,73,73,70,70,70,58,58,58,46,42,42,42,75,71,71,71,71,58,58,50,50,50,42,42,25,22,22,44,7,75,64,64,36,36,0],"gold":86,"neow_bonus":"ONE_RANDOM_RARE_CARD","is_prod":false,"is_daily":false,"chose_seed":false,"campfire_upgraded":4,"win_rate":0,"timestamp":1542694765,"path_taken":["M","?","M","M","M","R","?","?","T","M","?","$","M","E","R","BOSS","M","$","?","?","M","R","E","R","T","M","R","M","?","M","R","BOSS","M","M","?","$","M"],"build_version":"2018-11-15","purchased_purges":2,"victory":false,"max_hp_per_floor":[75,75,75,75,75,75,75,75,75,75,75,75,75,75,75,75,75,75,75,75,75,75,75,75,75,75,75,75,75,75,75,75,75,75,75,75,75,75,75],"card_choices":[{"not_picked":["Barrage","Hologram"],"picked":"Conserve Battery","floor":1},{"not_picked":["Coolheaded","Rip and Tear"],"picked":"Gash","floor":3},{"not_picked":["Stack","Lockon"],"picked":"Coolheaded","floor":4},{"not_picked":["Turbo","Scrape"],"picked":"Capacitor","floor":5},{"not_picked":["Hologram","Conserve Battery"],"picked":"Electrodynamics","floor":10},{"not_picked":["Beam Cell","Hologram"],"picked":"Gash","floor":13},{"not_picked":["Recycle","Turbo"],"picked":"Glacier","floor":14},{"not_picked":["Electrodynamics","Amplify"],"picked":"Seek","floor":16},{"not_picked":["Barrage","Stack"],"picked":"Go for the Eyes","floor":18},{"not_picked":["Leap+1","Rebound"],"picked":"Hologram+1","floor":20},{"not_picked":["Genetic Algorithm","Aggregate"],"picked":"Static Discharge+1","floor":22},{"not_picked":["Streamline","Fusion+1"],"picked":"Tempest+1","floor":24},{"not_picked":["Rebound+1","Redo","Steam+1"],"picked":"SKIP","floor":27},{"not_picked":["Force Field","Aggregate"],"picked":"Reinforced Body+1","floor":29},{"not_picked":["Cold Snap+1","Skim+1"],"picked":"Gash+1","floor":31},{"not_picked":["Hyperbeam","Meteor Strike"],"picked":"Biased Cognition","floor":33},{"not_picked":["Recycle+1","Go for the Eyes"],"picked":"Scrape","floor":35},{"not_picked":["Sweeping Beam","Compile Driver"],"picked":"Gash","floor":36},{"not_picked":["Rebound","Ball Lightning+1"],"picked":"Leap+1","floor":37}],"player_experience":438602,"relics_obtained":[{"floor":11,"key":"Incense Burner"},{"floor":14,"key":"Kunai"},{"floor":21,"key":"Happy Flower"},{"floor":24,"key":"Sundial"},{"floor":26,"key":"Ornamental Fan"},{"floor":37,"key":"Old Coin"}],"event_choices":[{"damage_healed":0,"gold_gain":0,"player_choice":"Success","damage_taken":3,"relics_obtained":["Bag of Marbles"],"max_hp_gain":0,"max_hp_loss":0,"event_name":"Scrap Ooze","floor":7,"gold_loss":0},{"damage_healed":0,"gold_gain":68,"player_choice":"Gained Gold","damage_taken":0,"max_hp_gain":0,"max_hp_loss":0,"event_name":"Golden Wing","floor":8,"gold_loss":0},{"damage_healed":0,"gold_gain":0,"player_choice":"Relic","damage_taken":0,"max_hp_gain":0,"max_hp_loss":0,"event_name":"Wheel of Change","floor":11,"gold_loss":0},{"damage_healed":0,"gold_gain":0,"player_choice":"Fight","damage_taken":0,"max_hp_gain":0,"max_hp_loss":0,"event_name":"Colosseum","floor":30,"gold_loss":0},{"damage_healed":0,"gold_gain":0,"player_choice":"Fled From Nobs","damage_taken":0,"max_hp_gain":0,"max_hp_loss":0,"event_name":"Colosseum","floor":30,"gold_loss":0},{"damage_healed":0,"gold_gain":0,"player_choice":"Fight","damage_taken":0,"max_hp_gain":0,"max_hp_loss":0,"event_name":"Mysterious Sphere","floor":37,"gold_loss":0}],"is_beta":false,"boss_relics":[{"not_picked":["Eternal Feather","Fusion Hammer"],"picked":"Cursed Key"},{"not_picked":["Tiny House","Pandora\u0027s Box"],"picked":"Philosopher\u0027s Stone"}],"items_purged_floors":[19,38],"is_endless":false,"potions_floor_spawned":[3,14,16,20,27,31,36],"killed_by":"Jaw Worm Horde","ascension_level":0}