{"gold_per_floor":[117,42,123,73,90,90,90,123,123,123,139,153,153,181,181,277,277,295,40,40,60,60,60,88,100,112,459,485,525,537,549],"floor_reached":31,"playtime":1853,"items_purged":["Strike_R","Strike_R"],"score":371,"play_id":"e2aa692b-d156-4fff-b2b7-07c34b2a7d75","local_time":"20190307231311","is_ascension_mode":true,"campfire_choices":[{"data":"Body Slam","floor":6,"key":"SMITH"},{"floor":10,"key":"REST"},{"floor":13,"key":"REST"},{"floor":15,"key":"REST"},{"data":"Feed","floor":23,"key":"SMITH"},{"floor":25,"key":"REST"}],"neow_cost":"NONE","seed_source_timestamp":34125765929700,"circlet_count":0,"master_deck":["Strike_R+1","Strike_R+1","Defend_R+1","Defend_R+1","Defend_R+1","Defend_R+1","Bash+1","Body Slam+1","Entrench+1","Carnage","Feed+1","True Grit+1","Writhe","Shrug It Off+1","Parasite","Armaments+1","True Grit+1","Ghostly Armor+1"],"relics":["Burning Blood","Bottled Lightning","Toxic Egg 2","Strawberry","Bronze Scales","Cursed Key","Orichalcum","Pear","MawBank","Paper Frog","Old Coin","Red Mask"],"potions_floor_usage":[8,16,16,24,27,28,31,31,31],"damage_taken":[{"damage":6,"enemies":"Cultist","floor":1,"turns":3},{"damage":4,"enemies":"Small Slimes","floor":5,"turns":4},{"damage":38,"enemies":"Lagavulin","floor":8,"turns":6},{"damage":18,"enemies":"2 Louse","floor":11,"turns":3},{"damage":10,"enemies":"Large Slime","floor":12,"turns":9},{"damage":44,"enemies":"Gremlin Nob","floor":14,"turns":5},{"damage":86,"enemies":"Hexaghost","floor":16,"turns":11},{"damage":14,"enemies":"Chosen","floor":18,"turns":4},{"damage":17,"enemies":"2 Thieves","floor":21,"turns":5},{"damage":40,"enemies":"Gremlin Leader","floor":24,"turns":6},{"damage":26,"enemies":"Book of Stabbing","floor":27,"turns":5},{"damage":10,"enemies":"Snecko","floor":28,"turns":3},{"damage":26,"enemies":"Masked Bandits","floor":29,"turns":6},{"damage":57,"enemies":"Gremlin Leader","floor":31,"turns":4}],"seed_played":"9009628775629943941","potions_obtained":[{"floor":5,"key":"EssenceOfSteel"},{"floor":12,"key":"Dexterity Potion"},{"floor":14,"key":"Regen Potion"},{"floor":21,"key":"LiquidBronze"},{"floor":24,"key":"Fruit Juice"},{"floor":27,"key":"PowerPotion"},{"floor":30,"key":"Strength Potion"},{"floor":30,"key":"SkillPotion"},{"floor":30,"key":"Poison Potion"}],"is_trial":false,"path_per_floor":["M","$","T","?","M","R","?","E","T","R","M","M","R","E","R","B",null,"M","$","?","M","?","R","E","R","T","E","M","?","?","E"],"character_chosen":"IRONCLAD","items_purchased":["Orichalcum"],"campfire_rested":4,"item_purchase_floors":[19],"current_hp_per_floor":[80,80,80,80,80,80,85,53,60,87,75,71,92,54,81,16,92,84,84,94,86,86,86,52,83,83,68,64,48,48,0],"gold":549,"neow_bonus":"UPGRADE_CARD","is_prod":false,"is_daily":false,"chose_seed":false,"campfire_upgraded":2,"win_rate":0,"timestamp":1552021991,"path_taken":["M","$","?","?","M","R","?","E","T","R","M","M","R","E","R","BOSS","M","$","?","M","?","R","E","R","T","E","M","?","?","E"],"build_version":"2019-01-23","purchased_purges":2,"victory":false,"max_hp_per_floor":[80,80,80,80,80,80,85,85,92,92,92,92,92,92,92,92,92,92,92,102,105,105,105,105,105,105,110,110,114,114,114],"card_choices":[{"not_picked":["Havoc","Flex"],"picked":"Body Slam","floor":1},{"not_picked":["Perfected Strike","Rupture","Wild Strike"],"picked":"SKIP","floor":5},{"not_picked":["Perfected Strike","Armaments"],"picked":"Entrench","floor":8},{"not_picked":["Pommel Strike","Cleave","Heavy Blade"],"picked":"SKIP","floor":11},{"not_picked":["Evolve","Dual Wield+1","Double Tap+1"],"picked":"SKIP","floor":12},{"not_picked":["Wild Strike","Armaments+1"],"picked":"Carnage","floor":14},{"not_picked":["Offering+1","Bludgeon"],"picked":"Feed","floor":16},{"not_picked":["Havoc+1","Disarm+1"],"picked":"True Grit+1","floor":18},{"not_picked":["Clothesline","Clash","Flex+1"],"picked":"SKIP","floor":21},{"not_picked":["Body Slam+1","Thunderclap"],"picked":"Shrug It Off+1","floor":24},{"not_picked":["Rupture","Disarm+1"],"picked":"Armaments+1","floor":27},{"not_picked":["Fire Breathing","Hemokinesis"],"picked":"True Grit+1","floor":28},{"not_picked":["Clothesline","Havoc+1"],"picked":"Ghostly Armor+1","floor":29}],"player_experience":312243,"relics_obtained":[{"floor":3,"key":"Bottled Lightning"},{"floor":8,"key":"Toxic Egg 2"},{"floor":9,"key":"Strawberry"},{"floor":14,"key":"Bronze Scales"},{"floor":24,"key":"MawBank"},{"floor":26,"key":"Paper Frog"},{"floor":27,"key":"Old Coin"},{"floor":29,"key":"Red Mask"}],"event_choices":[{"cards_removed":["Strike_R"],"damage_healed":0,"gold_gain":0,"player_choice":"Card Removal","damage_taken":0,"max_hp_gain":0,"max_hp_loss":0,"event_name":"The Cleric","floor":4,"gold_loss":50},{"damage_healed":0,"gold_gain":0,"player_choice":"Donut","damage_taken":0,"max_hp_gain":5,"max_hp_loss":0,"event_name":"Big Fish","floor":7,"gold_loss":0},{"damage_healed":0,"gold_gain":0,"player_choice":"Opened","damage_taken":0,"relics_obtained":["Pear"],"max_hp_gain":0,"max_hp_loss":0,"event_name":"The Mausoleum","floor":20,"gold_loss":0,"cards_obtained":["Writhe"]},{"damage_healed":0,"gold_gain":0,"player_choice":"Simplicity","damage_taken":0,"max_hp_gain":0,"max_hp_loss":0,"event_name":"Back to Basics","floor":22,"gold_loss":0,"cards_upgraded":["Strike_R","Strike_R","Defend_R","Defend_R","Defend_R","Defend_R"]},{"damage_healed":0,"gold_gain":0,"player_choice":"Fought Bandits","damage_taken":0,"max_hp_gain":0,"max_hp_loss":0,"event_name":"Masked Bandits","floor":29,"gold_loss":0},{"damage_healed":0,"gold_gain":0,"player_choice":"Got Potions","damage_taken":0,"max_hp_gain":0,"max_hp_loss":0,"event_name":"Lab","floor":30,"gold_loss":0}],"is_beta":false,"boss_relics":[{"not_picked":["Empty Cage","White Beast Statue"],"picked":"Cursed Key"}],"items_purged_floors":[2,19],"is_endless":false,"potions_floor_spawned":[5,12,14,21,24,27],"killed_by":"Gremlin Leader","ascension_level":3}