{"gold_per_floor":[14,89,63,78,89,89,89,89,114,130,156,156,166,180,180,275,275,289,134,314,331,348,348,448,483,783,413,413,433,459,476,476,579,579,589,600,333,333,350,350,381,381,459,476,494,514,514,514],"floor_reached":48,"playtime":2114,"items_purged":["Strike_B","Strike_B","Defend_B"],"score":580,"play_id":"c24c0072-5c04-4e25-97b1-0267d3f0ad05","local_time":"20190308205838","is_ascension_mode":true,"campfire_choices":[{"data":"Electrodynamics","floor":6,"key":"SMITH"},{"data":"Thunder Strike","floor":8,"key":"SMITH"},{"data":"Zap","floor":12,"key":"SMITH"},{"data":"Defragment","floor":15,"key":"SMITH"},{"floor":23,"key":"REST"},{"floor":28,"key":"REST"},{"floor":32,"key":"REST"},{"floor":40,"key":"REST"},{"data":"Apotheosis","floor":42,"key":"SMITH"}],"neow_cost":"NO_GOLD","seed_source_timestamp":6904152809147,"circlet_count":0,"master_deck":["Defend_B","Defend_B","Defend_B+1","Zap+1","Dualcast+1","Electrodynamics+1","BootSequence","Cold Snap","Cold Snap","Thunder Strike+1","Defragment+1","Ball Lightning","Seek","BootSequence","Defragment","Capacitor","Melter","Defragment","Redo+1","Loop","Static Discharge+1","Reboot","Leap+1","Redo+1","Conserve Battery","Apotheosis+1","Conserve Battery+1","Turbo+1","Parasite"],"relics":["Cracked Core","Oddly Smooth Stone","Gremlin Horn","Empty Cage","Question Card","Old Coin","Membership Card","War Paint","Strawberry","Sozu","MealTicket","Pen Nib","Molten Egg 2"],"potions_floor_usage":[11,16,25,29,29,31],"damage_taken":[{"damage":0,"enemies":"Small Slimes","floor":1,"turns":3},{"damage":0,"enemies":"2 Louse","floor":4,"turns":2},{"damage":1,"enemies":"Cultist","floor":5,"turns":4},{"damage":0,"enemies":"Exordium Wildlife","floor":10,"turns":4},{"damage":2,"enemies":"3 Sentries","floor":11,"turns":4},{"damage":1,"enemies":"Lots of Slimes","floor":13,"turns":2},{"damage":0,"enemies":"Looter","floor":14,"turns":3},{"damage":30,"enemies":"The Guardian","floor":16,"turns":7},{"damage":8,"enemies":"Spheric Guardian","floor":18,"turns":3},{"damage":8,"enemies":"2 Thieves","floor":21,"turns":3},{"damage":22,"enemies":"Shelled Parasite and Fungi","floor":22,"turns":5},{"damage":23,"enemies":"Slavers","floor":25,"turns":3},{"damage":4,"enemies":"Centurion and Healer","floor":29,"turns":4},{"damage":4,"enemies":"Gremlin Leader","floor":30,"turns":5},{"damage":0,"enemies":"Snake Plant","floor":31,"turns":2},{"damage":37,"enemies":"Collector","floor":33,"turns":8},{"damage":26,"enemies":"3 Darklings","floor":35,"turns":3},{"damage":0,"enemies":"3 Shapes","floor":36,"turns":4},{"damage":23,"enemies":"3 Darklings","floor":39,"turns":3},{"damage":0,"enemies":"Reptomancer","floor":41,"turns":4},{"damage":23,"enemies":"Spire Growth","floor":44,"turns":5},{"damage":0,"enemies":"4 Shapes","floor":45,"turns":3},{"damage":25,"enemies":"3 Darklings","floor":46,"turns":3},{"damage":13,"enemies":"Writhing Mass","floor":48,"turns":3}],"seed_played":"6999195266039519855","potions_obtained":[{"floor":4,"key":"EssenceOfSteel"},{"floor":14,"key":"Strength Potion"},{"floor":21,"key":"SteroidPotion"},{"floor":25,"key":"SkillPotion"},{"floor":30,"key":"FocusPotion"}],"is_trial":false,"path_per_floor":["M","?","$","M","M","R","?","R","T","M","E","R","M","M","R","B",null,"M","$","?","M","M","R","?","E","T","$","R","M","E","M","R","B",null,"M","M","$","?","M","R","E","R","T","M","M","M","?","M"],"character_chosen":"DEFECT","items_purchased":["Cold Snap","Defragment","Membership Card","War Paint","Regen Potion","Conserve Battery","Apotheosis","MealTicket"],"campfire_rested":4,"item_purchase_floors":[3,19,27,27,27,37,37,37],"current_hp_per_floor":[75,64,64,64,63,63,63,63,63,63,61,61,60,60,60,30,75,67,67,46,38,16,38,38,15,15,15,37,45,48,48,72,35,82,56,56,56,56,33,57,57,57,57,34,34,9,9,0],"gold":514,"neow_bonus":"THREE_RARE_CARDS","is_prod":false,"is_daily":false,"chose_seed":false,"campfire_upgraded":5,"win_rate":0,"timestamp":1552039118,"path_taken":["M","?","$","M","M","R","?","R","T","M","E","R","?","M","R","BOSS","M","$","?","M","?","R","?","E","T","$","R","M","E","?","R","BOSS","M","M","$","?","M","R","E","R","T","?","M","M","?","M"],"build_version":"2019-02-06","purchased_purges":3,"victory":false,"max_hp_per_floor":[75,75,75,75,75,75,75,75,75,75,75,75,75,75,75,75,75,75,75,75,75,75,75,75,75,75,75,75,75,82,82,82,82,82,82,82,82,82,82,82,82,82,82,82,82,82,82,82],"card_choices":[{"not_picked":["Buffer","Seek"],"picked":"Electrodynamics","floor":0},{"not_picked":["Go for the Eyes","Auto Shields"],"picked":"BootSequence","floor":1},{"not_picked":["Barrage","Beam Cell"],"picked":"Cold Snap","floor":4},{"not_picked":["Barrage","Sweeping Beam"],"picked":"Capacitor","floor":5},{"not_picked":["Redo","Coolheaded"],"picked":"Defragment","floor":10},{"not_picked":["Darkness","Sweeping Beam","Recycle"],"picked":"SKIP","floor":11},{"not_picked":["Chaos","Cold Snap","Sunder"],"picked":"SKIP","floor":13},{"not_picked":["Reinforced Body","Self Repair"],"picked":"Ball Lightning","floor":14},{"not_picked":["Electrodynamics","Reboot"],"picked":"Seek","floor":16},{"not_picked":["Rebound","Chaos"],"picked":"BootSequence","floor":18},{"not_picked":["Steam+1","Blizzard"],"picked":"Capacitor","floor":21},{"not_picked":["Gash","Compile Driver+1"],"picked":"Melter","floor":22},{"not_picked":["Blizzard","FTL"],"picked":"Defragment","floor":25},{"not_picked":["Beam Cell+1","Fusion","Conserve Battery"],"picked":"Redo+1","floor":29},{"not_picked":["Stack","Self Repair","Beam Cell"],"picked":"Loop","floor":30},{"not_picked":["Double Energy","Leap","Creative AI"],"picked":"Static Discharge+1","floor":31},{"not_picked":["Rainbow","Multi-Cast","Buffer"],"picked":"Reboot","floor":33},{"not_picked":["Barrage","Static Discharge+1","Darkness+1"],"picked":"Leap+1","floor":35},{"not_picked":["Double Energy+1","Gash","Stack+1"],"picked":"Redo+1","floor":36},{"not_picked":["All For One","Stack","Rebound"],"picked":"Conserve Battery+1","floor":39},{"not_picked":["Coolheaded","Steam","Hologram","Streamline"],"picked":"SKIP","floor":41},{"not_picked":["Stack+1","Steam","Beam Cell+1"],"picked":"Turbo+1","floor":44},{"not_picked":["Go for the Eyes+1","Stack","Coolheaded+1","Meteor Strike+1"],"picked":"SKIP","floor":45},{"not_picked":["Turbo+1","Coolheaded","Compile Driver+1","Go for the Eyes+1"],"picked":"SKIP","floor":46}],"player_experience":510490,"relics_obtained":[{"floor":9,"key":"Oddly Smooth Stone"},{"floor":11,"key":"Gremlin Horn"},{"floor":25,"key":"Question Card"},{"floor":26,"key":"Old Coin"},{"floor":30,"key":"Strawberry"},{"floor":41,"key":"Pen Nib"},{"floor":43,"key":"Molten Egg 2"}],"event_choices":[{"damage_healed":0,"gold_gain":75,"player_choice":"Gather Gold","damage_taken":11,"max_hp_gain":0,"max_hp_loss":0,"event_name":"World of Goop","floor":2,"gold_loss":0},{"damage_healed":0,"gold_gain":0,"cards_transformed":["Capacitor"],"player_choice":"Transformed","damage_taken":0,"max_hp_gain":0,"max_hp_loss":0,"event_name":"Transmorgrifier","floor":7,"gold_loss":0,"cards_obtained":["Thunder Strike"]},{"damage_healed":0,"gold_gain":180,"player_choice":"GOLD GOLD ","damage_taken":21,"max_hp_gain":0,"max_hp_loss":0,"event_name":"Knowing Skull","floor":20,"potions_obtained":[],"gold_loss":0,"cards_obtained":[]},{"damage_healed":0,"gold_gain":100,"player_choice":"Pray","damage_taken":0,"max_hp_gain":0,"max_hp_loss":0,"event_name":"Golden Shrine","floor":24,"gold_loss":0},{"damage_healed":0,"gold_gain":0,"player_choice":"Bought 0 Potions","damage_taken":0,"max_hp_gain":0,"max_hp_loss":0,"event_name":"The Woman in Blue","floor":38,"gold_loss":0},{"damage_healed":0,"gold_gain":0,"player_choice":"Ignored","damage_taken":0,"max_hp_gain":0,"max_hp_loss":0,"event_name":"Tomb of Lord Red Mask","floor":47,"gold_loss":0}],"is_beta":true,"boss_relics":[{"not_picked":["Velvet Choker","Cursed Key"],"picked":"Empty Cage"},{"not_picked":["Runic Pyramid","Astrolabe"],"picked":"Sozu"}],"items_purged_floors":[19,27,37],"is_endless":false,"potions_floor_spawned":[4,14,21,25,30,39,41],"killed_by":"Writhing Mass","ascension_level":1}