{"gold_per_floor":[114,124,49,49,21,53,53,53,53,67,100,100,114,114],"floor_reached":14,"playtime":318,"items_purged":["Strike_B"],"score":246,"play_id":"2f10133f-4dfe-4b91-a16a-218c9f7cd863","local_time":"20190121214904","is_ascension_mode":true,"campfire_choices":[{"data":"Darkness","floor":7,"key":"SMITH"},{"data":"Glacier","floor":12,"key":"SMITH"}],"neow_cost":"NONE","seed_source_timestamp":1103615304411861,"circlet_count":0,"master_deck":["AscendersBane","Strike_B","Strike_B","Strike_B","Defend_B","Defend_B","Defend_B","Defend_B","Zap","Dualcast","BootSequence","Darkness+1","Cold Snap","Go for the Eyes","Glacier+1","Redo"],"relics":["Cracked Core","NeowsBlessing","Bag of Marbles","Shuriken","Dream Catcher","Gremlin Horn"],"potions_floor_usage":[],"damage_taken":[{"damage":0,"enemies":"Cultist","floor":1,"turns":1},{"damage":0,"enemies":"Jaw Worm","floor":2,"turns":1},{"damage":0,"enemies":"Lagavulin","floor":6,"turns":1},{"damage":0,"enemies":"Small Slimes","floor":10,"turns":2},{"damage":46,"enemies":"Gremlin Nob","floor":11,"turns":6},{"damage":12,"enemies":"Exordium Wildlife","floor":13,"turns":7}],"seed_played":"-4559886412138896597","potions_obtained":[{"floor":1,"key":"SpeedPotion"},{"floor":2,"key":"Strength Potion"}],"is_trial":false,"path_per_floor":["M","$","?","?"],"character_chosen":"DEFECT","items_purchased":["Cold Snap"],"campfire_rested":0,"item_purchase_floors":[5],"current_hp_per_floor":[64,64,64,59,59,59,59,59,59,59,13,13,1,0],"gold":114,"neow_bonus":"THREE_ENEMY_KILL","is_prod":false,"is_daily":false,"chose_seed":false,"campfire_upgraded":2,"win_rate":0,"timestamp":1548125344,"path_taken":["M","?","?","?","$","E","R","$","T","M","E","R","M","?"],"build_version":"2019-01-20","purchased_purges":1,"victory":false,"max_hp_per_floor":[71,71,71,71,71,71,71,71,71,71,71,71,71,71],"card_choices":[{"not_picked":["Fusion","Beam Cell"],"picked":"BootSequence","floor":1},{"not_picked":["Chill","Hologram"],"picked":"Darkness","floor":2},{"not_picked":["Streamline","Genetic Algorithm"],"picked":"Go for the Eyes","floor":6},{"not_picked":["Melter","Static Discharge"],"picked":"Glacier","floor":10},{"not_picked":["Beam Cell","Turbo","Barrage"],"picked":"SKIP","floor":11},{"not_picked":["Doom and Gloom","Capacitor"],"picked":"Redo","floor":13}],"player_experience":485112,"relics_obtained":[{"floor":6,"key":"Shuriken"},{"floor":9,"key":"Dream Catcher"},{"floor":11,"key":"Gremlin Horn"}],"event_choices":[{"damage_healed":0,"gold_gain":0,"player_choice":"Success","damage_taken":5,"relics_obtained":["Bag of Marbles"],"max_hp_gain":0,"max_hp_loss":0,"event_name":"Scrap Ooze","floor":4,"gold_loss":0}],"is_beta":true,"boss_relics":[],"items_purged_floors":[3],"is_endless":false,"potions_floor_spawned":[1,2,10],"ascension_level":20}