{"gold_per_floor":[118,118,134,153,153,153,183,333,357,357,202,202,237,237,237,312,312,332,345,270,270,281,281,281],"floor_reached":24,"playtime":880,"items_purged":["Strike_B"],"score":384,"play_id":"cac783c2-4f6f-4113-ae10-f7dc80dca953","local_time":"20190221125552","is_ascension_mode":true,"campfire_choices":[{"floor":6.0,"key":"REST"},{"data":"Defragment","floor":10.0,"key":"SMITH"},{"data":"Hologram","floor":12.0,"key":"SMITH"},{"data":"Static Discharge","floor":15,"key":"SMITH"},{"data":"Echo Form","floor":23,"key":"SMITH"}],"neow_cost":"NONE","seed_source_timestamp":287153672622954,"circlet_count":0,"master_deck":["AscendersBane","Strike_B","Strike_B","Defend_B","Defend_B","Defend_B","Defend_B","Zap","Dualcast","Static Discharge+1","Steam","Defragment+1","Cold Snap","Compile Driver","Hologram+1","Echo Form+1","Coolheaded","Ghostly","Ghostly","Ghostly","Capacitor"],"special_seed":0,"relics":["Cracked Core","Omamori","Dodecahedron","Oddly Smooth Stone","Bag of Marbles","Centennial Puzzle","Art of War","Black Star"],"potions_floor_usage":[13,18,24],"damage_taken":[{"damage":0.0,"enemies":"Cultist","floor":1.0,"turns":3.0},{"damage":8.0,"enemies":"2 Louse","floor":3.0,"turns":4.0},{"damage":2.0,"enemies":"Jaw Worm","floor":4.0,"turns":3.0},{"damage":15.0,"enemies":"Lagavulin","floor":7.0,"turns":7.0},{"damage":19,"enemies":"Gremlin Nob","floor":13,"turns":4},{"damage":12,"enemies":"Hexaghost","floor":16,"turns":8},{"damage":9,"enemies":"3 Byrds","floor":18,"turns":2},{"damage":24,"enemies":"Shell Parasite","floor":19,"turns":6},{"damage":0,"enemies":"Snake Plant","floor":22,"turns":5},{"damage":28,"enemies":"Gremlin Leader","floor":24,"turns":4}],"seed_played":"3064503527165558038","potions_obtained":[{"floor":7.0,"key":"Strength Potion"},{"floor":16,"key":"LiquidBronze"},{"floor":22,"key":"Swift Potion"}],"is_trial":false,"path_per_floor":["M","T","M","M","?","R","E","?","T","R","$","R","E","?","R","B",null,"M","M","?","?","M","R","E"],"character_chosen":"DEFECT","items_purchased":["Compile Driver","Hologram"],"campfire_rested":1,"item_purchase_floors":[11,11],"current_hp_per_floor":[64,64,56,54,28,49,34,34,34,34,34,34,15,20,20,8,59,50,26,26,26,26,26,0],"gold":281,"neow_bonus":"RANDOM_COMMON_RELIC","is_prod":false,"is_daily":false,"chose_seed":false,"campfire_upgraded":4,"win_rate":0,"timestamp":1550721352,"path_taken":["M","?","?","M","?","R","E","?","T","R","$","R","E","?","R","BOSS","M","M","?","?","M","R","E"],"build_version":"2019-01-23","purchased_purges":1,"victory":false,"max_hp_per_floor":[71,71,71,71,71,71,71,71,71,71,71,71,71,76,76,76,76,76,76,76,38,38,38,38],"card_choices":[{"not_picked":["Leap","Sweeping Beam"],"picked":"Static Discharge","floor":1.0},{"not_picked":["Heatsinks","Loop"],"picked":"Steam","floor":3.0},{"not_picked":["Sweeping Beam","Rebound"],"picked":"Defragment","floor":4.0},{"not_picked":["Beam Cell","Auto Shields"],"picked":"Cold Snap","floor":7.0},{"not_picked":["Redo","Steam","Rebound"],"picked":"SKIP","floor":13},{"not_picked":["Creative AI","Fission"],"picked":"Echo Form","floor":16},{"not_picked":["Streamline","BootSequence","Hello World"],"picked":"SKIP","floor":18},{"not_picked":["Streamline","BootSequence","Hello World"],"picked":"SKIP","floor":18},{"not_picked":["Cold Snap","Coolheaded","Barrage+1"],"picked":"SKIP","floor":19},{"not_picked":["Cold Snap","Barrage+1"],"picked":"Coolheaded","floor":19},{"not_picked":["Redo+1","Go for the Eyes"],"picked":"Capacitor","floor":22}],"player_experience":806956,"relics_obtained":[{"floor":2.0,"key":"Dodecahedron"},{"floor":7.0,"key":"Bag of Marbles"},{"floor":9.0,"key":"Centennial Puzzle"},{"floor":13,"key":"Art of War"}],"event_choices":[{"damage_healed":0.0,"max_hp_gain":0.0,"max_hp_loss":0.0,"gold_gain":0.0,"event_name":"Scrap Ooze","player_choice":"Success","floor":5.0,"gold_loss":0.0,"damage_taken":26.0,"relics_obtained":["Oddly Smooth Stone"]},{"damage_healed":0.0,"max_hp_gain":0.0,"max_hp_loss":0.0,"gold_gain":150.0,"event_name":"Liars Game","player_choice":"AGREE","floor":8.0,"gold_loss":0.0,"damage_taken":0.0,"cards_obtained":["Doubt"]},{"damage_healed":0,"gold_gain":0,"player_choice":"Donut","damage_taken":0,"max_hp_gain":5,"max_hp_loss":0,"event_name":"Big Fish","floor":14,"gold_loss":0},{"cards_removed":["Strike_B"],"damage_healed":0,"gold_gain":0,"player_choice":"Gave Gold","damage_taken":0,"max_hp_gain":0,"max_hp_loss":0,"event_name":"Beggar","floor":20,"gold_loss":75},{"damage_healed":0,"gold_gain":0,"player_choice":"Became a Ghost","damage_taken":0,"max_hp_gain":0,"max_hp_loss":38,"event_name":"Ghosts","floor":21,"gold_loss":0,"cards_obtained":["Ghostly","Ghostly","Ghostly"]}],"is_beta":false,"boss_relics":[{"not_picked":["Fusion Hammer","FrozenCore"],"picked":"Black Star"}],"items_purged_floors":[11],"is_endless":false,"potions_floor_spawned":[7,16,22],"killed_by":"Gremlin Leader","ascension_level":18}