{"gold_per_floor":[113,133,151,76,76,76,76,76,76,76,104,120,120,138,138,242,242,254,1,1,101,120,153,169,169,195,195,207,217,217,92,92,92],"floor_reached":33,"playtime":1064,"items_purged":["Defend_R","Defend_R","True Grit"],"score":265,"play_id":"28996f57-8bfe-4758-ac5c-bb25e7376d15","local_time":"20181214221033","is_ascension_mode":false,"campfire_choices":[{"floor":6.0,"key":"RECALL"},{"data":"Iron Wave","floor":8.0,"key":"SMITH"},{"data":"Cleave","floor":10.0,"key":"SMITH"},{"data":"Double Tap","floor":15.0,"key":"SMITH"},{"data":"Heavy Blade","floor":25.0,"key":"SMITH"},{"data":"Spot Weakness","floor":27.0,"key":"SMITH"},{"data":"Infernal Blade","floor":32,"key":"SMITH"}],"neow_cost":"NONE","seed_source_timestamp":0,"circlet_count":0,"master_deck":["Strike_R","Strike_R","Strike_R","Strike_R","Strike_R","Bash+1","Cleave+1","Iron Wave+1","Pommel Strike","Double Tap+1","Anger+1","Clash","Demon Form","Spot Weakness+1","Heavy Blade+1","Clash+1","Clash","Shrug It Off","Infernal Blade+1"],"special_seed":0,"relics":["Burning Blood","Darkstone Periapt","Black Star","Lantern","Blue Candle","Red Skull","Ancient Tea Set"],"potions_floor_usage":[28,33,33],"damage_taken":[{"damage":11.0,"enemies":"Jaw Worm","floor":1.0,"turns":2.0},{"damage":6.0,"enemies":"Cultist","floor":2.0,"turns":3.0},{"damage":0.0,"enemies":"Small Slimes","floor":3.0,"turns":4.0},{"damage":8.0,"enemies":"Gremlin Nob","floor":11.0,"turns":3.0},{"damage":3.0,"enemies":"Looter","floor":12.0,"turns":2.0},{"damage":6.0,"enemies":"Red Slaver","floor":14.0,"turns":2.0},{"damage":47.0,"enemies":"Hexaghost","floor":16.0,"turns":6.0},{"damage":20.0,"enemies":"2 Thieves","floor":18.0,"turns":2.0},{"damage":10.0,"enemies":"Spheric Guardian","floor":22.0,"turns":3.0},{"damage":20.0,"enemies":"Gremlin Leader","floor":23.0,"turns":4.0},{"damage":18.0,"enemies":"Chosen and Byrds","floor":24.0,"turns":5.0},{"damage":15,"enemies":"Snecko","floor":28,"turns":3},{"damage":0,"enemies":"3 Cultists","floor":29,"turns":3},{"damage":56,"enemies":"Collector","floor":33,"turns":3}],"seed_played":"399509739199029215","potions_obtained":[{"floor":2.0,"key":"Explosive Potion"},{"floor":5.0,"key":"Poison Potion"},{"floor":5.0,"key":"EntropicBrew"},{"floor":11.0,"key":"Energy Potion"},{"floor":23.0,"key":"FearPotion"},{"floor":24.0,"key":"Poison Potion"}],"is_trial":false,"path_per_floor":["M","M","M","$","?","R","$","R","T","R","E","M","?","M","R","B",null,"M","$","?","?","M","E","M","R","T","R","M","M","?","$","R","B"],"character_chosen":"IRONCLAD","items_purchased":["Lantern"],"campfire_rested":0,"item_purchase_floors":[19],"current_hp_per_floor":[83,83,88,88,88,88,88,88,88,88,86,88,70,70,70,29,88,74,74,74,74,70,56,44,44,44,44,35,41,41,41,41,0],"gold":92,"neow_bonus":"TEN_PERCENT_HP_BONUS","is_prod":false,"is_daily":false,"chose_seed":false,"campfire_upgraded":6,"win_rate":0,"timestamp":1544843433,"path_taken":["M","M","M","$","?","R","?","R","T","R","E","M","?","M","R","BOSS","M","$","?","?","?","E","M","R","T","R","M","M","?","?","R","BOSS"],"build_version":"2018-12-13","purchased_purges":3,"victory":false,"max_hp_per_floor":[88,88,88,88,88,88,88,88,88,88,88,88,88,88,88,88,88,88,88,88,88,88,88,88,88,88,88,88,88,88,88,88,88],"card_choices":[{"not_picked":["Metallicize","Sword Boomerang"],"picked":"Cleave","floor":1.0},{"not_picked":["Shrug It Off","True Grit"],"picked":"Iron Wave","floor":2.0},{"not_picked":["Perfected Strike","Sentinel"],"picked":"Pommel Strike","floor":3.0},{"not_picked":["Burning Pact","Pummel"],"picked":"Double Tap","floor":11.0},{"not_picked":["Wild Strike","Metallicize"],"picked":"Anger","floor":12.0},{"not_picked":["Havoc","Uppercut"],"picked":"Clash","floor":14.0},{"not_picked":["Brutality","Feed"],"picked":"Demon Form","floor":16.0},{"not_picked":["Cleave+1","Bloodletting"],"picked":"Spot Weakness","floor":18.0},{"not_picked":["Sword Boomerang","True Grit","Armaments"],"picked":"SKIP","floor":22.0},{"not_picked":["Ghostly Armor+1","Reaper"],"picked":"Clash+1","floor":23.0},{"not_picked":["Perfected Strike","Sever Soul"],"picked":"Clash","floor":24.0},{"not_picked":["Disarm","Combust","Clothesline"],"picked":"SKIP","floor":28},{"not_picked":["Perfected Strike+1","Disarm"],"picked":"Shrug It Off","floor":29}],"player_experience":300060,"relics_obtained":[{"floor":11.0,"key":"Darkstone Periapt"},{"floor":23.0,"key":"Blue Candle"},{"floor":23.0,"key":"Red Skull"},{"floor":26.0,"key":"Ancient Tea Set"}],"event_choices":[{"damage_healed":0.0,"max_hp_gain":0.0,"max_hp_loss":0.0,"gold_gain":0.0,"event_name":"Lab","player_choice":"Got Potions","floor":5.0,"gold_loss":0.0,"damage_taken":0.0},{"damage_healed":0.0,"max_hp_gain":0.0,"max_hp_loss":0.0,"gold_gain":0.0,"event_name":"Shining Light","player_choice":"Entered Light","floor":13.0,"gold_loss":0.0,"damage_taken":18.0,"cards_upgraded":["Bash","Anger"]},{"damage_healed":0.0,"max_hp_gain":0.0,"max_hp_loss":0.0,"gold_gain":0.0,"event_name":"The Library","player_choice":"Read","floor":20.0,"gold_loss":0.0,"damage_taken":0.0,"cards_obtained":["Heavy Blade"]},{"damage_healed":0.0,"max_hp_gain":0.0,"max_hp_loss":0.0,"gold_gain":100.0,"event_name":"Golden Shrine","player_choice":"Pray","floor":21.0,"gold_loss":0.0,"damage_taken":0.0},{"damage_healed":0,"gold_gain":0,"cards_transformed":["Defend_R","Defend_R"],"player_choice":"Became Test Subject","damage_taken":0,"max_hp_gain":0,"max_hp_loss":0,"event_name":"Drug Dealer","floor":30,"gold_loss":0,"cards_obtained":["Infernal Blade","True Grit"]}],"is_beta":false,"boss_relics":[{"not_picked":["Ectoplasm","White Beast Statue"],"picked":"Black Star"}],"items_purged_floors":[4,19,31],"is_endless":false,"potions_floor_spawned":[2,11,23,24],"killed_by":"Collector","ascension_level":0}