{"gold_per_floor":[112,122,122,133,143,143,175,175,175,175,191,92,123,23,23,118,118,129,0,100,21,0],"floor_reached":22,"playtime":870,"items_purged":["Strike_R","Strike_R"],"score":288,"play_id":"a7fc9233-20f8-4a95-950a-4e18eb153906","local_time":"20181115141023","is_ascension_mode":true,"campfire_choices":[{"data":"Armaments","floor":6,"key":"SMITH"},{"data":"Havoc","floor":8,"key":"SMITH"},{"data":"Hemokinesis","floor":10,"key":"SMITH"},{"data":"Iron Wave","floor":15,"key":"SMITH"}],"neow_cost":"NONE","seed_source_timestamp":15367843762397,"circlet_count":0,"master_deck":["AscendersBane","Defend_R","Defend_R","Defend_R","Defend_R","Bash+1","Inflame+1","Anger","Armaments+1","Havoc+1","Hemokinesis+1","Iron Wave+1","Disarm","Double Tap","Iron Wave+1","Feel No Pain+1","Spot Weakness+1","Corruption","Shockwave"],"relics":["Burning Blood","NeowsBlessing","Pear","Singing Bowl","Letter Opener","Astrolabe","Du-Vu Doll","Question Card"],"potions_floor_usage":[13,20],"damage_taken":[{"damage":0,"enemies":"Cultist","floor":1,"turns":1},{"damage":0,"enemies":"Jaw Worm","floor":2,"turns":1},{"damage":0,"enemies":"2 Louse","floor":4,"turns":2},{"damage":16,"enemies":"Blue Slaver","floor":5,"turns":3},{"damage":33,"enemies":"Gremlin Nob","floor":7,"turns":4},{"damage":4,"enemies":"2 Fungi Beasts","floor":11,"turns":4},{"damage":14,"enemies":"Lagavulin","floor":13,"turns":5},{"damage":7,"enemies":"Slime Boss","floor":16,"turns":7},{"damage":17,"enemies":"Spheric Guardian","floor":18,"turns":4},{"damage":29,"enemies":"Colosseum Slavers","floor":20,"turns":4},{"damage":40,"enemies":"Colosseum Nobs","floor":20,"turns":6},{"damage":17,"enemies":"2 Thieves","floor":22,"turns":2}],"seed_played":"-8102719033477104376","potions_obtained":[{"floor":2,"key":"FearPotion"},{"floor":7,"key":"Weak Potion"}],"is_trial":false,"path_per_floor":["M","M","?","M","M","R","E","R","T","R","M","$","E","$","R","B",null,"M","?","?","$","M"],"character_chosen":"IRONCLAD","items_purchased":["Iron Wave","Shockwave"],"campfire_rested":0,"item_purchase_floors":[12,21],"current_hp_per_floor":[78,80,64,70,60,60,43,43,43,43,47,47,39,39,39,38,79,70,70,13,13,0],"gold":0,"neow_bonus":"THREE_ENEMY_KILL","is_prod":false,"is_daily":false,"chose_seed":false,"campfire_upgraded":4,"win_rate":0,"timestamp":1542309023,"path_taken":["M","?","?","M","M","R","E","R","T","R","M","?","E","$","R","BOSS","M","?","?","$","M"],"build_version":"2018-11-14","purchased_purges":2,"victory":false,"max_hp_per_floor":[80,80,80,80,80,80,90,90,90,90,92,92,92,92,92,92,92,94,94,94,94,94],"card_choices":[{"not_picked":["Perfected Strike","Evolve"],"picked":"Inflame","floor":1},{"not_picked":["Clash","Bloodletting"],"picked":"Anger","floor":2},{"not_picked":["Pommel Strike","Warcry"],"picked":"Armaments","floor":4},{"not_picked":["Cleave","Headbutt"],"picked":"Havoc","floor":5},{"not_picked":["Warcry","Headbutt"],"picked":"Hemokinesis","floor":7},{"not_picked":["Havoc","Body Slam","Clothesline"],"picked":"Singing Bowl","floor":11},{"not_picked":["Clothesline","Rage"],"picked":"Disarm","floor":13},{"not_picked":["Immolate","Berserk"],"picked":"Double Tap","floor":16},{"not_picked":["Dropkick","Wild Strike","Seeing Red"],"picked":"Singing Bowl","floor":18},{"not_picked":["Anger","Cleave"],"picked":"Corruption","floor":20}],"player_experience":364610,"relics_obtained":[{"floor":7,"key":"Pear"},{"floor":9,"key":"Singing Bowl"},{"floor":13,"key":"Letter Opener"},{"floor":20,"key":"Du-Vu Doll"},{"floor":20,"key":"Question Card"}],"event_choices":[{"damage_healed":0,"gold_gain":0,"player_choice":"Entered Light","damage_taken":16,"max_hp_gain":0,"max_hp_loss":0,"event_name":"Shining Light","floor":3,"gold_loss":0,"cards_upgraded":["Bash","Inflame"]},{"damage_healed":0,"gold_gain":0,"player_choice":"Paid Fearfully","damage_taken":0,"max_hp_gain":0,"max_hp_loss":0,"event_name":"Masked Bandits","floor":19,"gold_loss":129},{"damage_healed":0,"gold_gain":0,"player_choice":"Fight","damage_taken":0,"max_hp_gain":0,"max_hp_loss":0,"event_name":"Colosseum","floor":20,"gold_loss":0},{"damage_healed":0,"gold_gain":0,"player_choice":"Fought Nobs","damage_taken":0,"max_hp_gain":0,"max_hp_loss":0,"event_name":"Colosseum","floor":20,"gold_loss":0}],"is_beta":true,"boss_relics":[{"not_picked":["Runic Dome","Busted Crown"],"picked":"Astrolabe"}],"items_purged_floors":[12,14],"is_endless":false,"potions_floor_spawned":[2,7,20],"killed_by":"2 Thieves","ascension_level":10}