{"gold_per_floor":[112,126,126,126,28,63,9,25,25,25,39,120,82,82,82,208,208,208],"floor_reached":18,"playtime":996,"items_purged":["Strike_R"],"score":158,"play_id":"c7e35aa2-1308-4611-862f-cf196119dc0b","local_time":"20190114020715","is_ascension_mode":false,"campfire_choices":[{"data":"Flex","floor":10,"key":"SMITH"},{"data":"Armaments","floor":15,"key":"SMITH"}],"neow_cost":"NONE","seed_source_timestamp":399021289651593,"circlet_count":0,"master_deck":["Strike_R","Strike_R","Strike_R","Defend_R","Defend_R","Defend_R","Defend_R","Bash","Exhume","True Grit","Dropkick","Flex+1","Body Slam","Heavy Blade","Armaments+1","Inflame","Ghostly Armor+1","Spot Weakness+1"],"relics":["Burning Blood","Golden Idol","Sundial","Juzu Bracelet","Toxic Egg 2","Runic Cube"],"potions_floor_usage":[6,12,12],"damage_taken":[{"damage":6,"enemies":"Jaw Worm","floor":1,"turns":5},{"damage":6,"enemies":"Cultist","floor":2,"turns":3},{"damage":20,"enemies":"Gremlin Nob","floor":6,"turns":4},{"damage":0,"enemies":"2 Louse","floor":8,"turns":3},{"damage":9,"enemies":"Blue Slaver","floor":11,"turns":5},{"damage":18,"enemies":"Gremlin Nob","floor":12,"turns":4},{"damage":18,"enemies":"The Guardian","floor":16,"turns":13},{"damage":20,"enemies":"Spheric Guardian","floor":18,"turns":6}],"seed_played":"-3516199244983465990","potions_obtained":[{"floor":1,"key":"EssenceOfSteel"},{"floor":8,"key":"SteroidPotion"},{"floor":11,"key":"Weak Potion"}],"is_trial":false,"path_per_floor":["M","M","?","?","$","E","$","M","T","R","M","?","$","?","R","B",null,"M"],"character_chosen":"IRONCLAD","items_purchased":["Flex","Heavy Blade","Spot Weakness+1"],"campfire_rested":0,"item_purchase_floors":[5,7,13],"current_hp_per_floor":[80,80,73,53,53,39,39,45,45,45,42,30,30,30,30,18,80,60],"gold":208,"neow_bonus":"ONE_RANDOM_RARE_CARD","is_prod":false,"is_daily":false,"chose_seed":false,"campfire_upgraded":2,"win_rate":0,"timestamp":1547460435,"path_taken":["M","M","?","?","?","E","$","?","T","R","M","?","$","?","R","BOSS","M"],"build_version":"2019-01-10","purchased_purges":1,"victory":false,"max_hp_per_floor":[80,80,80,80,80,80,80,80,80,80,80,80,80,80,80,80,80,80],"card_choices":[{"not_picked":["Rage","Perfected Strike"],"picked":"True Grit","floor":1},{"not_picked":["Sentinel","True Grit"],"picked":"Dropkick","floor":2},{"not_picked":["Perfected Strike","Warcry"],"picked":"Body Slam","floor":6},{"not_picked":["Wild Strike","Blood for Blood"],"picked":"Armaments","floor":8},{"not_picked":["Barricade","Bloodletting"],"picked":"Inflame","floor":11},{"not_picked":["Pommel Strike","Power Through"],"picked":"Ghostly Armor","floor":12}],"player_experience":249600,"relics_obtained":[{"floor":6,"key":"Sundial"},{"floor":9,"key":"Juzu Bracelet"},{"floor":12,"key":"Toxic Egg 2"}],"event_choices":[{"cards_removed":["Strike_R"],"damage_healed":0,"gold_gain":0,"player_choice":"Card Removal","damage_taken":7,"max_hp_gain":0,"max_hp_loss":0,"event_name":"Golden Wing","floor":3,"gold_loss":0},{"damage_healed":0,"gold_gain":0,"player_choice":"Take Damage","damage_taken":20,"relics_obtained":["Golden Idol"],"max_hp_gain":0,"max_hp_loss":0,"event_name":"Golden Idol","floor":4,"gold_loss":0},{"damage_healed":0,"gold_gain":0,"player_choice":"Searched \u00271\u0027 times","damage_taken":0,"max_hp_gain":0,"max_hp_loss":0,"event_name":"Dead Adventurer","floor":12,"gold_loss":0},{"damage_healed":0,"gold_gain":0,"player_choice":"Ignored","damage_taken":0,"max_hp_gain":0,"max_hp_loss":0,"event_name":"Liars Game","floor":14,"gold_loss":0}],"is_beta":false,"boss_relics":[{"not_picked":["Cursed Key","Eternal Feather"],"picked":"Runic Cube"}],"items_purged_floors":[5],"is_endless":false,"potions_floor_spawned":[1,8,11],"killed_by":"Spheric Guardian","ascension_level":0}