{"gold_per_floor":[119,130,144,8,25,25,25,55,130,130,147,193,20,36,36,131,181,191,202,22,22,22,41,67,67,67,86,11,93,193,208,208,208],"floor_reached":33,"playtime":2604,"items_purged":["Strike_B"],"score":307,"play_id":"c9d83375-182b-4806-9249-69a0dc66271a","local_time":"20190304234511","is_ascension_mode":false,"campfire_choices":[{"floor":6,"key":"RECALL"},{"floor":15,"key":"REST"},{"floor":25,"key":"REST"},{"floor":32,"key":"REST"}],"neow_cost":"NONE","seed_source_timestamp":10528251526953,"circlet_count":0,"master_deck":["Strike_B","Defend_B","Defend_B","Defend_B","Defend_B","Zap","Dualcast","Gash","All For One","Cold Snap","Static Discharge","Reinforced Body","Turbo","Steam","Echo Form","Bandage Up","Streamline+1","Loop","Fusion","Gash","Streamline","Heatsinks+1","Buffer+1","Seek","Defragment+1","Steam","Go for the Eyes","Master of Strategy","Shame","Melter+1","Sunder+1","Amplify","Redo+1"],"relics":["Orrery","Tiny Chest","Frozen Egg 2","Tiny House","Gremlin Horn","MutagenicStrength","Centennial Puzzle","Juzu Bracelet","Matryoshka"],"potions_floor_usage":[14,16,18,23,24,24,31,33],"damage_taken":[{"damage":9,"enemies":"Jaw Worm","floor":1,"turns":5},{"damage":9,"enemies":"2 Louse","floor":2,"turns":3},{"damage":12,"enemies":"Cultist","floor":3,"turns":5},{"damage":13,"enemies":"Blue Slaver","floor":5,"turns":5},{"damage":7,"enemies":"Looter","floor":11,"turns":4},{"damage":11,"enemies":"2 Fungi Beasts","floor":14,"turns":3},{"damage":3,"enemies":"Slime Boss","floor":16,"turns":9},{"damage":24,"enemies":"3 Byrds","floor":18,"turns":6},{"damage":25,"enemies":"Shell Parasite","floor":19,"turns":6},{"damage":20,"enemies":"Centurion and Healer","floor":23,"turns":8},{"damage":21,"enemies":"Book of Stabbing","floor":24,"turns":7},{"damage":0,"enemies":"Sentry and Sphere","floor":27,"turns":1},{"damage":13,"enemies":"Snecko","floor":31,"turns":7},{"damage":51,"enemies":"Champ","floor":33,"turns":9}],"seed_played":"1001317460709802366","potions_obtained":[{"floor":2,"key":"EssenceOfSteel"},{"floor":5,"key":"Ancient Potion"},{"floor":14,"key":"Energy Potion"},{"floor":17,"key":"Weak Potion"},{"floor":18,"key":"Fire Potion"},{"floor":23,"key":"Block Potion"},{"floor":24,"key":"SpeedPotion"},{"floor":27,"key":"Weak Potion"}],"is_trial":false,"path_per_floor":["M","M","M","$","M","R","?","?","T","?","M","T","$","M","R","B",null,"M","M","$","?","?","M","E","R","T","M","?","T","?","M","R","B"],"character_chosen":"DEFECT","items_purchased":["Bandage Up","Streamline","Streamline","Heatsinks+1","Master of Strategy"],"campfire_rested":3,"item_purchase_floors":[4,4,13,13,20],"current_hp_per_floor":[66,57,45,45,36,36,29,29,29,29,22,22,22,15,37,38,80,60,39,39,39,39,23,6,30,30,30,30,30,30,21,45,0],"gold":208,"neow_bonus":"BOSS_RELIC","is_prod":false,"is_daily":false,"chose_seed":false,"campfire_upgraded":0,"win_rate":0,"timestamp":1551710711,"path_taken":["M","M","M","$","M","R","?","?","T","?","?","?","$","M","R","BOSS","M","M","$","?","?","M","E","R","T","M","?","?","?","M","R","BOSS"],"build_version":"2019-01-23","purchased_purges":1,"victory":false,"max_hp_per_floor":[75,75,75,75,75,75,75,75,75,75,75,75,75,75,75,75,80,80,80,80,80,80,80,80,80,80,80,80,80,80,80,80,80],"card_choices":[{"not_picked":["Compile Driver","Barrage"],"picked":"Gash","floor":0},{"not_picked":["Go for the Eyes","Storm"],"picked":"All For One","floor":0},{"not_picked":["Ball Lightning","Redo"],"picked":"Cold Snap","floor":0},{"not_picked":["Tempest","Capacitor"],"picked":"Static Discharge","floor":0},{"not_picked":["Compile Driver","Rip and Tear"],"picked":"Reinforced Body","floor":0},{"not_picked":["Leap","Cold Snap"],"picked":"Turbo","floor":1},{"not_picked":["Go for the Eyes","Turbo"],"picked":"Steam","floor":2},{"not_picked":["Go for the Eyes","Coolheaded"],"picked":"Echo Form","floor":3},{"not_picked":["Consume","Rip and Tear"],"picked":"Loop","floor":5},{"not_picked":["Blizzard","Sunder"],"picked":"Gash","floor":11},{"not_picked":["Go for the Eyes","Lockon"],"picked":"Buffer+1","floor":14},{"not_picked":["Multi-Cast","Core Surge"],"picked":"Seek","floor":16},{"not_picked":["Compile Driver","Fusion"],"picked":"Defragment+1","floor":17},{"not_picked":["Coolheaded","Streamline+1"],"picked":"Steam","floor":18},{"not_picked":["Leap","Chaos"],"picked":"Go for the Eyes","floor":19},{"not_picked":["Compile Driver+1","Leap"],"picked":"Melter+1","floor":23},{"not_picked":["Sweeping Beam","Doom and Gloom"],"picked":"Sunder+1","floor":24},{"not_picked":["Stack+1","Coolheaded"],"picked":"Amplify","floor":27},{"not_picked":["Glacier","Sweeping Beam"],"picked":"Redo+1","floor":31}],"player_experience":67236,"relics_obtained":[{"floor":9,"key":"Frozen Egg 2"},{"floor":24,"key":"Centennial Puzzle"},{"floor":26,"key":"Juzu Bracelet"},{"floor":29,"key":"Matryoshka"}],"event_choices":[{"cards_removed":["Strike_B"],"damage_healed":0,"gold_gain":0,"player_choice":"Card Removal","damage_taken":7,"max_hp_gain":0,"max_hp_loss":0,"event_name":"Golden Wing","floor":7,"gold_loss":0},{"damage_healed":0,"gold_gain":0,"player_choice":"Box","damage_taken":0,"relics_obtained":["Tiny Chest"],"max_hp_gain":0,"max_hp_loss":0,"event_name":"Big Fish","floor":8,"gold_loss":0,"cards_obtained":["Regret"]},{"damage_healed":0,"gold_gain":0,"cards_transformed":["Strike_B"],"player_choice":"Transformed","damage_taken":0,"max_hp_gain":0,"max_hp_loss":0,"event_name":"Transmorgrifier","floor":10,"gold_loss":0,"cards_obtained":["Fusion"]},{"damage_healed":0,"gold_gain":0,"player_choice":"Stole Relic","damage_taken":0,"relics_obtained":["Gremlin Horn"],"max_hp_gain":0,"max_hp_loss":0,"event_name":"Addict","floor":21,"gold_loss":0,"cards_obtained":["Shame"]},{"damage_healed":0,"gold_gain":0,"player_choice":"Inject Mutagens","damage_taken":0,"relics_obtained":["MutagenicStrength"],"max_hp_gain":0,"max_hp_loss":0,"event_name":"Drug Dealer","floor":22,"gold_loss":0},{"cards_removed":["Regret"],"damage_healed":0,"gold_gain":0,"player_choice":"Gave Gold","damage_taken":0,"max_hp_gain":0,"max_hp_loss":0,"event_name":"Beggar","floor":28,"gold_loss":75},{"damage_healed":0,"gold_gain":100,"player_choice":"Pray","damage_taken":0,"max_hp_gain":0,"max_hp_loss":0,"event_name":"Golden Shrine","floor":30,"gold_loss":0}],"is_beta":false,"boss_relics":[{"not_picked":["Runic Dome","Fusion Hammer"],"picked":"Tiny House"}],"items_purged_floors":[13],"is_endless":false,"potions_floor_spawned":[2,5,14,18,23,24,27],"killed_by":"Champ","ascension_level":0}