{"gold_per_floor":[114,128,138,151,151,151,0,13,13,13,23,48,59,69,69,165,165,183,199,62,62,17,17,17,49,73,73,73],"floor_reached":28,"playtime":895,"items_purged":["Defend_R","Defend_R"],"score":334,"play_id":"c6350da3-dd70-4b60-8f90-31704ad9c0c8","local_time":"20190308000231","is_ascension_mode":true,"campfire_choices":[{"floor":6,"key":"REST"},{"data":"Anger","floor":10,"key":"SMITH"},{"floor":15,"key":"REST"},{"floor":23,"key":"REST"}],"neow_cost":"NONE","seed_source_timestamp":38044076617300,"circlet_count":0,"master_deck":["Strike_R","Strike_R","Strike_R","Strike_R","Strike_R","Defend_R","Defend_R","Bash","Anger+1","Uppercut","Clash","Perfected Strike","Clash","Inflame","Pommel Strike","Sword Boomerang","Pommel Strike","Carnage","Limit Break","Battle Trance","Searing Blow","Flex","Heavy Blade+1"],"relics":["Burning Blood","StoneCalendar","Shuriken","Dodecahedron","Runic Cube","PreservedInsect","Bag of Preparation"],"potions_floor_usage":[8,14,16,25,25,28],"damage_taken":[{"damage":0,"enemies":"Cultist","floor":1,"turns":2},{"damage":0,"enemies":"Small Slimes","floor":2,"turns":3},{"damage":4,"enemies":"Jaw Worm","floor":3,"turns":3},{"damage":11,"enemies":"Looter","floor":4,"turns":3},{"damage":0,"enemies":"Exordium Wildlife","floor":8,"turns":1},{"damage":12,"enemies":"Large Slime","floor":11,"turns":4},{"damage":15,"enemies":"3 Sentries","floor":12,"turns":4},{"damage":0,"enemies":"3 Louse","floor":13,"turns":2},{"damage":14,"enemies":"Exordium Wildlife","floor":14,"turns":3},{"damage":0,"enemies":"Slime Boss","floor":16,"turns":4},{"damage":23,"enemies":"Shell Parasite","floor":18,"turns":3},{"damage":6,"enemies":"Spheric Guardian","floor":19,"turns":3},{"damage":49,"enemies":"Gremlin Leader","floor":25,"turns":3},{"damage":25,"enemies":"Colosseum Slavers","floor":28,"turns":2}],"seed_played":"-8278408063627087165","potions_obtained":[{"floor":2,"key":"Explosive Potion"},{"floor":8,"key":"Poison Potion"},{"floor":11,"key":"Poison Potion"},{"floor":16,"key":"SteroidPotion"},{"floor":18,"key":"FearPotion"},{"floor":19,"key":"Weak Potion"}],"is_trial":false,"path_per_floor":["M","M","M","M","?","R","$","M","T","R","M","E","M","M","R","B",null,"M","M","$","?","$","R","$","E","T","?","?"],"character_chosen":"IRONCLAD","items_purchased":["Inflame","Searing Blow","Flex"],"campfire_rested":3,"item_purchase_floors":[7,20,22],"current_hp_per_floor":[80,80,80,75,63,80,80,80,80,80,74,65,71,63,80,80,80,63,63,63,63,63,80,80,37,37,22,0],"gold":73,"neow_bonus":"THREE_CARDS","is_prod":false,"is_daily":false,"chose_seed":false,"campfire_upgraded":1,"win_rate":0,"timestamp":1552024951,"path_taken":["M","M","M","?","?","R","$","M","T","R","M","E","M","M","R","BOSS","M","M","$","?","$","R","$","E","T","?","?"],"build_version":"2019-01-23","purchased_purges":2,"victory":false,"max_hp_per_floor":[80,80,80,80,80,80,80,80,80,80,80,80,80,80,80,80,80,80,80,80,80,80,80,80,80,80,85,85],"card_choices":[{"not_picked":["Corruption","Whirlwind"],"picked":"Anger","floor":0},{"not_picked":["Iron Wave","Body Slam"],"picked":"Uppercut","floor":1},{"not_picked":["Cleave","Flame Barrier"],"picked":"Clash","floor":2},{"not_picked":["Carnage","Pommel Strike"],"picked":"Perfected Strike","floor":3},{"not_picked":["Corruption","Sword Boomerang"],"picked":"Clash","floor":4},{"not_picked":["Second Wind","Clothesline","Cleave"],"picked":"SKIP","floor":8},{"not_picked":["Wild Strike","Seeing Red"],"picked":"Pommel Strike","floor":11},{"not_picked":["Dark Embrace","Hemokinesis"],"picked":"Sword Boomerang","floor":12},{"not_picked":["Hemokinesis","Sword Boomerang"],"picked":"Pommel Strike","floor":13},{"not_picked":["Iron Wave","Havoc"],"picked":"Carnage","floor":14},{"not_picked":["Bludgeon","Juggernaut"],"picked":"Limit Break","floor":16},{"not_picked":["Body Slam","Armaments","True Grit"],"picked":"SKIP","floor":18},{"not_picked":["Warcry+1","Sentinel"],"picked":"Battle Trance","floor":19},{"not_picked":["Entrench+1","Clash"],"picked":"Heavy Blade+1","floor":25}],"player_experience":316104,"relics_obtained":[{"floor":9,"key":"Shuriken"},{"floor":12,"key":"Dodecahedron"},{"floor":25,"key":"PreservedInsect"},{"floor":26,"key":"Bag of Preparation"}],"event_choices":[{"damage_healed":0,"gold_gain":0,"player_choice":"Success","damage_taken":12,"relics_obtained":["StoneCalendar"],"max_hp_gain":0,"max_hp_loss":0,"event_name":"Scrap Ooze","floor":5,"gold_loss":0},{"damage_healed":0,"gold_gain":0,"player_choice":"Shed Blood","damage_taken":20,"max_hp_gain":5,"max_hp_loss":0,"event_name":"Forgotten Altar","floor":27,"gold_loss":0},{"damage_healed":0,"gold_gain":0,"player_choice":"Fight","damage_taken":0,"max_hp_gain":0,"max_hp_loss":0,"event_name":"Colosseum","floor":28,"gold_loss":0}],"is_beta":false,"boss_relics":[{"not_picked":["White Beast Statue","Orrery"],"picked":"Runic Cube"}],"items_purged_floors":[7,20],"is_endless":false,"potions_floor_spawned":[2,8,11,16,18,19],"killed_by":"Colosseum Slavers","ascension_level":3}