{"gold_per_floor":[115,190,205,215,233,268,268,294,294,306,317,217,217,245,245,322,322,338,353,367,367,45,45,72,72,126,138],"floor_reached":27,"playtime":958,"items_purged":["Strike_B","Strike_B"],"score":481,"play_id":"cf948067-14e1-45c6-bb84-b47f0b8f7016","local_time":"20190130034449","is_ascension_mode":true,"campfire_choices":[{"data":"Echo Form","floor":7,"key":"SMITH"},{"data":"Steam","floor":15,"key":"SMITH"},{"floor":23,"key":"REST"},{"floor":25,"key":"REST"}],"neow_cost":"NONE","seed_source_timestamp":1682255270030600,"circlet_count":0,"master_deck":["AscendersBane","Strike_B","Strike_B","Defend_B","Defend_B","Defend_B+1","Defend_B","Zap+1","Dualcast","Hyperbeam","Gash","Go for the Eyes","Go for the Eyes","Gash","Echo Form+1","Fusion","Fusion","Leap","Steam+1","Seek+1","Creative AI","Stack+1","Core Surge","Gash"],"relics":["Cracked Core","Omamori","War Paint","Dream Catcher","Toxic Egg 2","Nuclear Battery","MutagenicStrength","OrangePellets","Vajra","MawBank"],"potions_floor_usage":[14,19,19,24],"damage_taken":[{"damage":0,"enemies":"Small Slimes","floor":1,"turns":1},{"damage":2,"enemies":"Jaw Worm","floor":3,"turns":2},{"damage":0,"enemies":"Cultist","floor":4,"turns":2},{"damage":0,"enemies":"Large Slime","floor":5,"turns":3},{"damage":12,"enemies":"3 Sentries","floor":6,"turns":4},{"damage":25,"enemies":"Lagavulin","floor":8,"turns":6},{"damage":6,"enemies":"Looter","floor":10,"turns":3},{"damage":0,"enemies":"2 Fungi Beasts","floor":11,"turns":2},{"damage":9,"enemies":"3 Sentries","floor":14,"turns":4},{"damage":19,"enemies":"Slime Boss","floor":16,"turns":7},{"damage":24,"enemies":"2 Thieves","floor":18,"turns":4},{"damage":24,"enemies":"Shell Parasite","floor":19,"turns":7},{"damage":1,"enemies":"3 Cultists","floor":20,"turns":3},{"damage":25,"enemies":"Gremlin Leader","floor":24,"turns":6},{"damage":30,"enemies":"Slavers","floor":27,"turns":1}],"seed_played":"4305342224072676622","potions_obtained":[{"floor":1,"key":"FearPotion"},{"floor":3,"key":"Weak Potion"},{"floor":11,"key":"Block Potion"},{"floor":16,"key":"EssenceOfSteel"},{"floor":20,"key":"GamblersBrew"}],"is_trial":false,"path_per_floor":["M","?","M","M","M","E","R","E","T","M","M","$","?","E","R","B",null,"M","M","M","?","$","R","E","R","T","E"],"character_chosen":"DEFECT","items_purchased":["Steam","OrangePellets"],"campfire_rested":2,"item_purchase_floors":[12,22],"current_hp_per_floor":[64,53,51,51,51,39,39,14,14,8,8,8,31,22,22,3,54,30,6,5,5,5,26,1,22,22,0],"gold":138,"neow_bonus":"ONE_RANDOM_RARE_CARD","is_prod":false,"is_daily":false,"chose_seed":false,"campfire_upgraded":2,"win_rate":0,"timestamp":1548848689,"path_taken":["M","?","M","M","M","E","R","E","T","M","M","$","?","E","R","BOSS","M","M","M","?","$","R","E","R","T","E"],"build_version":"2019-01-23","purchased_purges":2,"victory":false,"max_hp_per_floor":[71,71,71,71,71,71,71,71,71,71,71,71,71,71,71,71,71,71,71,71,71,71,71,71,71,71,71],"card_choices":[{"not_picked":["Reinforced Body","Blizzard"],"picked":"Gash","floor":1},{"not_picked":["Beam Cell","Recycle"],"picked":"Go for the Eyes","floor":3},{"not_picked":["Leap","Cold Snap"],"picked":"Go for the Eyes","floor":4},{"not_picked":["Stack","Self Repair"],"picked":"Gash","floor":5},{"not_picked":["Storm","Steam"],"picked":"Echo Form","floor":6},{"not_picked":["Consume","Cold Snap"],"picked":"Fusion","floor":8},{"not_picked":["Sweeping Beam","Turbo"],"picked":"Fusion","floor":10},{"not_picked":["Coolheaded","Cold Snap"],"picked":"Leap","floor":11},{"not_picked":["Sweeping Beam","Chaos"],"picked":"Seek","floor":14},{"not_picked":["Rainbow+1","Amplify+1"],"picked":"Creative AI","floor":16},{"not_picked":["Redo+1","Streamline","Stack+1"],"picked":"SKIP","floor":18},{"not_picked":["FTL","Compile Driver","Beam Cell"],"picked":"SKIP","floor":19},{"not_picked":["Ball Lightning","Compile Driver"],"picked":"Stack+1","floor":20},{"not_picked":["Rip and Tear+1","Melter"],"picked":"Core Surge","floor":24},{"not_picked":["Leap+1","Conserve Battery+1"],"picked":"Gash","floor":25}],"player_experience":607314,"relics_obtained":[{"floor":6,"key":"Omamori"},{"floor":8,"key":"War Paint"},{"floor":9,"key":"Dream Catcher"},{"floor":14,"key":"Toxic Egg 2"},{"floor":24,"key":"Vajra"},{"floor":26,"key":"MawBank"}],"event_choices":[{"damage_healed":0,"gold_gain":75,"player_choice":"Gather Gold","damage_taken":11,"max_hp_gain":0,"max_hp_loss":0,"event_name":"World of Goop","floor":2,"gold_loss":0},{"damage_healed":23,"gold_gain":0,"player_choice":"Banana","damage_taken":0,"max_hp_gain":0,"max_hp_loss":0,"event_name":"Big Fish","floor":13,"gold_loss":0},{"damage_healed":0,"gold_gain":0,"player_choice":"Inject Mutagens","damage_taken":0,"relics_obtained":["MutagenicStrength"],"max_hp_gain":0,"max_hp_loss":0,"event_name":"Drug Dealer","floor":21,"gold_loss":0}],"is_beta":false,"boss_relics":[{"not_picked":["Velvet Choker","Fusion Hammer"],"picked":"Nuclear Battery"}],"items_purged_floors":[12,22],"is_endless":false,"potions_floor_spawned":[1,3,10,11,16,18,20],"killed_by":"Slavers","ascension_level":18}