{"gold_per_floor":[119,119,20,20,36,36,62,74,74,93,125,200,214,233,233,335,335,346,261,360,10,24,54,73,89,89,63,63,76,76,86,86,182,182,199,218,318,27,27,56,56,69,69,99,99,113,113,143,143,143],"floor_reached":50,"playtime":2106,"items_purged":["Strike_G"],"score":637,"play_id":"519ff283-1f7e-4b73-80be-49075761fd1f","local_time":"20181101002314","is_ascension_mode":false,"campfire_choices":[{"data":"Deadly Poison","floor":6.0,"key":"SMITH"},{"data":"Glass Knife","floor":15.0,"key":"SMITH"},{"floor":28.0,"key":"RECALL"},{"floor":30.0,"key":"REST"},{"data":"Footwork","floor":32.0,"key":"SMITH"},{"data":"1","floor":41.0,"key":"LIFT"},{"data":"2","floor":45.0,"key":"LIFT"},{"data":"3","floor":47.0,"key":"LIFT"},{"floor":49.0,"key":"REST"}],"neow_cost":"NONE","seed_source_timestamp":828602688573870,"circlet_count":0,"master_deck":["Defend_G","Defend_G","Defend_G","Defend_G","Defend_G","Strike_G","Strike_G","Strike_G","Strike_G","Survivor","Neutralize","Predator+1","Poisoned Stab","Deadly Poison+1","Escape Plan","Deadly Poison","Glass Knife+1","Infinite Blades","After Image","Footwork+1","Blade Dance+1","Deflect+1","Catalyst+1","Endless Agony+1","Backflip+1","Blade Dance+1","Adrenaline+1","Acrobatics+1","Cloak And Dagger+1","Prepared+1","Adrenaline+1","Prepared+1","Adrenaline+1"],"special_seed":0,"relics":["Ring of the Serpent","Strawberry","Calipers","Vajra","Shuriken","Toxic Egg 2","Mercury Hourglass","Bottled Tornado","Philosopher\u0027s Stone","Girya","Mango","Blood Vial","Centennial Puzzle","Smiling Mask","Torii"],"potions_floor_usage":[50,50],"damage_taken":[{"damage":1.0,"enemies":"Jaw Worm","floor":1.0,"turns":9.0},{"damage":0.0,"enemies":"Cultist","floor":5.0,"turns":3.0},{"damage":23.0,"enemies":"3 Sentries","floor":7.0,"turns":9.0},{"damage":0.0,"enemies":"2 Louse","floor":8.0,"turns":2.0},{"damage":0.0,"enemies":"Looter","floor":10.0,"turns":3.0},{"damage":25.0,"enemies":"Gremlin Nob","floor":11.0,"turns":4.0},{"damage":5.0,"enemies":"3 Louse","floor":13.0,"turns":3.0},{"damage":0.0,"enemies":"2 Fungi Beasts","floor":14.0,"turns":3.0},{"damage":37.0,"enemies":"Slime Boss","floor":16.0,"turns":10.0},{"damage":2.0,"enemies":"Chosen","floor":18.0,"turns":4.0},{"damage":3.0,"enemies":"Shell Parasite","floor":22.0,"turns":4.0},{"damage":30.0,"enemies":"Slavers","floor":23.0,"turns":7.0},{"damage":16.0,"enemies":"Snake Plant","floor":24.0,"turns":4.0},{"damage":3.0,"enemies":"Sentry and Sphere","floor":25.0,"turns":4.0},{"damage":20.0,"enemies":"Shelled Parasite and Fungi","floor":29.0,"turns":4.0},{"damage":2.0,"enemies":"Centurion and Healer","floor":31.0,"turns":5.0},{"damage":18.0,"enemies":"Champ","floor":33.0,"turns":10.0},{"damage":36.0,"enemies":"3 Darklings","floor":35.0,"turns":5.0},{"damage":0.0,"enemies":"3 Shapes","floor":36.0,"turns":4.0},{"damage":5.0,"enemies":"Mind Bloom Boss Battle","floor":37.0,"turns":4.0},{"damage":24.0,"enemies":"Nemesis","floor":40.0,"turns":5.0},{"damage":0.0,"enemies":"Transient","floor":42.0,"turns":5.0},{"damage":0.0,"enemies":"Giant Head","floor":44.0,"turns":5.0},{"damage":15.0,"enemies":"Writhing Mass","floor":46.0,"turns":3.0},{"damage":9.0,"enemies":"Nemesis","floor":48.0,"turns":3.0},{"damage":61,"enemies":"Time Eater","floor":50,"turns":8}],"seed_played":"-6915826441961923996","potions_obtained":[{"floor":8.0,"key":"PowerPotion"},{"floor":10.0,"key":"Strength Potion"},{"floor":11.0,"key":"Regen Potion"},{"floor":13.0,"key":"Swift Potion"},{"floor":14.0,"key":"Regen Potion"},{"floor":16.0,"key":"EssenceOfSteel"},{"floor":23.0,"key":"Ancient Potion"},{"floor":24.0,"key":"EssenceOfSteel"},{"floor":29.0,"key":"Swift Potion"},{"floor":35.0,"key":"Strength Potion"},{"floor":42.0,"key":"Energy Potion"},{"floor":46.0,"key":"Ancient Potion"},{"floor":48.0,"key":"EssenceOfSteel"}],"is_trial":false,"path_per_floor":["M","?","$","?","M","R","E","M","T","M","E","?","M","M","R","B",null,"M","?","?","$","M","E","M","M","T","$","R","M","R","M","R","B",null,"M","M","?","$","?","E","R","M","T","E","R","M","R","E","R","B"],"character_chosen":"THE_SILENT","items_purchased":["Poisoned Stab","Toxic Egg 2","Blade Dance+1","PowerPotion","Backflip+1","Mango"],"campfire_rested":2,"item_purchase_floors":[3,21,21,21,27,38],"current_hp_per_floor":[76,81,81,81,81,81,58,58,58,58,33,22,17,17,17,24,82,80,80,80,80,77,47,31,28,28,28,28,8,32,30,30,12,82,46,46,41,55,55,31,31,33,33,35,35,22,22,15,43,0],"gold":143,"neow_bonus":"RANDOM_COMMON_RELIC","is_prod":false,"is_daily":false,"chose_seed":false,"campfire_upgraded":3,"win_rate":0,"timestamp":1540999394,"path_taken":["M","?","$","?","?","R","E","M","T","M","E","?","M","M","R","BOSS","M","?","?","$","M","E","M","M","T","$","R","M","R","M","R","BOSS","M","M","?","$","?","E","R","M","T","E","R","M","R","E","R","BOSS"],"build_version":"2018-10-30","purchased_purges":1,"victory":false,"max_hp_per_floor":[77,82,82,82,82,82,82,82,82,82,82,82,82,82,82,82,82,82,82,82,82,82,82,82,82,82,82,82,82,82,82,82,82,82,82,82,82,96,96,96,96,96,96,96,96,96,96,96,96,96],"card_choices":[{"not_picked":["PiercingWail","Bouncing Flask"],"picked":"Predator","floor":1.0},{"not_picked":["Well Laid Plans","Finisher"],"picked":"Deadly Poison","floor":5.0},{"not_picked":["Eviscerate","Concentrate"],"picked":"Escape Plan","floor":7.0},{"not_picked":["Dagger Throw","Slice","Sucker Punch"],"picked":"SKIP","floor":8.0},{"not_picked":["Blade Dance","Sucker Punch"],"picked":"Deadly Poison","floor":10.0},{"not_picked":["Cloak And Dagger","Prepared","Slice"],"picked":"SKIP","floor":11.0},{"not_picked":["Concentrate","Quick Slash"],"picked":"Glass Knife","floor":13.0},{"not_picked":["Dagger Throw","Reflex"],"picked":"Infinite Blades","floor":14.0},{"not_picked":["Venomology","Tools of the Trade"],"picked":"After Image","floor":16.0},{"not_picked":["Dagger Spray+1","Infinite Blades"],"picked":"Footwork","floor":18.0},{"not_picked":["Reflex+1","Quick Slash"],"picked":"Deflect+1","floor":22.0},{"not_picked":["Flying Knee+1","Catalyst+1","Accuracy"],"picked":"SKIP","floor":23.0},{"not_picked":["Tactician+1","Bane"],"picked":"Catalyst+1","floor":24.0},{"not_picked":["Tactician+1","Quick Slash"],"picked":"Endless Agony+1","floor":25.0},{"not_picked":["Caltrops+1","Corpse Explosion+1","Choke+1"],"picked":"SKIP","floor":29.0},{"not_picked":["Infinite Blades","Eviscerate+1"],"picked":"Blade Dance+1","floor":31.0},{"not_picked":["Storm of Steel+1","Tools of the Trade"],"picked":"Adrenaline+1","floor":33.0},{"not_picked":["All Out Attack+1","Reflex+1"],"picked":"Acrobatics+1","floor":35.0},{"not_picked":["Concentrate+1","Flying Knee+1"],"picked":"Cloak And Dagger+1","floor":36.0},{"not_picked":["Underhanded Strike+1","Acrobatics+1"],"picked":"Prepared+1","floor":37.0},{"not_picked":["Underhanded Strike","Deflect+1"],"picked":"Adrenaline+1","floor":40.0},{"not_picked":["Underhanded Strike","Poisoned Stab+1","Bane+1"],"picked":"SKIP","floor":42.0},{"not_picked":["Deflect+1","Poisoned Stab","Slice"],"picked":"SKIP","floor":44.0},{"not_picked":["Underhanded Strike+1","Eviscerate+1"],"picked":"Prepared+1","floor":46.0},{"not_picked":["Backflip+1","Crippling Poison+1"],"picked":"Adrenaline+1","floor":48.0}],"player_experience":545486,"relics_obtained":[{"floor":7.0,"key":"Calipers"},{"floor":11.0,"key":"Vajra"},{"floor":23.0,"key":"Mercury Hourglass"},{"floor":26.0,"key":"Bottled Tornado"},{"floor":37.0,"key":"Girya"},{"floor":40.0,"key":"Blood Vial"},{"floor":43.0,"key":"Centennial Puzzle"},{"floor":44.0,"key":"Smiling Mask"},{"floor":48.0,"key":"Torii"}],"event_choices":[{"damage_healed":0.0,"max_hp_gain":5.0,"max_hp_loss":0.0,"gold_gain":0.0,"event_name":"Big Fish","player_choice":"Donut","floor":2.0,"gold_loss":0.0,"damage_taken":0.0},{"damage_healed":0.0,"max_hp_gain":0.0,"max_hp_loss":0.0,"gold_gain":0.0,"event_name":"Accursed Blacksmith","player_choice":"Forge","floor":4.0,"gold_loss":0.0,"damage_taken":0.0,"cards_upgraded":["Predator"]},{"damage_healed":0.0,"max_hp_gain":0.0,"max_hp_loss":0.0,"gold_gain":75.0,"event_name":"World of Goop","player_choice":"Gather Gold","floor":12.0,"gold_loss":0.0,"damage_taken":11.0},{"damage_healed":0.0,"max_hp_gain":0.0,"max_hp_loss":0.0,"gold_gain":0.0,"event_name":"Addict","player_choice":"Obtained Relic","floor":19.0,"gold_loss":85.0,"damage_taken":0.0,"relics_obtained":["Shuriken"]},{"damage_healed":0.0,"max_hp_gain":0.0,"max_hp_loss":0.0,"gold_gain":99.0,"event_name":"Nest","player_choice":"Stole From Cult","floor":20.0,"gold_loss":0.0,"damage_taken":0.0},{"damage_healed":0.0,"max_hp_gain":0.0,"max_hp_loss":0.0,"gold_gain":0.0,"event_name":"MindBloom","player_choice":"Fight","floor":37.0,"gold_loss":0.0,"damage_taken":0.0},{"damage_healed":0.0,"max_hp_gain":0.0,"max_hp_loss":0.0,"gold_gain":0.0,"event_name":"Mysterious Sphere","player_choice":"Ignored","floor":39.0,"gold_loss":0.0,"damage_taken":0.0}],"is_beta":true,"boss_relics":[{"not_picked":["Snecko Eye","Lizard Tail"],"picked":"Ring of the Serpent"},{"not_picked":["White Beast Statue","Calling Bell"],"picked":"Philosopher\u0027s Stone"}],"items_purged_floors":[3],"is_endless":false,"potions_floor_spawned":[8,10,11,13,14,16,23,24,29,33,35,42,46,48],"killed_by":"Time Eater","ascension_level":0}