{"gold_per_floor":[110,4,4,29,29,62,62,82,82,100,100,175,198,234,234,234],"floor_reached":16,"playtime":349,"items_purged":[],"score":135,"play_id":"d68760b3-2585-4942-a728-c78200197b11","local_time":"20181030155240","is_ascension_mode":false,"campfire_choices":[{"data":"Neutralize","floor":11.0,"key":"SMITH"},{"data":"Dagger Spray","floor":15,"key":"SMITH"}],"neow_cost":"NONE","seed_source_timestamp":767816453101547,"circlet_count":0,"master_deck":["Defend_G","Defend_G","Defend_G","Defend_G","Defend_G","Strike_G","Strike_G","Strike_G","Strike_G","Strike_G","Survivor","Neutralize+1","Dagger Spray+1","Finisher","Endless Agony","Iron Wave","Deadly Poison","Endless Agony"],"special_seed":0,"relics":["Ring of the Snake","NeowsBlessing","Golden Idol","Boot","Anchor"],"potions_floor_usage":[16],"damage_taken":[{"damage":0.0,"enemies":"Cultist","floor":1.0,"turns":1.0},{"damage":0.0,"enemies":"2 Louse","floor":4.0,"turns":1.0},{"damage":0.0,"enemies":"Lagavulin","floor":6.0,"turns":1.0},{"damage":0.0,"enemies":"Small Slimes","floor":8.0,"turns":2.0},{"damage":0.0,"enemies":"2 Fungi Beasts","floor":10.0,"turns":2.0},{"damage":0.0,"enemies":"Gremlin Gang","floor":13.0,"turns":3.0},{"damage":15,"enemies":"Gremlin Nob","floor":14,"turns":4},{"damage":23,"enemies":"Slime Boss","floor":16,"turns":8}],"seed_played":"-8881529715423506045","potions_obtained":[{"floor":1.0,"key":"Ancient Potion"},{"floor":6.0,"key":"GhostInAJar"},{"floor":10.0,"key":"Weak Potion"}],"is_trial":false,"path_per_floor":["M","$","?","M","?","E","?","M","T","M","R","?","M","E","R"],"character_chosen":"THE_SILENT","items_purchased":["Finisher","Endless Agony"],"campfire_rested":0,"item_purchase_floors":[2,2],"current_hp_per_floor":[70,70,53,53,53,53,53,53,53,53,53,42,42,27,27,4],"gold":234,"neow_bonus":"THREE_ENEMY_KILL","is_prod":false,"is_daily":false,"chose_seed":false,"campfire_upgraded":2,"win_rate":0,"timestamp":1540882360,"path_taken":["M","$","?","M","?","E","?","M","T","?","R","?","M","E","R","BOSS"],"build_version":"2018-10-29v2","purchased_purges":0,"victory":false,"max_hp_per_floor":[70,70,70,70,70,70,70,70,70,70,70,70,70,70,70,70],"card_choices":[{"not_picked":["Eviscerate","Outmaneuver"],"picked":"Dagger Spray","floor":1.0},{"not_picked":["Finisher","Dodge and Roll"],"picked":"Dash","floor":4.0},{"not_picked":["Predator","Backflip","Sucker Punch"],"picked":"SKIP","floor":6.0},{"not_picked":["Poisoned Stab","Bane"],"picked":"Deadly Poison","floor":8.0},{"not_picked":["Dodge and Roll","Underhanded Strike","Acrobatics"],"picked":"SKIP","floor":10.0},{"not_picked":["Underhanded Strike","Choke"],"picked":"Endless Agony","floor":13.0},{"not_picked":["Dodge and Roll","Underhanded Strike","Concentrate"],"picked":"SKIP","floor":14}],"player_experience":527639,"relics_obtained":[{"floor":6.0,"key":"Boot"},{"floor":14,"key":"Anchor"}],"event_choices":[{"damage_healed":0.0,"max_hp_gain":0.0,"max_hp_loss":0.0,"gold_gain":0.0,"event_name":"Golden Idol","player_choice":"Take Damage","floor":3.0,"gold_loss":0.0,"damage_taken":17.0,"relics_obtained":["Golden Idol"]},{"damage_healed":0.0,"max_hp_gain":0.0,"max_hp_loss":0.0,"gold_gain":0.0,"event_name":"The Cleric","player_choice":"Leave","floor":5.0,"gold_loss":0.0,"damage_taken":0.0},{"cards_removed":["Dash"],"damage_healed":0.0,"max_hp_gain":0.0,"max_hp_loss":0.0,"gold_gain":0.0,"event_name":"NoteForYourself","player_choice":"Took Card","floor":7.0,"gold_loss":0.0,"damage_taken":0.0,"cards_obtained":["Iron Wave"]},{"damage_healed":0.0,"max_hp_gain":0.0,"max_hp_loss":0.0,"gold_gain":75.0,"event_name":"World of Goop","player_choice":"Gather Gold","floor":12.0,"gold_loss":0.0,"damage_taken":11.0}],"is_beta":true,"boss_relics":[],"items_purged_floors":[],"is_endless":false,"potions_floor_spawned":[1,6,10],"killed_by":"Slime Boss","ascension_level":0}