{"path_per_floor":["M","M","?","M","M","?","R","M","T","R","M","M","R","E","R","B",null,"M","?","$","M","$","E","$","R","T","M","R","M","R","M","R","B",null,"M","?","M","?","?","R","M","M","T","M","M","$","?","M","R","B"],"character_chosen":"IRONCLAD","items_purchased":["Heavy Blade","Gremlin Horn","Flex"],"gold_per_floor":[112,125,225,236,249,324,324,336,363,363,380,398,398,423,423,522,522,522,522,395,395,50,50,27,27,27,27,27,27,27,27,27,27,27,27,27,27,0,0,0,0,0,0,0,0,0,0,0,0,0],"floor_reached":51,"campfire_rested":2,"playtime":1101,"current_hp_per_floor":[80,80,80,80,55,44,44,41,41,41,35,30,30,22,46,23,80,80,80,80,76,76,60,60,60,60,62,62,68,68,67,67,37,80,80,80,61,61,61,61,56,44,44,50,37,37,27,21,45,43],"items_purged":["Defend_R","Defend_R"],"gold":0,"score":523,"play_id":"8bd54dc0-0adf-410a-a090-dd728e6949b1","local_time":"20180303201320","is_prod":false,"is_daily":false,"is_ascension_mode":false,"campfire_upgraded":8,"timestamp":1520075600,"path_taken":["M","M","?","M","?","?","R","M","T","R","M","M","R","E","R","BOSS","M","?","$","?","$","E","$","R","T","M","R","M","R","M","R","BOSS","M","?","?","?","?","R","M","M","T","M","M","$","?","?","R","BOSS"],"build_version":"2018-03-01-PROD1","purchased_purges":2,"victory":true,"master_deck":["Strike_R+1","Strike_R","Strike_R","Strike_R","Defend_R","Defend_R","Bash","Flex+1","Anger","Limit Break+1","Flex+1","Offering+1","Sword Boomerang+1","Heavy Blade+1","Clash","Flex+1","Corruption+1","Seeing Red+1","Whirlwind+1","Madness","Madness"],"max_hp_per_floor":[80,80,80,80,80,80,80,80,80,80,80,80,80,80,80,80,80,80,80,80,80,80,80,80,80,80,80,80,80,80,80,80,80,80,80,80,80,80,80,80,80,80,80,80,80,80,80,80,80,80],"relics":["Burning Blood","NeowsBlessing","Bag of Preparation","Happy Flower","Ectoplasm","Gremlin Horn","Anchor","Dead Branch","Velvet Choker","Red Mask","Whetstone"],"card_choices":[{"not_picked":["Clothesline","Thunderclap"],"picked":"Flex"},{"not_picked":["Spot Weakness","Clothesline"],"picked":"Anger"},{"not_picked":["Warcry","Armaments"],"picked":"Limit Break"},{"not_picked":["Armaments","Warcry"],"picked":"Flex"},{"not_picked":["Juggernaut","Demon Form"],"picked":"Offering"},{"not_picked":["Rupture","Twin Strike"],"picked":"Sword Boomerang"},{"not_picked":["Clothesline","Sentinel"],"picked":"Clash"},{"not_picked":["Thunderclap","Fire Breathing"],"picked":"Corruption"},{"not_picked":["Anger","Headbutt"],"picked":"Seeing Red"},{"not_picked":["Combust","Second Wind"],"picked":"Whirlwind"}],"player_experience":253058,"potions_floor_usage":[50,50],"damage_taken":[{"damage":0.0,"enemies":"Small Slimes","floor":1.0,"turns":1.0},{"damage":0.0,"enemies":"Cultist","floor":2.0,"turns":1.0},{"damage":0.0,"enemies":"Jaw Worm","floor":4.0,"turns":1.0},{"damage":31.0,"enemies":"Lots of Slimes","floor":5.0,"turns":4.0},{"damage":9.0,"enemies":"2 Fungi Beasts","floor":8.0,"turns":3.0},{"damage":12.0,"enemies":"Blue Slaver","floor":11.0,"turns":2.0},{"damage":11.0,"enemies":"Large Slime","floor":12.0,"turns":5.0},{"damage":14.0,"enemies":"Gremlin Nob","floor":14.0,"turns":3.0},{"damage":29.0,"enemies":"Hexaghost","floor":16.0,"turns":6.0},{"damage":0.0,"enemies":"Chosen","floor":18.0,"turns":3.0},{"damage":10.0,"enemies":"Spheric Guardian","floor":21.0,"turns":3.0},{"damage":22.0,"enemies":"Gremlin Leader","floor":23.0,"turns":3.0},{"damage":4.0,"enemies":"Snecko","floor":27.0,"turns":2.0},{"damage":0.0,"enemies":"Centurion and Healer","floor":29.0,"turns":1.0},{"damage":7.0,"enemies":"3 Cultists","floor":31.0,"turns":1.0},{"damage":36.0,"enemies":"Champ","floor":33.0,"turns":7.0},{"damage":4.0,"enemies":"Orb Walker","floor":35.0,"turns":2.0},{"damage":25.0,"enemies":"3 Shapes","floor":37.0,"turns":3.0},{"damage":11.0,"enemies":"Sphere and 2 Shapes","floor":41.0,"turns":3.0},{"damage":18.0,"enemies":"4 Shapes","floor":42.0,"turns":3.0},{"damage":0.0,"enemies":"3 Darklings","floor":44.0,"turns":1.0},{"damage":19.0,"enemies":"Maw","floor":45.0,"turns":5.0},{"damage":12.0,"enemies":"Sphere and 2 Shapes","floor":48.0,"turns":2.0},{"damage":35,"enemies":"Time Eater","floor":50,"turns":3}],"event_choices":[{"event_name":"Golden Shrine","player_choice":"Pray","floor":3.0,"damage_taken":0.0},{"event_name":"World of Goop","player_choice":"Gather Gold","floor":6.0,"damage_taken":0.0},{"event_name":"The Mausoleum","player_choice":"No","floor":19.0,"damage_taken":0.0},{"event_name":"Tomb of Lord Red Mask","player_choice":"Paid","floor":38.0,"damage_taken":0.0},{"event_name":"Match and Keep!","player_choice":"0 cards matched","floor":39.0,"damage_taken":0.0},{"event_name":"Winding Halls","player_choice":"Embrace Madness","floor":47.0,"damage_taken":0.0}],"boss_relics":[],"potions_floor_spawned":[1,5,8,14,16,21,23,29,37,41],"seed_played":"7402335486044733533","ascension_level":0,"is_trial":false}