{"gold_per_floor":[115,40,40,58,75,75,46,78,131,131,31,31,57,57,57,158,158,177,191,191,36,36,36,49,49,105,105,124,124,124,153,153,153],"floor_reached":33,"playtime":1510,"items_purged":["Strike_R","Strike_R"],"score":340,"play_id":"c33a1af5-c67a-4f09-b4b3-d0c2e25d202c","local_time":"20180930172303","is_ascension_mode":true,"campfire_choices":[{"data":"Searing Blow","floor":6,"key":"SMITH"},{"data":"Searing Blow+1","floor":10,"key":"SMITH"},{"data":"Searing Blow+2","floor":12,"key":"SMITH"},{"floor":15,"key":"REST"},{"data":"Limit Break","floor":23,"key":"SMITH"},{"data":"Limit Break","floor":25,"key":"SMITH"},{"data":"Metallicize","floor":27,"key":"SMITH"},{"data":"Flex","floor":30,"key":"SMITH"},{"data":"1","floor":32,"key":"LIFT"}],"neow_cost":"NONE","seed_source_timestamp":609544478501884,"circlet_count":0,"master_deck":["Strike_R","Defend_R+1","Defend_R","Defend_R","Defend_R","Bash+1","Searing Blow+3","Flex+1","Flex+1","Limit Break+1","Limit Break+1","Metallicize+1","Clash"],"relics":["Burning Blood","Dodecahedron","Red Skull","War Paint","White Beast Statue","Happy Flower","Orichalcum","Tiny Chest","Girya"],"potions_floor_usage":[4,16,18,28,28,31,33,33],"damage_taken":[{"damage":2,"enemies":"Jaw Worm","floor":1,"turns":3},{"damage":0,"enemies":"Small Slimes","floor":4,"turns":2},{"damage":1,"enemies":"Cultist","floor":5,"turns":3},{"damage":8,"enemies":"Exordium Thugs","floor":7,"turns":5},{"damage":50,"enemies":"3 Sentries","floor":8,"turns":10},{"damage":25,"enemies":"Lagavulin","floor":13,"turns":4},{"damage":21,"enemies":"The Guardian","floor":16,"turns":6},{"damage":4,"enemies":"Chosen","floor":18,"turns":4},{"damage":6,"enemies":"Spheric Guardian","floor":19,"turns":3},{"damage":33,"enemies":"3 Cultists","floor":24,"turns":5},{"damage":17,"enemies":"Centurion and Healer","floor":28,"turns":4},{"damage":54,"enemies":"Book of Stabbing","floor":31,"turns":7},{"damage":59,"enemies":"Automaton","floor":33,"turns":6}],"seed_played":"1252375785195139491","potions_obtained":[{"floor":1,"key":"Fire Potion"},{"floor":8,"key":"LiquidBronze"},{"floor":13,"key":"Fire Potion"},{"floor":18,"key":"Ancient Potion"},{"floor":19,"key":"SpeedPotion"},{"floor":24,"key":"SteroidPotion"},{"floor":28,"key":"Weak Potion"},{"floor":31,"key":"BloodPotion"}],"is_trial":false,"path_per_floor":["M","$","?","M","M","R","M","E","T","R","$","R","E","?","R","B",null,"M","M","?","$","?","R","M","R","T","R","M","?","R","E","R"],"character_chosen":"IRONCLAD","items_purchased":["Orichalcum"],"campfire_rested":1,"item_purchase_floors":[21],"current_hp_per_floor":[80,80,80,80,80,80,78,34,34,34,34,34,15,8,32,17,80,80,80,80,80,80,80,53,53,53,53,42,80,80,32,32,0],"gold":153,"neow_bonus":"UPGRADE_CARD","is_prod":false,"is_daily":false,"chose_seed":false,"campfire_upgraded":7,"win_rate":0,"timestamp":1538353383,"path_taken":["M","$","?","M","M","R","M","E","T","R","?","R","E","?","R","BOSS","M","M","?","$","?","R","?","R","T","R","M","?","R","E","R","BOSS"],"build_version":"2018-09-27","purchased_purges":2,"victory":false,"max_hp_per_floor":[80,80,80,80,80,80,80,80,80,80,80,80,80,80,80,80,80,80,80,80,80,80,80,80,80,80,80,80,80,80,80,80,80],"card_choices":[{"not_picked":["Spot Weakness","Clothesline"],"picked":"Searing Blow","floor":1},{"not_picked":["Battle Trance","Clothesline","Carnage"],"picked":"SKIP","floor":4},{"not_picked":["Pommel Strike","Perfected Strike","Thunderclap"],"picked":"SKIP","floor":5},{"not_picked":["Battle Trance","Cleave"],"picked":"Flex","floor":7},{"not_picked":["Havoc","Disarm"],"picked":"Flex","floor":8},{"not_picked":["Wild Strike","Warcry"],"picked":"Limit Break","floor":13},{"not_picked":["Immolate","Dark Embrace"],"picked":"Limit Break","floor":16},{"not_picked":["Carnage","Clothesline","Havoc"],"picked":"SKIP","floor":18},{"not_picked":["Body Slam+1","True Grit+1","Twin Strike+1"],"picked":"SKIP","floor":19},{"not_picked":["Cleave","Shrug It Off","Thunderclap"],"picked":"SKIP","floor":24},{"not_picked":["Second Wind+1","Shrug It Off"],"picked":"Infernal Blade+1","floor":28},{"not_picked":["Evolve","Body Slam+1"],"picked":"Clash","floor":31}],"player_experience":207505,"relics_obtained":[{"floor":8,"key":"Dodecahedron"},{"floor":9,"key":"Red Skull"},{"floor":13,"key":"War Paint"},{"floor":26,"key":"Tiny Chest"},{"floor":31,"key":"Girya"}],"event_choices":[{"event_name":"Living Wall","player_choice":"Forget","floor":3,"damage_taken":0},{"event_name":"Golden Wing","player_choice":"Card Removal","floor":14,"damage_taken":0},{"event_name":"The Mausoleum","player_choice":"Yes","floor":20,"damage_taken":0},{"event_name":"The Library","player_choice":"Read","floor":22,"damage_taken":0},{"event_name":"Bonfire Elementals","player_choice":"UNCOMMON","floor":29,"damage_taken":0}],"is_beta":false,"boss_relics":[{"not_picked":["Calling Bell","Runic Pyramid"],"picked":"White Beast Statue"}],"items_purged_floors":[2,11],"is_endless":false,"potions_floor_spawned":[1,8,13,18,19,24,28,31],"killed_by":"Automaton","ascension_level":3}