{"gold_per_floor":[119,136,152,152,171,203,203,231,231,246,257,257,31,46,46,124,124,141,141,161,179,199,199,199],"floor_reached":24,"playtime":1978,"items_purged":[],"score":424,"play_id":"6b42ba50-8ff6-42a9-9586-0ee54a2468d5","local_time":"20190303220357","is_ascension_mode":true,"campfire_choices":[{"floor":7,"key":"REST"},{"floor":15,"key":"REST"},{"floor":23,"key":"REST"}],"neow_cost":"NONE","seed_source_timestamp":117102374962706,"circlet_count":0,"master_deck":["AscendersBane","Strike_B","Strike_B","Strike_B","Strike_B","Defend_B","Defend_B","Defend_B","Defend_B","Zap+1","Dualcast","Chill","Lockon","Sweeping Beam","Ball Lightning","Static Discharge","Go for the Eyes","Coolheaded","Beam Cell","All For One","Reinforced Body","Chill","Beam Cell","Genetic Algorithm"],"relics":["Cracked Core","Omamori","Shuriken","Pear","ClockworkSouvenir","Black Star"],"potions_floor_usage":[10,16,16,20,21,24,24],"damage_taken":[{"damage":10,"enemies":"2 Louse","floor":1,"turns":3},{"damage":3,"enemies":"Small Slimes","floor":2,"turns":3},{"damage":2,"enemies":"Jaw Worm","floor":3,"turns":2},{"damage":3,"enemies":"Large Slime","floor":5,"turns":4},{"damage":23,"enemies":"Lagavulin","floor":6,"turns":5},{"damage":29,"enemies":"3 Sentries","floor":8,"turns":8},{"damage":2,"enemies":"Lots of Slimes","floor":10,"turns":4},{"damage":10,"enemies":"3 Louse","floor":11,"turns":3},{"damage":3,"enemies":"Looter","floor":14,"turns":2},{"damage":18,"enemies":"Slime Boss","floor":16,"turns":6},{"damage":7,"enemies":"Spheric Guardian","floor":18,"turns":5},{"damage":16,"enemies":"2 Thieves","floor":20,"turns":4},{"damage":9,"enemies":"Snecko","floor":21,"turns":6},{"damage":31,"enemies":"Sentry and Sphere","floor":22,"turns":6},{"damage":33,"enemies":"Slavers","floor":24,"turns":4}],"seed_played":"7686287844947901866","potions_obtained":[{"floor":6,"key":"SpeedPotion"},{"floor":8,"key":"Poison Potion"},{"floor":11,"key":"GamblersBrew"},{"floor":16,"key":"PowerPotion"},{"floor":19,"key":"Explosive Potion"},{"floor":20,"key":"Block Potion"},{"floor":22,"key":"GamblersBrew"}],"is_trial":false,"path_per_floor":["M","M","M","?","M","E","R","E","T","M","M","?","$","M","R","B",null,"M","?","M","M","M","R","E"],"character_chosen":"DEFECT","items_purchased":["ClockworkSouvenir"],"campfire_rested":3,"item_purchase_floors":[13],"current_hp_per_floor":[54,51,49,49,46,23,44,15,25,23,13,13,13,10,34,16,65,58,58,42,33,2,26,0],"gold":199,"neow_bonus":"UPGRADE_CARD","is_prod":false,"is_daily":false,"chose_seed":false,"campfire_upgraded":0,"win_rate":0,"timestamp":1551647037,"path_taken":["M","M","M","?","M","E","R","E","T","M","M","?","?","M","R","BOSS","M","?","M","?","M","R","E"],"build_version":"2019-02-06","purchased_purges":0,"victory":false,"max_hp_per_floor":[71,71,71,71,71,71,71,71,81,81,81,81,81,81,81,81,81,81,81,81,81,81,81,81],"card_choices":[{"not_picked":["Stack","Conserve Battery"],"picked":"Chill","floor":1},{"not_picked":["Hologram","Storm"],"picked":"Lockon","floor":2},{"not_picked":["Rip and Tear","Static Discharge"],"picked":"Sweeping Beam","floor":3},{"not_picked":["Chaos","Barrage"],"picked":"Ball Lightning","floor":5},{"not_picked":["Fusion","Leap"],"picked":"Static Discharge","floor":6},{"not_picked":["Steam","Amplify","Recycle"],"picked":"SKIP","floor":8},{"not_picked":["Streamline","Compile Driver"],"picked":"Go for the Eyes","floor":10},{"not_picked":["Barrage","Conserve Battery"],"picked":"Coolheaded","floor":11},{"not_picked":["Force Field","Gash"],"picked":"Beam Cell","floor":14},{"not_picked":["Multi-Cast","Meteor Strike"],"picked":"All For One","floor":16},{"not_picked":["Force Field","Blizzard"],"picked":"Reinforced Body","floor":18},{"not_picked":["Steam Power","Stack"],"picked":"Chill","floor":20},{"not_picked":["Hologram","Streamline+1"],"picked":"Beam Cell","floor":21},{"not_picked":["Sweeping Beam","Turbo"],"picked":"Genetic Algorithm","floor":22}],"player_experience":1301197,"relics_obtained":[{"floor":6,"key":"Omamori"},{"floor":8,"key":"Shuriken"},{"floor":9,"key":"Pear"}],"event_choices":[{"damage_healed":0,"gold_gain":0,"player_choice":"Ignored","damage_taken":0,"max_hp_gain":0,"max_hp_loss":0,"event_name":"Liars Game","floor":4,"gold_loss":0},{"damage_healed":0,"gold_gain":0,"player_choice":"Searched \u00270\u0027 times","damage_taken":0,"max_hp_gain":0,"max_hp_loss":0,"event_name":"Dead Adventurer","floor":12,"gold_loss":0},{"damage_healed":0,"gold_gain":0,"player_choice":"Got Potions","damage_taken":0,"max_hp_gain":0,"max_hp_loss":0,"event_name":"Lab","floor":19,"gold_loss":0}],"is_beta":true,"boss_relics":[{"not_picked":["Philosopher\u0027s Stone","Empty Cage"],"picked":"Black Star"}],"items_purged_floors":[],"is_endless":false,"potions_floor_spawned":[6,8,11,16,20,22],"killed_by":"Slavers","ascension_level":20}