{"gold_per_floor":[145,220,185,201,49,49,84,84,84,104,124,157,171,202,202,273,273,288,303,218,218,238,270,270,289,289,289],"floor_reached":27,"playtime":1395,"items_purged":[],"score":443,"play_id":"eb364637-31bc-4cbf-b45b-1ef905fc66bc","local_time":"20180713231256","is_ascension_mode":true,"campfire_choices":[{"data":"Neutralize","floor":6,"key":"SMITH"},{"data":"Skewer","floor":8,"key":"SMITH"},{"floor":15,"key":"REST"},{"floor":24,"key":"REST"}],"neow_cost":"NONE","seed_source_timestamp":189842469683288,"circlet_count":0,"master_deck":["Defend_G","Defend_G","Defend_G","Defend_G","Defend_G","Strike_G","Strike_G","Strike_G+1","Strike_G","Strike_G","Survivor","Neutralize+1","AscendersBane","Dagger Spray","Cloak And Dagger","Skewer+1","PiercingWail","Leg Sweep","Backstab","Dodge and Roll","Cloak And Dagger","Envenom","Riddle With Holes+1","Riddle With Holes","Envenom","Flying Knee","Underhanded Strike","Dash+1"],"relics":["Tiny House","Vajra","Smiling Mask","Bottled Lightning","Pen Nib","Boot","Snecko Eye","Orichalcum","Meat on the Bone","Potion Belt"],"potions_floor_usage":[7,7,16,16,18,23,23,27],"damage_taken":[{"damage":4,"enemies":"Jaw Worm","floor":1,"turns":4},{"damage":3,"enemies":"2 Louse","floor":4,"turns":3},{"damage":8,"enemies":"Gremlin Nob","floor":7,"turns":4},{"damage":0,"enemies":"Cultist","floor":10,"turns":3},{"damage":0,"enemies":"Large Slime","floor":11,"turns":4},{"damage":19,"enemies":"3 Sentries","floor":12,"turns":6},{"damage":0,"enemies":"Exordium Wildlife","floor":13,"turns":3},{"damage":16,"enemies":"Gremlin Nob","floor":14,"turns":3},{"damage":5,"enemies":"The Guardian","floor":16,"turns":14},{"damage":19,"enemies":"Shell Parasite","floor":18,"turns":6},{"damage":0,"enemies":"3 Byrds","floor":19,"turns":5},{"damage":20,"enemies":"3 Cultists","floor":22,"turns":6},{"damage":21,"enemies":"Gremlin Leader","floor":23,"turns":5},{"damage":19,"enemies":"Snake Plant","floor":25,"turns":4},{"damage":34,"enemies":"Book of Stabbing","floor":27,"turns":4}],"seed_played":"-5585175709391420653","potions_obtained":[{"floor":0,"key":"Block Potion"},{"floor":4,"key":"Poison Potion"},{"floor":13,"key":"Explosive Potion"},{"floor":14,"key":"LiquidBronze"},{"floor":16,"key":"Weak Potion"},{"floor":19,"key":"Regen Potion"},{"floor":22,"key":"SneckoOil"},{"floor":25,"key":"AttackPotion"}],"is_trial":false,"path_per_floor":["M","?","?","M","$","R","E","R","T","M","M","E","M","E","R","B",null,"M","M","?","?","M","E","R","M","T"],"character_chosen":"THE_SILENT","items_purchased":["Vajra"],"campfire_rested":2,"item_purchase_floors":[5],"current_hp_per_floor":[60,49,66,63,63,63,55,55,55,55,55,36,36,20,41,36,62,43,43,43,43,23,17,38,31,31,0],"gold":289,"neow_bonus":"BOSS_RELIC","is_prod":false,"is_daily":false,"chose_seed":false,"campfire_upgraded":2,"win_rate":0,"timestamp":1531516376,"path_taken":["M","?","?","M","$","R","E","R","T","M","M","E","M","E","R","BOSS","M","M","?","?","M","E","R","M","T","E"],"build_version":"2018-07-12","purchased_purges":0,"victory":false,"max_hp_per_floor":[71,71,71,71,71,71,71,71,71,71,71,71,71,71,71,71,71,71,71,71,71,71,71,71,71,71,71],"card_choices":[{"not_picked":["Acrobatics","Dodge and Roll"],"picked":"Dagger Spray","floor":0},{"not_picked":["Venomology","Finisher"],"picked":"Cloak And Dagger","floor":1},{"not_picked":["Cloak And Dagger","Poisoned Stab"],"picked":"Skewer","floor":4},{"not_picked":["Acrobatics","Poisoned Stab"],"picked":"PiercingWail","floor":7},{"not_picked":["Eviscerate","Outmaneuver","Bane"],"picked":"SKIP","floor":10},{"not_picked":["Acrobatics","Poisoned Stab"],"picked":"Leg Sweep","floor":11},{"not_picked":["Flechettes","Slice"],"picked":"Backstab","floor":12},{"not_picked":["PiercingWail","Bane"],"picked":"Dodge and Roll","floor":13},{"not_picked":["Outmaneuver","Acrobatics"],"picked":"Cloak And Dagger","floor":14},{"not_picked":["Unload","Bullet Time"],"picked":"Envenom","floor":16},{"not_picked":["Expertise","Outmaneuver"],"picked":"Riddle With Holes+1","floor":18},{"not_picked":["Setup","Outmaneuver"],"picked":"Riddle With Holes","floor":19},{"not_picked":["Dagger Throw","PiercingWail"],"picked":"Flying Knee","floor":22},{"not_picked":["Endless Agony","Well Laid Plans"],"picked":"Underhanded Strike","floor":23},{"not_picked":["Choke","Acrobatics"],"picked":"Dash+1","floor":25}],"player_experience":831863,"relics_obtained":[{"floor":7,"key":"Smiling Mask"},{"floor":9,"key":"Bottled Lightning"},{"floor":12,"key":"Pen Nib"},{"floor":14,"key":"Boot"},{"floor":23,"key":"Meat on the Bone"},{"floor":26,"key":"Potion Belt"}],"event_choices":[{"event_name":"World of Goop","player_choice":"Gather Gold","floor":2,"damage_taken":0},{"event_name":"The Cleric","player_choice":"Healed","floor":3,"damage_taken":0},{"event_name":"Addict","player_choice":"Obtained Relic","floor":20,"damage_taken":0},{"event_name":"Duplicator","player_choice":"One dupe","floor":21,"damage_taken":0}],"boss_relics":[{"not_picked":["Runic Pyramid","Astrolabe"],"picked":"Snecko Eye"}],"items_purged_floors":[],"is_endless":false,"potions_floor_spawned":[4,13,14,16,19,22,25],"killed_by":"Book of Stabbing","ascension_level":15}