{"gold_per_floor":[118,129,129,24,24,24,56,56,83,8,27,44,61,61,61,165,215,231,263,263,203,29,29],"floor_reached":23,"playtime":3303,"items_purged":["Regret"],"score":189,"play_id":"8ae7edec-565c-4875-ab42-2c31066c832c","local_time":"20190306180035","is_ascension_mode":false,"campfire_choices":[{"data":"Armaments","floor":6,"key":"SMITH"},{"data":"Flex","floor":15,"key":"SMITH"}],"neow_cost":"NONE","seed_source_timestamp":19443340007858,"circlet_count":0,"master_deck":["Strike_R","Strike_R","Strike_R","Defend_R+1","Defend_R+1","Defend_R+1","Defend_R","Bash","Ghostly Armor","Headbutt","Searing Blow","Armaments+1","Limit Break","Flex+1","Twin Strike","Seeing Red","Parasite","Demon Form+1","Whirlwind","Inflame+1","Heavy Blade+1","Apotheosis"],"relics":["Burning Blood","Orichalcum","FossilizedHelix","Frozen Egg 2","War Paint","Tiny House","Red Mask"],"potions_floor_usage":[7,13,16,19,21],"damage_taken":[{"damage":3,"enemies":"Small Slimes","floor":1,"turns":3},{"damage":0,"enemies":"Jaw Worm","floor":2,"turns":5},{"damage":27,"enemies":"Lagavulin","floor":7,"turns":10},{"damage":0,"enemies":"2 Louse","floor":11,"turns":2},{"damage":16,"enemies":"Exordium Wildlife","floor":12,"turns":7},{"damage":4,"enemies":"Lots of Slimes","floor":13,"turns":7},{"damage":42,"enemies":"The Guardian","floor":16,"turns":10},{"damage":0,"enemies":"3 Byrds","floor":18,"turns":6},{"damage":25,"enemies":"Masked Bandits","floor":19,"turns":5},{"damage":19,"enemies":"2 Thieves","floor":21,"turns":4},{"damage":54,"enemies":"Book of Stabbing","floor":23,"turns":5}],"seed_played":"-1535345832257404074","potions_obtained":[{"floor":1,"key":"Dexterity Potion"},{"floor":2,"key":"Dexterity Potion"},{"floor":13,"key":"Explosive Potion"},{"floor":17,"key":"SkillPotion"},{"floor":19,"key":"SmokeBomb"}],"is_trial":false,"path_per_floor":["?","?","?","$","M","?","?","?","$"],"character_chosen":"IRONCLAD","items_purchased":["Searing Blow","Armaments","Apotheosis"],"campfire_rested":0,"item_purchase_floors":[4,4,22],"current_hp_per_floor":[80,80,80,80,73,73,52,49,49,49,55,45,47,67,67,31,85,85,66,66,53,53,0],"gold":29,"neow_bonus":"REMOVE_CARD","is_prod":false,"is_daily":false,"chose_seed":false,"campfire_upgraded":2,"win_rate":0.0,"timestamp":1551891635,"path_taken":["M","M","?","$","?","R","E","?","T","?","M","M","?","?","R","BOSS","M","?","?","M","?","E"],"build_version":"2019-01-23","purchased_purges":1,"victory":false,"max_hp_per_floor":[80,80,80,80,80,80,80,80,80,80,80,80,80,80,80,80,85,85,85,85,85,85,85],"card_choices":[{"not_picked":["True Grit","Hemokinesis"],"picked":"Ghostly Armor","floor":1},{"not_picked":["Infernal Blade","Thunderclap"],"picked":"Headbutt","floor":2},{"not_picked":["Ghostly Armor","Corruption"],"picked":"Limit Break","floor":7},{"not_picked":["Ghostly Armor","Anger"],"picked":"Flex","floor":11},{"not_picked":["Rage","True Grit"],"picked":"Twin Strike","floor":12},{"not_picked":["Warcry","Twin Strike"],"picked":"Seeing Red","floor":13},{"not_picked":["Impervious","Bludgeon"],"picked":"Demon Form+1","floor":16},{"not_picked":["Body Slam","Searing Blow"],"picked":"Whirlwind","floor":17},{"not_picked":["Rage","Headbutt+1"],"picked":"Inflame+1","floor":18},{"not_picked":["Fire Breathing+1","Combust+1"],"picked":"Heavy Blade+1","floor":19}],"player_experience":53039,"relics_obtained":[{"floor":7,"key":"FossilizedHelix"},{"floor":9,"key":"War Paint"},{"floor":19,"key":"Red Mask"}],"event_choices":[{"damage_healed":0,"gold_gain":0,"player_choice":"Box","damage_taken":0,"relics_obtained":["Orichalcum"],"max_hp_gain":0,"max_hp_loss":0,"event_name":"Big Fish","floor":3,"gold_loss":0,"cards_obtained":["Regret"]},{"cards_removed":["Strike_R"],"damage_healed":0,"gold_gain":0,"player_choice":"Card Removal","damage_taken":7,"max_hp_gain":0,"max_hp_loss":0,"event_name":"Golden Wing","floor":5,"gold_loss":0},{"damage_healed":0,"gold_gain":0,"player_choice":"Success","damage_taken":3,"relics_obtained":["Frozen Egg 2"],"max_hp_gain":0,"max_hp_loss":0,"event_name":"Scrap Ooze","floor":8,"gold_loss":0},{"damage_healed":20,"gold_gain":0,"player_choice":"Healed and dodged fight","damage_taken":0,"max_hp_gain":0,"max_hp_loss":0,"event_name":"Mushrooms","floor":14,"gold_loss":0,"cards_obtained":["Parasite"]},{"damage_healed":0,"gold_gain":0,"player_choice":"Fought Bandits","damage_taken":0,"max_hp_gain":0,"max_hp_loss":0,"event_name":"Masked Bandits","floor":19,"gold_loss":0},{"damage_healed":0,"gold_gain":0,"player_choice":"Ignored","damage_taken":0,"max_hp_gain":0,"max_hp_loss":0,"event_name":"Ghosts","floor":20,"gold_loss":0}],"is_beta":false,"boss_relics":[{"not_picked":["White Beast Statue","Busted Crown"],"picked":"Tiny House"}],"items_purged_floors":[10],"is_endless":false,"potions_floor_spawned":[1,2,13,19],"killed_by":"Book of Stabbing","ascension_level":0}