{"gold_per_floor":[112,112,112,122,122,149,149,160,183,193,193,208,240,240,240,314,314,333,333],"floor_reached":19,"playtime":675,"items_purged":[],"score":364,"play_id":"2d2c5699-5197-4519-b1c5-1a2d675c240b","local_time":"20181025204708","is_ascension_mode":true,"campfire_choices":[{"data":"Evolve","floor":7,"key":"SMITH"},{"data":"Flame Barrier","floor":11,"key":"SMITH"},{"floor":15,"key":"REST"}],"neow_cost":"NONE","seed_source_timestamp":512637023311229,"circlet_count":0,"master_deck":["Strike_R","Strike_R","Strike_R","Strike_R","Strike_R","Defend_R","Defend_R","Defend_R+1","Defend_R","Bash","AscendersBane","Flame Barrier+1","Headbutt","Evolve+1","Disarm+1","Body Slam","Power Through","Feed"],"relics":["Burning Blood","NeowsBlessing","Ancient Tea Set","Pen Nib","Strawberry","Bottled Lightning","Eternal Feather"],"potions_floor_usage":[16,19],"damage_taken":[{"damage":0,"enemies":"2 Louse","floor":1,"turns":1},{"damage":0,"enemies":"Small Slimes","floor":4,"turns":1},{"damage":0,"enemies":"Gremlin Nob","floor":6,"turns":1},{"damage":0,"enemies":"Jaw Worm","floor":8,"turns":4},{"damage":9,"enemies":"3 Louse","floor":10,"turns":4},{"damage":7,"enemies":"Red Slaver","floor":12,"turns":5},{"damage":54,"enemies":"Lagavulin","floor":13,"turns":11},{"damage":31,"enemies":"Hexaghost","floor":16,"turns":14},{"damage":10,"enemies":"Shell Parasite","floor":18,"turns":9},{"damage":64,"enemies":"Masked Bandits","floor":19,"turns":4}],"seed_played":"3542234510614049577","potions_obtained":[{"floor":4,"key":"SteroidPotion"},{"floor":6,"key":"LiquidBronze"},{"floor":16,"key":"Poison Potion"}],"is_trial":false,"path_per_floor":["M","?","?","M","?","E","R","M","T","M","R","M","E","?","R","B",null,"M"],"character_chosen":"IRONCLAD","items_purchased":[],"campfire_rested":1,"item_purchase_floors":[],"current_hp_per_floor":[74,69,69,75,80,80,80,80,87,84,84,83,35,9,35,10,68,64,0],"gold":333,"neow_bonus":"THREE_ENEMY_KILL","is_prod":false,"is_daily":false,"chose_seed":false,"campfire_upgraded":2,"win_rate":0,"timestamp":1540468028,"path_taken":["M","?","?","?","?","E","R","M","T","M","R","M","E","?","R","BOSS","M","?"],"build_version":"2018-10-18","purchased_purges":0,"victory":false,"max_hp_per_floor":[75,75,75,75,80,80,80,80,87,87,87,87,87,87,87,87,87,87,87],"card_choices":[{"not_picked":["Clash","Wild Strike"],"picked":"Flame Barrier","floor":1},{"not_picked":["Iron Wave","Pommel Strike"],"picked":"Headbutt","floor":4},{"not_picked":["Burning Pact","Iron Wave"],"picked":"Evolve","floor":6},{"not_picked":["True Grit","Thunderclap"],"picked":"Disarm","floor":8},{"not_picked":["Pummel","Rage","Hemokinesis"],"picked":"SKIP","floor":10},{"not_picked":["Warcry","Clash"],"picked":"Body Slam","floor":12},{"not_picked":["Brutality","Cleave"],"picked":"Power Through","floor":13},{"not_picked":["Juggernaut","Dark Embrace"],"picked":"Feed","floor":16},{"not_picked":["Twin Strike","Burning Pact","Wild Strike"],"picked":"SKIP","floor":18}],"player_experience":723018,"relics_obtained":[{"floor":6,"key":"Pen Nib"},{"floor":9,"key":"Strawberry"},{"floor":13,"key":"Bottled Lightning"}],"event_choices":[{"damage_healed":0,"gold_gain":0,"player_choice":"Success","damage_taken":5,"relics_obtained":["Ancient Tea Set"],"max_hp_gain":0,"max_hp_loss":0,"event_name":"Scrap Ooze","floor":2,"gold_loss":0},{"damage_healed":0,"gold_gain":0,"player_choice":"0 cards matched","damage_taken":0,"max_hp_gain":0,"max_hp_loss":0,"event_name":"Match and Keep!","floor":3,"gold_loss":0,"cards_obtained":[]},{"damage_healed":0,"gold_gain":0,"player_choice":"Donut","damage_taken":0,"max_hp_gain":5,"max_hp_loss":0,"event_name":"Big Fish","floor":5,"gold_loss":0},{"damage_healed":0,"gold_gain":0,"player_choice":"Entered Light","damage_taken":26,"max_hp_gain":0,"max_hp_loss":0,"event_name":"Shining Light","floor":14,"gold_loss":0,"cards_upgraded":["Disarm","Defend_R"]},{"damage_healed":0,"gold_gain":0,"player_choice":"Fought Bandits","damage_taken":0,"max_hp_gain":0,"max_hp_loss":0,"event_name":"Masked Bandits","floor":19,"gold_loss":0}],"is_beta":false,"boss_relics":[{"not_picked":["Lizard Tail","Runic Dome"],"picked":"Eternal Feather"}],"items_purged_floors":[],"is_endless":false,"potions_floor_spawned":[4,6,16,18],"killed_by":"Masked Bandits","ascension_level":16}