{"path_per_floor":["M","?","M","$","?","E","R","T","T","?","M","M","R","E","R","B",null,"M","?","M","?","$","E","M","R","T","M","R","?","E","?","R"],"character_chosen":"DEFECT","items_purchased":["Beam Cell","DataDisk"],"gold_per_floor":[113,188,205,156,156,191,191,191,242,242,252,266,266,300,300,404,404,424,424,434,349,130,163,180,180,180,193,193,118,147,147,147,147],"floor_reached":33,"campfire_rested":3,"playtime":1754,"current_hp_per_floor":[71,60,60,60,45,30,52,52,52,52,52,48,48,29,29,10,75,48,32,32,32,32,15,17,40,40,26,26,26,20,20,43,0],"items_purged":["Strike_B"],"gold":147,"score":349,"play_id":"21cf4907-5e62-4792-8350-c54db878548b","local_time":"20180507231917","is_prod":false,"is_daily":false,"chose_seed":false,"is_ascension_mode":true,"campfire_upgraded":3,"timestamp":1525727957,"path_taken":["M","?","M","$","?","E","R","?","T","?","?","M","R","E","R","BOSS","M","?","?","?","$","E","M","R","T","M","R","?","E","?","R","BOSS"],"build_version":"2018-05-03","seed_source_timestamp":136549852546161,"purchased_purges":1,"victory":false,"master_deck":["Strike_B+1","Strike_B+1","Defend_B","Defend_B","Defend_B+1","Defend_B","Zap+1","Dualcast","Cold Snap","Rebound","Beam Cell","Go for the Eyes+1","Streamline+1","Creative AI+1","Seek+1","Glacier+1","Self Repair","Chill+1","Coolheaded","All For One+1"],"max_hp_per_floor":[75,75,75,75,75,75,75,75,75,75,75,75,75,75,75,75,75,75,75,75,75,75,75,77,77,77,77,77,77,79,79,79,79],"relics":["Cracked Core","Singing Bowl","Molten Egg 2","Bottled Lightning","Omamori","Lantern","Sozu","Enchiridion","Kunai","DataDisk","Juzu Bracelet","Vajra","War Paint"],"card_choices":[{"not_picked":["Go for the Eyes","Stack"],"picked":"Cold Snap","floor":1},{"not_picked":["Steam Power","Cold Snap"],"picked":"Rebound","floor":3},{"not_picked":["Rebound","Leap"],"picked":"Go for the Eyes","floor":6},{"not_picked":["Hologram","Capacitor"],"picked":"Streamline","floor":11},{"not_picked":["Auto Shields","Buffer"],"picked":"Creative AI","floor":12},{"not_picked":["Impulse","Coolheaded"],"picked":"Axe Kick","floor":14},{"not_picked":["Echo Form","Thunder Strike"],"picked":"Seek","floor":16},{"not_picked":["Stack","Capacitor"],"picked":"Glacier","floor":18},{"not_picked":["Impulse","Ball Lightning"],"picked":"Self Repair","floor":20},{"not_picked":["Biased Cognition","Sweeping Beam"],"picked":"Chill","floor":23},{"not_picked":["Go for the Eyes","Ball Lightning"],"picked":"Coolheaded","floor":27}],"player_experience":535506,"potions_floor_usage":[14,16,23],"damage_taken":[{"damage":4,"enemies":"Jaw Worm","floor":1,"turns":3},{"damage":0,"enemies":"2 Louse","floor":3,"turns":3},{"damage":15,"enemies":"3 Sentries","floor":6,"turns":8},{"damage":0,"enemies":"Cultist","floor":11,"turns":3},{"damage":4,"enemies":"Blue Slaver","floor":12,"turns":3},{"damage":19,"enemies":"Gremlin Nob","floor":14,"turns":4},{"damage":19,"enemies":"Hexaghost","floor":16,"turns":11},{"damage":27,"enemies":"Spheric Guardian","floor":18,"turns":4},{"damage":0,"enemies":"3 Byrds","floor":20,"turns":4},{"damage":24,"enemies":"Slavers","floor":23,"turns":8},{"damage":7,"enemies":"3 Cultists","floor":24,"turns":6},{"damage":21,"enemies":"Snake Plant","floor":27,"turns":4},{"damage":15,"enemies":"Gremlin Leader","floor":30,"turns":8},{"damage":43,"enemies":"Automaton","floor":33,"turns":6}],"event_choices":[{"event_name":"World of Goop","player_choice":"Gather Gold","floor":2,"damage_taken":0},{"event_name":"Shining Light","player_choice":"Entered Light","floor":5,"damage_taken":0},{"event_name":"Scrap Ooze","player_choice":"unsuccessful","floor":10,"damage_taken":0},{"event_name":"Cursed Tome","player_choice":"Obtained Book","floor":19,"damage_taken":0},{"event_name":"Addict","player_choice":"Obtained Relic","floor":21,"damage_taken":0},{"event_name":"Beggar","player_choice":"Gave Gold","floor":29,"damage_taken":0},{"event_name":"Transmorgrifier","player_choice":"Transform","floor":31,"damage_taken":0}],"boss_relics":[{"not_picked":["Velvet Choker","Astrolabe"],"picked":"Sozu"}],"potions_floor_spawned":[3,6,11,23,24],"seed_played":"-9172203144119018493","killed_by":"Automaton","ascension_level":4,"is_trial":false}