{"gold_per_floor":[217,217,237,255,68,68,88,88,88,34,48,66,66,91,91,189,189,205,105,117,132,147,147,164,178,178,178,192,211,86,99,99,99],"floor_reached":33,"playtime":1942,"items_purged":["Strike_B","Defend_B","Defend_B"],"score":255,"play_id":"62417bb7-81ab-4cb0-b32d-44b6618e35ad","local_time":"20190306095310","is_ascension_mode":false,"campfire_choices":[{"data":"Chill","floor":6,"key":"SMITH"},{"data":"Ball Lightning","floor":8,"key":"SMITH"},{"data":"Conserve Battery","floor":13,"key":"SMITH"},{"data":"Doom and Gloom","floor":15,"key":"SMITH"},{"data":"Blizzard","floor":23,"key":"SMITH"},{"floor":27,"key":"REST"},{"floor":32,"key":"REST"}],"neow_cost":"NONE","seed_source_timestamp":1861066016253218,"circlet_count":0,"master_deck":["Strike_B","Strike_B","Strike_B","Defend_B","Defend_B","Zap","Dualcast","Chill+1","Gash","Chill+1","Ball Lightning+1","Coolheaded","Conserve Battery+1","Barrage","Doom and Gloom+1","Electrodynamics","Capacitor+1","Cold Snap","Blizzard+1","Capacitor+1","Double Energy","Gash"],"relics":["FrozenCore","Shuriken","WingedGreaves"],"potions_floor_usage":[14],"damage_taken":[{"damage":2,"enemies":"Small Slimes","floor":1,"turns":3},{"damage":0,"enemies":"Cultist","floor":3,"turns":4},{"damage":0,"enemies":"Jaw Worm","floor":4,"turns":3},{"damage":0,"enemies":"3 Louse","floor":7,"turns":4},{"damage":1,"enemies":"Gremlin Gang","floor":11,"turns":5},{"damage":3,"enemies":"Blue Slaver","floor":12,"turns":3},{"damage":2,"enemies":"3 Sentries","floor":14,"turns":6},{"damage":29,"enemies":"Slime Boss","floor":16,"turns":8},{"damage":0,"enemies":"3 Byrds","floor":18,"turns":4},{"damage":20,"enemies":"Spheric Guardian","floor":20,"turns":6},{"damage":2,"enemies":"Centurion and Healer","floor":21,"turns":7},{"damage":0,"enemies":"Snecko","floor":22,"turns":5},{"damage":5,"enemies":"Chosen and Byrds","floor":24,"turns":6},{"damage":7,"enemies":"Snake Plant","floor":25,"turns":5},{"damage":18,"enemies":"Snecko","floor":28,"turns":6},{"damage":17,"enemies":"Cultist and Chosen","floor":29,"turns":8},{"damage":16,"enemies":"Sentry and Sphere","floor":31,"turns":5},{"damage":39,"enemies":"Collector","floor":33,"turns":6}],"seed_played":"5675304274289153906","potions_obtained":[{"floor":3,"key":"SteroidPotion"},{"floor":4,"key":"EntropicBrew"},{"floor":12,"key":"SkillPotion"},{"floor":22,"key":"EntropicBrew"}],"is_trial":false,"path_per_floor":["M","?","M","M","$","R","M","R","T","$","M","M","R","E","R","B",null,"M","$","M","M","M","R","M","M","T","R","M","M","$","M","R","B"],"character_chosen":"DEFECT","items_purchased":["Chill","Ball Lightning","Conserve Battery"],"campfire_rested":2,"item_purchase_floors":[5,5,10],"current_hp_per_floor":[73,73,73,73,73,73,73,73,73,73,72,69,69,67,67,38,75,75,75,55,53,53,53,48,41,41,63,45,28,28,12,34,0],"gold":99,"neow_bonus":"HUNDRED_GOLD","is_prod":false,"is_daily":false,"chose_seed":false,"campfire_upgraded":5,"win_rate":0,"timestamp":1551883990,"path_taken":["M","?","M","M","$","R","M","R","T","$","M","M","R","E","R","BOSS","M","$","M","M","?","R","M","?","T","R","M","M","$","?","R","BOSS"],"build_version":"2019-01-23","purchased_purges":3,"victory":false,"max_hp_per_floor":[75,75,75,75,75,75,75,75,75,75,75,75,75,75,75,75,75,75,75,75,75,75,75,75,75,75,75,75,75,75,75,75,75],"card_choices":[{"not_picked":["Go for the Eyes","Turbo"],"picked":"Chill","floor":1},{"not_picked":["Compile Driver","Beam Cell"],"picked":"Gash","floor":3},{"not_picked":["Skim","Stack","Hello World"],"picked":"SKIP","floor":4},{"not_picked":["Hologram","Ball Lightning"],"picked":"Coolheaded","floor":7},{"not_picked":["BootSequence","Sweeping Beam","Go for the Eyes"],"picked":"SKIP","floor":11},{"not_picked":["Streamline","Steam"],"picked":"Barrage","floor":12},{"not_picked":["Heatsinks","Seek"],"picked":"Doom and Gloom","floor":14},{"not_picked":["Meteor Strike","Core Surge"],"picked":"Electrodynamics","floor":16},{"not_picked":["Streamline","Stack"],"picked":"Capacitor+1","floor":18},{"not_picked":["Self Repair","Chill"],"picked":"Cold Snap","floor":20},{"not_picked":["Beam Cell","Hello World+1"],"picked":"Blizzard","floor":21},{"not_picked":["Redo+1","Sweeping Beam+1"],"picked":"Capacitor+1","floor":22},{"not_picked":["Melter+1","Lockon"],"picked":"Double Energy","floor":24},{"not_picked":["Compile Driver","Melter","Gash"],"picked":"SKIP","floor":25},{"not_picked":["Go for the Eyes+1","Hologram"],"picked":"Gash","floor":28},{"not_picked":["Consume","Steam+1","Turbo"],"picked":"SKIP","floor":29},{"not_picked":["Beam Cell","Recycle","Hologram"],"picked":"SKIP","floor":31}],"player_experience":510187,"relics_obtained":[{"floor":9,"key":"Shuriken"},{"floor":14,"key":"WingedGreaves"}],"event_choices":[{"damage_healed":0,"gold_gain":0,"player_choice":"Forge","damage_taken":0,"max_hp_gain":0,"max_hp_loss":0,"event_name":"Accursed Blacksmith","floor":2,"gold_loss":0,"cards_upgraded":["Chill"]}],"is_beta":false,"boss_relics":[{"not_picked":["Calling Bell","Sozu"],"picked":"FrozenCore"}],"items_purged_floors":[5,19,30],"is_endless":false,"potions_floor_spawned":[3,4,12,22,25,28,31],"killed_by":"Collector","ascension_level":0}