{"gold_per_floor":[118,137,54,74,74,105,105,131,131,144,176,186,186,186,186,257,257,270,48,68,68,68,68],"floor_reached":23,"playtime":1127,"items_purged":[],"score":397,"play_id":"6107a1e2-2b54-482c-807c-ad6293dadb7e","local_time":"20190117220238","is_ascension_mode":true,"campfire_choices":[{"data":"Defragment","floor":7,"key":"SMITH"},{"data":"Go for the Eyes","floor":15,"key":"SMITH"}],"neow_cost":"NONE","seed_source_timestamp":624756050798500,"circlet_count":0,"master_deck":["AscendersBane","Strike_B","Strike_B","Strike_B","Strike_B","Defend_B","Defend_B","Defend_B","Defend_B","Zap","Dualcast","Defragment+1","Go for the Eyes+1","Chill","Tempest","Chill","Core Surge","Reinforced Body","Capacitor","Defragment+1","Core Surge","Capacitor","Multi-Cast","Decay"],"relics":["Cracked Core","Ancient Tea Set","Question Card","Bottled Flame","Symbiotic Virus","Gremlin Horn","Philosopher\u0027s Stone","Strange Spoon"],"potions_floor_usage":[6,8,16,22,23],"damage_taken":[{"damage":0,"enemies":"Cultist","floor":1,"turns":3},{"damage":10,"enemies":"Small Slimes","floor":2,"turns":3},{"damage":1,"enemies":"2 Louse","floor":4,"turns":3},{"damage":23,"enemies":"Lagavulin","floor":6,"turns":6},{"damage":7,"enemies":"3 Sentries","floor":8,"turns":7},{"damage":0,"enemies":"Blue Slaver","floor":10,"turns":2},{"damage":3,"enemies":"Lagavulin","floor":11,"turns":8},{"damage":0,"enemies":"2 Fungi Beasts","floor":12,"turns":3},{"damage":20,"enemies":"Slime Boss","floor":16,"turns":6},{"damage":18,"enemies":"3 Byrds","floor":18,"turns":4},{"damage":22,"enemies":"2 Thieves","floor":20,"turns":4},{"damage":11,"enemies":"Colosseum Slavers","floor":22,"turns":5},{"damage":9,"enemies":"Book of Stabbing","floor":23,"turns":2}],"seed_played":"-6565271411414769220","potions_obtained":[{"floor":1,"key":"Explosive Potion"},{"floor":2,"key":"Regen Potion"},{"floor":6,"key":"SpeedPotion"},{"floor":16,"key":"Dexterity Potion"},{"floor":20,"key":"Swift Potion"}],"is_trial":false,"path_per_floor":["M","M","$","M","?","E","R","E","T","M","E","M","?","?","R","B",null,"M","$","M","?","?","E"],"character_chosen":"DEFECT","items_purchased":["Chill","Strange Spoon"],"campfire_rested":0,"item_purchase_floors":[3,19],"current_hp_per_floor":[64,54,54,53,53,44,44,37,37,37,34,34,34,34,34,14,57,39,39,17,17,6,0],"gold":68,"neow_bonus":"RANDOM_COMMON_RELIC","is_prod":false,"is_daily":false,"chose_seed":false,"campfire_upgraded":2,"win_rate":0,"timestamp":1547791358,"path_taken":["M","?","$","M","?","E","R","E","T","M","E","M","?","?","R","BOSS","M","$","M","?","?","E"],"build_version":"2019-01-17","purchased_purges":0,"victory":false,"max_hp_per_floor":[71,71,71,71,71,71,71,71,71,71,71,71,71,71,71,71,71,71,71,71,71,71,71],"card_choices":[{"not_picked":["Turbo","Chill"],"picked":"Defragment","floor":1},{"not_picked":["Beam Cell","Conserve Battery"],"picked":"Go for the Eyes","floor":2},{"not_picked":["Redo","Auto Shields"],"picked":"Tempest","floor":4},{"not_picked":["Redo","Gash"],"picked":"Chill","floor":6},{"not_picked":["Melter","Cold Snap","Go for the Eyes"],"picked":"Core Surge","floor":8},{"not_picked":["Skim","Steam","Aggregate"],"picked":"Reinforced Body","floor":10},{"not_picked":["Sunder","Streamline","Force Field"],"picked":"Capacitor","floor":11},{"not_picked":["Scrape","Cold Snap","Lockon"],"picked":"Defragment","floor":12},{"not_picked":["Meteor Strike","Machine Learning","Hyperbeam"],"picked":"Core Surge","floor":16},{"not_picked":["Steam","Conserve Battery","Streamline"],"picked":"Capacitor","floor":18},{"not_picked":["Turbo","Go for the Eyes","Beam Cell+1"],"picked":"Multi-Cast","floor":20}],"player_experience":526382,"relics_obtained":[{"floor":6,"key":"Question Card"},{"floor":8,"key":"Bottled Flame"},{"floor":9,"key":"Symbiotic Virus"},{"floor":11,"key":"Gremlin Horn"}],"event_choices":[{"damage_healed":0,"gold_gain":0,"player_choice":"Leave","damage_taken":0,"max_hp_gain":0,"max_hp_loss":0,"event_name":"The Cleric","floor":5,"gold_loss":0},{"damage_healed":0,"gold_gain":0,"player_choice":"Grow","damage_taken":0,"max_hp_gain":0,"max_hp_loss":0,"event_name":"Living Wall","floor":13,"gold_loss":0,"cards_upgraded":["Defragment"]},{"damage_healed":0,"gold_gain":0,"player_choice":"Ignored","damage_taken":0,"max_hp_gain":0,"max_hp_loss":0,"event_name":"Liars Game","floor":14,"gold_loss":0},{"damage_healed":0,"gold_gain":0,"player_choice":"Smashed Altar","damage_taken":0,"max_hp_gain":0,"max_hp_loss":0,"event_name":"Forgotten Altar","floor":21,"gold_loss":0,"cards_obtained":["Decay"]},{"damage_healed":0,"gold_gain":0,"player_choice":"Fight","damage_taken":0,"max_hp_gain":0,"max_hp_loss":0,"event_name":"Colosseum","floor":22,"gold_loss":0},{"damage_healed":0,"gold_gain":0,"player_choice":"Fled From Nobs","damage_taken":0,"max_hp_gain":0,"max_hp_loss":0,"event_name":"Colosseum","floor":22,"gold_loss":0}],"is_beta":false,"boss_relics":[{"not_picked":["Empty Cage","Fusion Hammer"],"picked":"Philosopher\u0027s Stone"}],"items_purged_floors":[],"is_endless":false,"potions_floor_spawned":[1,2,6,16,20,22],"killed_by":"Book of Stabbing","ascension_level":18}