{"gold_per_floor":[117,128,147,147,87,87,114,132,157,157,6,6,23,23,23,128,178,194,194,119,138,150,150,150],"floor_reached":24,"playtime":1214,"items_purged":[],"score":290,"play_id":"218dda71-cd42-406b-90b4-24237733393d","local_time":"20181017021602","is_ascension_mode":true,"campfire_choices":[{"data":"Zap","floor":6,"key":"SMITH"},{"data":"Hologram","floor":10,"key":"SMITH"},{"data":"Hologram","floor":12,"key":"SMITH"},{"floor":15,"key":"REST"},{"floor":23,"key":"REST"}],"neow_cost":"","seed_source_timestamp":197898950779948,"circlet_count":0,"master_deck":["Defend_B","Defend_B","Defend_B","Zap+1","Dualcast","Hologram+1","Leap","Conserve Battery","Reboot","Hologram+1","Go for the Eyes","Buffer+1","Scrape","Gash","Bite","Bite","Bite","Bite","Bite","Rebound","Scrape+1"],"relics":["Cracked Core","Peace Pipe","Mummified Hand","Dead Branch","Smiling Mask","Tiny House"],"potions_floor_usage":[3,16,18,22,22],"damage_taken":[{"damage":0,"enemies":"Cultist","floor":1,"turns":4},{"damage":0,"enemies":"2 Louse","floor":2,"turns":2},{"damage":0,"enemies":"Small Slimes","floor":3,"turns":2},{"damage":43,"enemies":"Gremlin Nob","floor":7,"turns":5},{"damage":7,"enemies":"Exordium Wildlife","floor":8,"turns":4},{"damage":0,"enemies":"Looter","floor":13,"turns":4},{"damage":20,"enemies":"The Guardian","floor":16,"turns":16},{"damage":29,"enemies":"3 Byrds","floor":18,"turns":5},{"damage":26,"enemies":"Chosen","floor":21,"turns":6},{"damage":49,"enemies":"3 Cultists","floor":22,"turns":6},{"damage":42,"enemies":"Gremlin Leader","floor":24,"turns":3}],"seed_played":"-443534033314673144","potions_obtained":[{"floor":1,"key":"Explosive Potion"},{"floor":13,"key":"Explosive Potion"},{"floor":16,"key":"Dexterity Potion"},{"floor":17,"key":"LiquidBronze"},{"floor":18,"key":"AttackPotion"}],"is_trial":false,"path_per_floor":["M","M","M","T","?","R","E","M","T","R","$","R","M","?","R","B",null,"M","?","?","M","M","R"],"character_chosen":"DEFECT","items_purchased":["Blood Vial"],"campfire_rested":2,"item_purchase_floors":[11],"current_hp_per_floor":[68,68,68,68,68,68,25,18,18,18,18,18,20,20,42,24,67,40,40,40,36,5,29,0],"gold":150,"neow_bonus":"","is_prod":false,"is_daily":false,"chose_seed":false,"campfire_upgraded":3,"win_rate":0,"timestamp":1539767762,"path_taken":["M","M","M","?","?","R","E","M","T","R","$","R","M","?","R","BOSS","M","?","?","M","?","R","E"],"build_version":"2018-10-11","purchased_purges":0,"victory":false,"max_hp_per_floor":[75,75,75,75,75,75,75,75,75,75,75,75,75,75,75,75,80,80,80,80,80,80,80,80],"card_choices":[{"not_picked":["Darkness","Compile Driver"],"picked":"Hologram","floor":1},{"not_picked":["Genetic Algorithm","Go for the Eyes"],"picked":"Leap","floor":2},{"not_picked":["Leap","Storm"],"picked":"Conserve Battery","floor":3},{"not_picked":["Ball Lightning","Go for the Eyes"],"picked":"Reboot","floor":7},{"not_picked":["Cold Snap","FTL"],"picked":"Hologram","floor":8},{"not_picked":["Recycle","Sweeping Beam"],"picked":"Go for the Eyes","floor":13},{"not_picked":["Fission","Machine Learning"],"picked":"Buffer","floor":16},{"not_picked":["Sweeping Beam","Steam"],"picked":"Scrape","floor":17},{"not_picked":["Consume","Go for the Eyes+1"],"picked":"Gash","floor":18},{"not_picked":["Auto Shields","Coolheaded"],"picked":"Rebound","floor":21},{"not_picked":["Glacier","Reinforced Body+1"],"picked":"Scrape+1","floor":22}],"player_experience":287211,"relics_obtained":[{"floor":4,"key":"Peace Pipe"},{"floor":7,"key":"Dead Branch"},{"floor":9,"key":"Smiling Mask"}],"event_choices":[{"event_name":"WeMeetAgain","player_choice":"Gold","floor":5,"damage_taken":0},{"event_name":"Purifier","player_choice":"One Purge","floor":14,"damage_taken":0},{"event_name":"Vampires","player_choice":"Became a vampire (Vial)","floor":19,"damage_taken":0},{"event_name":"Beggar","player_choice":"Gave Gold","floor":20,"damage_taken":0}],"is_beta":false,"boss_relics":[{"not_picked":["Snecko Eye","Ectoplasm"],"picked":"Tiny House"}],"items_purged_floors":[],"is_endless":false,"potions_floor_spawned":[1,13,16,18],"killed_by":"Gremlin Leader","ascension_level":7}