{"path_per_floor":["M","?","?","$","?","R","M","R","T","R","M","$","T","M","R","B",null,"M","$","?","M","T","R","?","R","T","M","M","?","M","M","R"],"character_chosen":"IRONCLAD","items_purchased":["Bludgeon","Clash","Whirlwind","Offering"],"gold_per_floor":[213,313,313,98,98,98,116,116,116,146,170,19,46,59,59,180,180,200,5,5,19,65,65,65,65,65,81,104,104,118,138,138],"floor_reached":33,"campfire_rested":1,"playtime":501,"current_hp_per_floor":[80,80,64,64,44,44,42,42,42,42,48,48,48,54,54,26,80,73,73,73,63,63,63,80,80,80,62,41,41,30,32,56],"items_purged":["Defend_R","Defend_R"],"gold":138,"score":235,"play_id":"f7dc8610-5cd0-4d72-b519-62a5933e8c4b","local_time":"20180303193032","is_prod":false,"is_daily":false,"is_ascension_mode":false,"campfire_upgraded":3,"timestamp":1520073032,"path_taken":["M","?","?","$","?","R","M","R","T","R","M","?","?","?","R","BOSS","M","$","?","M","?","R","?","R","T","M","M","?","M","?","R","BOSS"],"build_version":"2018-03-01-PROD1","purchased_purges":2,"victory":false,"master_deck":["Strike_R+1","Strike_R","Strike_R+1","Strike_R","Strike_R+1","Defend_R+1","Bash","Thunderclap+1","Bludgeon+1","Clash","Clash","Whirlwind+1","Offering","Seeing Red+1"],"max_hp_per_floor":[80,80,80,80,80,80,80,80,80,80,80,80,80,80,80,80,80,80,80,80,80,80,80,80,80,80,80,80,80,80,80,80],"relics":["Burning Blood","Golden Idol","Shovel","Tiny Chest","Omamori","Art of War","Black Star","Whetstone","Ginger","Girya"],"card_choices":[{"not_picked":["Blood for Blood","Wild Strike"],"picked":"Thunderclap"},{"not_picked":["Headbutt","Thunderclap"],"picked":"Clash"},{"not_picked":["Reckless Charge","Second Wind"],"picked":"Seeing Red"}],"player_experience":252053,"potions_floor_usage":[33],"damage_taken":[{"damage":6.0,"enemies":"Cultist","floor":1.0,"turns":3.0},{"damage":8.0,"enemies":"2 Louse","floor":7.0,"turns":3.0},{"damage":0.0,"enemies":"Jaw Worm","floor":11.0,"turns":1.0},{"damage":0.0,"enemies":"2 Fungi Beasts","floor":14.0,"turns":2.0},{"damage":34.0,"enemies":"The Guardian","floor":16.0,"turns":6.0},{"damage":13.0,"enemies":"3 Byrds","floor":18.0,"turns":4.0},{"damage":16,"enemies":"2 Thieves","floor":21,"turns":3},{"damage":24,"enemies":"Centurion and Healer","floor":27,"turns":3},{"damage":27,"enemies":"Snecko","floor":28,"turns":4},{"damage":17,"enemies":"Snake Plant","floor":30,"turns":2},{"damage":4,"enemies":"Chosen and Byrds","floor":31,"turns":3},{"damage":76,"enemies":"Collector","floor":33,"turns":6}],"event_choices":[{"event_name":"Golden Shrine","player_choice":"Pray","floor":2.0,"damage_taken":0.0},{"event_name":"Shining Light","player_choice":"Entered Light","floor":3.0,"damage_taken":0.0},{"event_name":"Golden Idol","player_choice":"Take Damage","floor":5.0,"damage_taken":0.0},{"event_name":"Back to Basics","player_choice":"Elegance","floor":20,"damage_taken":0},{"event_name":"The Library","player_choice":"Heal","floor":24,"damage_taken":0},{"event_name":"Vampires","player_choice":"Ignored","floor":29,"damage_taken":0}],"boss_relics":[],"potions_floor_spawned":[11,16,18,21,27],"seed_played":"-2071029055867854683","killed_by":"Collector","ascension_level":0,"is_trial":false}