{"gold_per_floor":[119,134,148,148,163,163,194,212,239,239,258,258,269,296,296,398,398,412,431,481,481,94,94,113,148,148,160,204,232,274,296,308,421,433,456,482,326,373,373,408,408,433,433,448,476,476,476,489,489,489,489,489,92,117,117],"floor_reached":55,"playtime":4150,"items_purged":["Strike_G","Pain","Strike_G"],"score":918,"play_id":"db7bde7a-3666-42e8-ba96-73b1694b5f4c","local_time":"20190220220324","is_ascension_mode":true,"campfire_choices":[{"floor":6,"key":"REST"},{"data":"Infinite Blades","floor":12,"key":"SMITH"},{"data":"Accuracy","floor":15,"key":"SMITH"},{"data":"After Image","floor":23,"key":"SMITH"},{"data":"Finisher","floor":27,"key":"SMITH"},{"floor":32,"key":"RECALL"},{"data":"Footwork","floor":41,"key":"SMITH"},{"data":"Night Terror","floor":47,"key":"SMITH"},{"data":"Cloak And Dagger","floor":49,"key":"SMITH"},{"data":"PiercingWail","floor":52,"key":"SMITH"}],"neow_cost":"PERCENT_DAMAGE","seed_source_timestamp":525872642561834,"circlet_count":0,"master_deck":["Defend_G","Defend_G+1","Defend_G","Defend_G","Strike_G+1","Strike_G","Strike_G","Survivor","Neutralize","Infinite Blades+1","Accuracy+1","Acrobatics","Poisoned Stab","After Image+1","Blur","Dodge and Roll","PiercingWail+1","Malaise","Finisher+1","Infinite Blades+1","Leg Sweep","PiercingWail","All Out Attack","Cloak And Dagger","Cloak And Dagger+1","Night Terror+1","Doubt","Decay","Backflip+1","Accuracy+1","Footwork+1","Bandage Up","Caltrops+1","Cloak And Dagger+1","Infinite Blades"],"relics":["Ring of the Snake","Du-Vu Doll","Mango","Anchor","Centennial Puzzle","Eternal Feather","Bronze Scales","Ninja Scroll","Bag of Marbles","MawBank","Mummified Hand","Gremlin Horn","Calling Bell","Turnip","Ancient Tea Set","Pantograph","Ice Cream","Pocketwatch","Tingsha","Omamori","Vajra","Pen Nib"],"potions_floor_usage":[7,11,16,16,18,25,33,33,42,55,55,55],"damage_taken":[{"damage":2,"enemies":"Jaw Worm","floor":1,"turns":5},{"damage":1,"enemies":"2 Louse","floor":2,"turns":3},{"damage":4,"enemies":"Cultist","floor":3,"turns":3},{"damage":2,"enemies":"Blue Slaver","floor":5,"turns":5},{"damage":12,"enemies":"3 Sentries","floor":7,"turns":11},{"damage":0,"enemies":"Red Slaver","floor":8,"turns":5},{"damage":4,"enemies":"Gremlin Gang","floor":11,"turns":5},{"damage":0,"enemies":"3 Louse","floor":13,"turns":5},{"damage":7,"enemies":"Lagavulin","floor":14,"turns":9},{"damage":22,"enemies":"Slime Boss","floor":16,"turns":8},{"damage":0,"enemies":"3 Byrds","floor":18,"turns":5},{"damage":16,"enemies":"Spheric Guardian","floor":19,"turns":6},{"damage":9,"enemies":"Centurion and Healer","floor":24,"turns":5},{"damage":7,"enemies":"Gremlin Leader","floor":25,"turns":8},{"damage":6,"enemies":"Book of Stabbing","floor":28,"turns":5},{"damage":0,"enemies":"3 Cultists","floor":29,"turns":4},{"damage":0,"enemies":"Gremlin Leader","floor":30,"turns":6},{"damage":4,"enemies":"Sentry and Sphere","floor":31,"turns":4},{"damage":53,"enemies":"Champ","floor":33,"turns":12},{"damage":2,"enemies":"3 Shapes","floor":35,"turns":4},{"damage":2,"enemies":"Orb Walker","floor":36,"turns":2},{"damage":0,"enemies":"2 Orb Walkers","floor":38,"turns":4},{"damage":0,"enemies":"Reptomancer","floor":40,"turns":7},{"damage":36,"enemies":"Giant Head","floor":42,"turns":7},{"damage":4,"enemies":"Maw","floor":44,"turns":6},{"damage":27,"enemies":"Nemesis","floor":45,"turns":7},{"damage":0,"enemies":"Sphere and 2 Shapes","floor":48,"turns":3},{"damage":15,"enemies":"Donu and Deca","floor":50,"turns":7},{"damage":36,"enemies":"Shield and Spear","floor":54,"turns":5},{"damage":85,"enemies":"The Heart","floor":55,"turns":8}],"seed_played":"7884750365467929214","potions_obtained":[{"floor":3,"key":"Regen Potion"},{"floor":5,"key":"Energy Potion"},{"floor":8,"key":"FearPotion"},{"floor":10,"key":"Energy Potion"},{"floor":11,"key":"FearPotion"},{"floor":16,"key":"LiquidBronze"},{"floor":24,"key":"Fruit Juice"},{"floor":25,"key":"Dexterity Potion"},{"floor":28,"key":"Energy Potion"},{"floor":33,"key":"AttackPotion"},{"floor":36,"key":"Swift Potion"},{"floor":38,"key":"SkillPotion"},{"floor":45,"key":"Block Potion"}],"is_trial":false,"path_per_floor":["M","M","M","?","M","R","E","M","T","?","M","R","M","E","R","B",null,"M","M","T","?","$","R","M","E","T","R","E","M","E","M","R","B",null,"M","M","$","?","?","E","R","E","T","M","E","?","R","M","R","B",null,"R","$","E","B"],"character_chosen":"THE_SILENT","items_purchased":["Ninja Scroll","Leg Sweep","Footwork","Vajra","Strength Potion","Infinite Blades"],"campfire_rested":1,"item_purchase_floors":[22,22,37,53,53,53],"current_hp_per_floor":[47,46,42,28,26,47,64,64,64,64,60,60,60,53,53,31,84,84,68,68,68,68,80,71,69,69,84,78,78,78,74,89,36,89,87,85,85,85,85,89,89,57,57,57,34,34,52,56,77,78,89,89,89,53,0],"gold":117,"neow_bonus":"ONE_RARE_RELIC","is_prod":false,"is_daily":false,"chose_seed":false,"campfire_upgraded":8,"win_rate":0,"timestamp":1550718204,"path_taken":["M","M","M","?","M","R","E","M","T","?","M","R","M","E","R","BOSS","M","M","?","?","$","R","M","E","T","R","E","?","E","M","R","BOSS","M","?","$","?","?","E","R","E","T","M","E","?","R","?","R","BOSS","R","$","E","BOSS"],"build_version":"2019-01-23","purchased_purges":3,"victory":false,"max_hp_per_floor":[70,70,70,70,70,70,84,84,84,84,84,84,84,84,84,84,84,84,84,84,84,84,84,84,89,89,89,89,89,89,89,89,89,89,89,89,89,89,89,89,89,89,89,89,89,89,89,89,89,89,89,89,89,89,89],"card_choices":[{"not_picked":["Blade Dance","Masterful Stab"],"picked":"Infinite Blades","floor":1},{"not_picked":["Blade Dance","Sucker Punch"],"picked":"Accuracy","floor":2},{"not_picked":["Masterful Stab","Dagger Throw"],"picked":"Acrobatics","floor":3},{"not_picked":["Skewer","Concentrate"],"picked":"Poisoned Stab","floor":5},{"not_picked":["Acrobatics","Outmaneuver"],"picked":"After Image","floor":7},{"not_picked":["Poisoned Stab","Expertise"],"picked":"Blur","floor":8},{"not_picked":["Riddle With Holes","Outmaneuver"],"picked":"Dodge and Roll","floor":11},{"not_picked":["Crippling Poison","Underhanded Strike"],"picked":"PiercingWail","floor":13},{"not_picked":["Deflect","Outmaneuver","Distraction"],"picked":"SKIP","floor":14},{"not_picked":["Grand Finale","Glass Knife"],"picked":"Malaise","floor":16},{"not_picked":["Deflect+1","Accuracy+1"],"picked":"Finisher","floor":18},{"not_picked":["Poisoned Stab","Acrobatics","Riddle With Holes"],"picked":"SKIP","floor":19},{"not_picked":["Reflex","Crippling Poison"],"picked":"PiercingWail","floor":24},{"not_picked":["Distraction","Bane"],"picked":"All Out Attack","floor":25},{"not_picked":["Flying Knee+1","Blur","Tactician"],"picked":"SKIP","floor":28},{"not_picked":["Dagger Throw","Bane"],"picked":"Cloak And Dagger","floor":29},{"not_picked":["Masterful Stab","Sucker Punch"],"picked":"Cloak And Dagger+1","floor":30},{"not_picked":["Dagger Spray+1","Eviscerate","Concentrate"],"picked":"SKIP","floor":31},{"not_picked":["A Thousand Cuts","Venomology"],"picked":"Night Terror","floor":33},{"not_picked":["Quick Slash","Dagger Throw+1"],"picked":"Backflip+1","floor":35},{"not_picked":["Cloak And Dagger+1","Storm of Steel"],"picked":"Accuracy+1","floor":36},{"not_picked":["Jack Of All Trades","Mind Blast"],"picked":"Bandage Up","floor":39},{"not_picked":["Sucker Punch+1","Flechettes","Acrobatics"],"picked":"SKIP","floor":40},{"not_picked":["PiercingWail+1","Deadly Poison+1"],"picked":"Caltrops+1","floor":42},{"not_picked":["Bane","Concentrate","Dagger Throw"],"picked":"SKIP","floor":44},{"not_picked":["Reflex","Bouncing Flask+1","Expertise"],"picked":"SKIP","floor":45},{"not_picked":["Concentrate+1","Quick Slash+1"],"picked":"Cloak And Dagger","floor":48},{"not_picked":["Outmaneuver","Deadly Poison+1","Dagger Spray+1"],"picked":"SKIP","floor":54}],"player_experience":210422,"relics_obtained":[{"floor":7,"key":"Mango"},{"floor":9,"key":"Anchor"},{"floor":14,"key":"Centennial Puzzle"},{"floor":20,"key":"Bronze Scales"},{"floor":25,"key":"Bag of Marbles"},{"floor":26,"key":"MawBank"},{"floor":28,"key":"Mummified Hand"},{"floor":30,"key":"Gremlin Horn"},{"floor":34,"key":"Turnip"},{"floor":34,"key":"Ancient Tea Set"},{"floor":34,"key":"Pantograph"},{"floor":38,"key":"Ice Cream"},{"floor":40,"key":"Pocketwatch"},{"floor":42,"key":"Tingsha"},{"floor":45,"key":"Omamori"},{"floor":54,"key":"Pen Nib"}],"event_choices":[{"damage_healed":0,"gold_gain":0,"player_choice":"Entered Light","damage_taken":14,"max_hp_gain":0,"max_hp_loss":0,"event_name":"Shining Light","floor":4,"gold_loss":0,"cards_upgraded":["Strike_G","Defend_G"]},{"damage_healed":0,"gold_gain":0,"player_choice":"Got Potions","damage_taken":0,"max_hp_gain":0,"max_hp_loss":0,"event_name":"Lab","floor":10,"gold_loss":0},{"damage_healed":0,"gold_gain":0,"player_choice":"Copied","damage_taken":0,"max_hp_gain":0,"max_hp_loss":0,"event_name":"Duplicator","floor":21,"gold_loss":0,"cards_obtained":["Infinite Blades"]},{"damage_healed":0,"gold_gain":0,"player_choice":"Fight","damage_taken":0,"max_hp_gain":0,"max_hp_loss":0,"event_name":"Mysterious Sphere","floor":38,"gold_loss":0},{"damage_healed":0,"gold_gain":0,"player_choice":"Memory 1","damage_taken":0,"max_hp_gain":0,"max_hp_loss":0,"event_name":"SensoryStone","floor":39,"gold_loss":0},{"cards_removed":["Defend_G"],"damage_healed":0,"gold_gain":0,"player_choice":"Purged","damage_taken":0,"max_hp_gain":0,"max_hp_loss":0,"event_name":"Purifier","floor":46,"gold_loss":0}],"is_beta":false,"boss_relics":[{"not_picked":["Astrolabe","Lizard Tail"],"picked":"Eternal Feather"},{"not_picked":["Sozu","Ring of the Serpent"],"picked":"Calling Bell"}],"items_purged_floors":[22,37,53],"is_endless":false,"potions_floor_spawned":[3,5,8,11,14,16,24,25,28,33,36,38,45,54],"killed_by":"The Heart","ascension_level":1}