{"gold_per_floor":[365,70,85,101,15,49,49,63,89,119,132,166,185,217,217,290,290,302,227,207,63,79,79,92,125,125,138,138,191,209,240,240,240],"floor_reached":33,"playtime":1126,"items_purged":["Regret","Strike_R"],"score":571,"play_id":"abaee15f-da19-4cea-a470-951fff562730","local_time":"20180921224247","is_ascension_mode":true,"campfire_choices":[{"data":"Heavy Blade","floor":7,"key":"SMITH"},{"data":"Spot Weakness","floor":15,"key":"SMITH"},{"data":"Dual Wield","floor":23,"key":"SMITH"},{"floor":28,"key":"REST"},{"data":"Whirlwind","floor":32,"key":"SMITH"}],"neow_cost":"CURSE","seed_source_timestamp":37497855070057,"circlet_count":0,"master_deck":["Strike_R","Strike_R+1","Strike_R","Strike_R","Defend_R","Defend_R","Defend_R","Bash","AscendersBane","Clash","Spot Weakness+1","Heavy Blade+1","Dual Wield+1","Iron Wave+1","Thunderclap","Shrug It Off","Fiend Fire","Battle Trance","Burning Pact","Twin Strike","Wild Strike+1","Shockwave+1","Whirlwind+1"],"relics":["Burning Blood","Tiny Chest","Boot","Regal Pillow","Anchor","Red Skull","Dream Catcher","Thread and Needle","Velvet Choker","Orichalcum","Juzu Bracelet","Whetstone","Bag of Marbles"],"potions_floor_usage":[10,16,25,31,33,33],"damage_taken":[{"damage":8,"enemies":"Jaw Worm","floor":1,"turns":5},{"damage":6,"enemies":"Cultist","floor":3,"turns":3},{"damage":7,"enemies":"Small Slimes","floor":4,"turns":4},{"damage":30,"enemies":"Lagavulin","floor":6,"turns":7},{"damage":7,"enemies":"Exordium Thugs","floor":8,"turns":5},{"damage":10,"enemies":"Gremlin Nob","floor":10,"turns":5},{"damage":10,"enemies":"Large Slime","floor":11,"turns":4},{"damage":5,"enemies":"3 Sentries","floor":12,"turns":4},{"damage":0,"enemies":"Blue Slaver","floor":13,"turns":2},{"damage":34,"enemies":"Gremlin Nob","floor":14,"turns":5},{"damage":12,"enemies":"Hexaghost","floor":16,"turns":7},{"damage":0,"enemies":"2 Thieves","floor":18,"turns":4},{"damage":2,"enemies":"Spheric Guardian","floor":22,"turns":3},{"damage":14,"enemies":"Snake Plant","floor":24,"turns":3},{"damage":17,"enemies":"Slavers","floor":25,"turns":6},{"damage":38,"enemies":"Sentry and Sphere","floor":27,"turns":6},{"damage":13,"enemies":"Snecko","floor":30,"turns":4},{"damage":22,"enemies":"Book of Stabbing","floor":31,"turns":4},{"damage":43,"enemies":"Champ","floor":33,"turns":7}],"seed_played":"5675460197085562742","potions_obtained":[{"floor":6,"key":"Weak Potion"},{"floor":10,"key":"Strength Potion"},{"floor":11,"key":"FairyPotion"},{"floor":18,"key":"LiquidBronze"},{"floor":20,"key":"SteroidPotion"},{"floor":30,"key":"LiquidBronze"},{"floor":31,"key":"SpeedPotion"}],"is_trial":false,"path_per_floor":["M","$","M","M","?","E","R","M","T","E","M","E","M","E","R","B",null,"M","?","?","$","M","R","M","E","T","M","R","T","M","E","R"],"character_chosen":"IRONCLAD","items_purchased":["Spot Weakness","Tiny Chest","Burning Pact"],"campfire_rested":1,"item_purchase_floors":[2,2,21],"current_hp_per_floor":[66,66,66,65,65,41,41,40,40,36,32,33,39,11,11,13,60,66,66,66,66,70,70,62,51,51,19,56,56,49,33,33,0],"gold":240,"neow_bonus":"TWO_FIFTY_GOLD","is_prod":false,"is_daily":false,"chose_seed":false,"campfire_upgraded":4,"win_rate":0,"timestamp":1537537367,"path_taken":["M","$","M","M","?","E","R","M","T","E","M","E","?","E","R","BOSS","M","?","?","$","M","R","?","E","T","M","R","?","M","E","R","BOSS"],"build_version":"2018-09-20","purchased_purges":2,"victory":false,"max_hp_per_floor":[75,75,75,75,75,75,75,75,75,75,75,75,75,75,75,75,75,75,75,75,75,75,75,75,75,75,75,75,75,75,75,75,75],"card_choices":[{"not_picked":["Heavy Blade","Spot Weakness"],"picked":"Clash","floor":1},{"not_picked":["Anger","Pommel Strike"],"picked":"Heavy Blade","floor":3},{"not_picked":["Heavy Blade","Power Through"],"picked":"Dual Wield","floor":4},{"not_picked":["Perfected Strike","Dual Wield"],"picked":"Iron Wave","floor":6},{"not_picked":["Searing Blow","Rupture","Heavy Blade"],"picked":"SKIP","floor":8},{"not_picked":["Impervious","Warcry"],"picked":"Thunderclap","floor":10},{"not_picked":["Clothesline","Anger"],"picked":"Shrug It Off","floor":11},{"not_picked":["Entrench","Reckless Charge","Perfected Strike"],"picked":"SKIP","floor":12},{"not_picked":["Cleave","Berserk","Body Slam"],"picked":"SKIP","floor":13},{"not_picked":["Perfected Strike","Seeing Red","Warcry"],"picked":"SKIP","floor":14},{"not_picked":["Brutality","Impervious"],"picked":"Fiend Fire","floor":16},{"not_picked":["Rage+1","Disarm"],"picked":"Battle Trance","floor":18},{"not_picked":["Seeing Red","Thunderclap"],"picked":"Twin Strike","floor":22},{"not_picked":["Shockwave","Sword Boomerang","Anger"],"picked":"SKIP","floor":24},{"not_picked":["Dual Wield","Shrug It Off","Bludgeon"],"picked":"SKIP","floor":25},{"not_picked":["Wild Strike","Carnage","Perfected Strike"],"picked":"SKIP","floor":27},{"not_picked":["Perfected Strike","Armaments"],"picked":"Wild Strike+1","floor":28},{"not_picked":["True Grit","Fire Breathing"],"picked":"Shockwave+1","floor":30},{"not_picked":["Headbutt","Dropkick"],"picked":"Whirlwind","floor":31}],"player_experience":665850,"relics_obtained":[{"floor":6,"key":"Regal Pillow"},{"floor":9,"key":"Anchor"},{"floor":10,"key":"Red Skull"},{"floor":12,"key":"Dream Catcher"},{"floor":14,"key":"Thread and Needle"},{"floor":25,"key":"Orichalcum"},{"floor":26,"key":"Juzu Bracelet"},{"floor":29,"key":"Whetstone"},{"floor":31,"key":"Bag of Marbles"}],"event_choices":[{"event_name":"WeMeetAgain","player_choice":"Gold","floor":5,"damage_taken":0},{"event_name":"Beggar","player_choice":"Gave Gold","floor":19,"damage_taken":0},{"event_name":"The Woman in Blue","player_choice":"Bought 1 Potion","floor":20,"damage_taken":0}],"is_beta":false,"boss_relics":[{"not_picked":["Coffee Dripper","Busted Crown"],"picked":"Velvet Choker"}],"items_purged_floors":[2,21],"is_endless":false,"potions_floor_spawned":[6,10,11,14,18,30,31],"killed_by":"Champ","ascension_level":16}