{"gold_per_floor":[118,129,129,279,292,292,22,22,48,6,6,18,45,45,45,119,119,71,71,32,48,64,64,64],"floor_reached":24,"playtime":782,"items_purged":["Doubt"],"score":388,"play_id":"ae6616b5-2d52-4574-a91e-19fbe5154f7e","local_time":"20181103225546","is_ascension_mode":true,"campfire_choices":[{"floor":6.0,"key":"REST"},{"data":"Defragment","floor":11.0,"key":"SMITH"},{"floor":15,"key":"REST"},{"data":"Defragment","floor":23,"key":"SMITH"}],"neow_cost":"NONE","seed_source_timestamp":181971369508925,"circlet_count":0,"master_deck":["AscendersBane","Strike_B","Strike_B+1","Strike_B+1","Defend_B","Defend_B","Defend_B","Defend_B+1","Zap","Dualcast","Conserve Battery","Defragment+1","Bandage Up","Chill","Cold Snap","Cold Snap+1","Go for the Eyes","Buffer","Defragment+1","Writhe","Loop","Defragment","Hologram+1"],"special_seed":0,"relics":["Cracked Core","Dream Catcher","Shuriken","Whetstone","Strawberry","White Beast Statue","Boot"],"potions_floor_usage":[24],"damage_taken":[{"damage":10.0,"enemies":"Small Slimes","floor":1.0,"turns":3.0},{"damage":14.0,"enemies":"Jaw Worm","floor":2.0,"turns":4.0},{"damage":1.0,"enemies":"2 Louse","floor":5.0,"turns":3.0},{"damage":2.0,"enemies":"2 Fungi Beasts","floor":12.0,"turns":4.0},{"damage":17.0,"enemies":"3 Sentries","floor":13.0,"turns":7.0},{"damage":15,"enemies":"The Guardian","floor":16,"turns":12},{"damage":5,"enemies":"2 Thieves","floor":18,"turns":5},{"damage":0,"enemies":"Chosen","floor":21,"turns":7},{"damage":22,"enemies":"Snake Plant","floor":22,"turns":5},{"damage":64,"enemies":"Slavers","floor":24,"turns":3}],"seed_played":"1783681277815135206","potions_obtained":[{"floor":5.0,"key":"PowerPotion"},{"floor":12.0,"key":"Energy Potion"},{"floor":18,"key":"FearPotion"},{"floor":21,"key":"Energy Potion"},{"floor":22,"key":"Strength Potion"}],"is_trial":false,"path_per_floor":["M","M","?","?","M","R","$","T","T","$","R","M","E","?","R","B",null,"M","?","$","M","M","R","E"],"character_chosen":"DEFECT","items_purchased":["Defragment","Bandage Up","Chill","Loop"],"campfire_rested":2,"item_purchase_floors":[7,7,10,20],"current_hp_per_floor":[54,40,33,33,32,53,53,53,53,53,53,55,49,26,49,38,68,67,67,67,71,53,53,0],"gold":64,"neow_bonus":"RANDOM_COMMON_RELIC","is_prod":false,"is_daily":false,"chose_seed":false,"campfire_upgraded":2,"win_rate":0,"timestamp":1541310946,"path_taken":["M","M","?","?","M","R","$","?","T","$","R","M","E","?","R","BOSS","M","?","$","M","M","R","E"],"build_version":"2018-11-01","purchased_purges":1,"victory":false,"max_hp_per_floor":[71,71,71,71,71,71,71,71,71,71,71,71,78,78,78,78,78,78,78,78,78,78,78,78],"card_choices":[{"not_picked":["Stack","Compile Driver","Steam"],"picked":"SKIP","floor":1.0},{"not_picked":["Barrage","Aggregate","Steam"],"picked":"SKIP","floor":2.0},{"not_picked":["Sweeping Beam","Redo"],"picked":"Conserve Battery","floor":5.0},{"not_picked":["Storm","Barrage"],"picked":"Cold Snap","floor":12.0},{"not_picked":["All For One","Leap"],"picked":"Cold Snap","floor":13.0},{"not_picked":["Barrage","Darkness"],"picked":"Go for the Eyes","floor":15},{"not_picked":["Thunder Strike","Creative AI"],"picked":"Buffer","floor":16},{"not_picked":["Hello World","Coolheaded"],"picked":"Defragment","floor":18},{"not_picked":["Streamline","Cold Snap"],"picked":"Defragment","floor":21},{"not_picked":["All For One","Ball Lightning"],"picked":"Hologram+1","floor":22}],"player_experience":606320,"relics_obtained":[{"floor":8.0,"key":"Shuriken"},{"floor":9.0,"key":"Whetstone"},{"floor":13.0,"key":"Strawberry"}],"event_choices":[{"cards_removed":["Strike_B"],"damage_healed":0.0,"max_hp_gain":0.0,"max_hp_loss":0.0,"gold_gain":0.0,"event_name":"Golden Wing","player_choice":"Card Removal","floor":3.0,"gold_loss":0.0,"damage_taken":7.0},{"damage_healed":0.0,"max_hp_gain":0.0,"max_hp_loss":0.0,"gold_gain":150.0,"event_name":"Liars Game","player_choice":"AGREE","floor":4.0,"gold_loss":0.0,"damage_taken":0.0,"cards_obtained":["Doubt"]},{"damage_healed":0.0,"max_hp_gain":0.0,"max_hp_loss":0.0,"gold_gain":0.0,"event_name":"Shining Light","player_choice":"Entered Light","floor":14.0,"gold_loss":0.0,"damage_taken":23.0,"cards_upgraded":["Cold Snap","Defend_B"]},{"damage_healed":0,"gold_gain":0,"player_choice":"Opened","damage_taken":0,"relics_obtained":["Boot"],"max_hp_gain":0,"max_hp_loss":0,"event_name":"The Mausoleum","floor":19,"gold_loss":0,"cards_obtained":["Writhe"]}],"is_beta":false,"boss_relics":[{"not_picked":["Calling Bell","Tiny House"],"picked":"White Beast Statue"}],"items_purged_floors":[7],"is_endless":false,"potions_floor_spawned":[5,12,18,21,22],"killed_by":"Slavers","ascension_level":20}