{"gold_per_floor":[115,14,14,14,14,55,76,112,112,112,12,51,67,101,101,101],"floor_reached":16,"playtime":1008,"items_purged":["Strike_R","Strike_R"],"score":166,"play_id":"42705ef2-db45-4964-ae18-6ba11fe34688","local_time":"20190125175005","is_ascension_mode":true,"campfire_choices":[{"floor":10,"key":"RECALL"},{"data":"Strike_R","floor":15,"key":"PURGE"}],"neow_cost":"NONE","seed_source_timestamp":134869268119198,"circlet_count":0,"master_deck":["Strike_R","Strike_R","Defend_R","Defend_R","Defend_R","Cleave","Armaments","Iron Wave","Fiend Fire","Wild Strike","Dual Wield+1","Ghostly Armor+1"],"relics":["Burning Blood","NeowsBlessing","Golden Idol","Turnip","Toxic Egg 2","Shuriken","Mummified Hand","Peace Pipe"],"potions_floor_usage":[8],"damage_taken":[{"damage":0,"enemies":"Jaw Worm","floor":1,"turns":1},{"damage":0,"enemies":"3 Sentries","floor":6,"turns":1},{"damage":0,"enemies":"2 Louse","floor":7,"turns":1},{"damage":38,"enemies":"Lagavulin","floor":8,"turns":14},{"damage":14,"enemies":"3 Sentries","floor":12,"turns":7},{"damage":1,"enemies":"Cultist","floor":13,"turns":3},{"damage":30,"enemies":"Lagavulin","floor":14,"turns":10},{"damage":21,"enemies":"The Guardian","floor":16,"turns":15}],"seed_played":"-8794111139004345083","potions_obtained":[{"floor":6,"key":"AttackPotion"},{"floor":14,"key":"Swift Potion"}],"is_trial":false,"path_per_floor":["M","$","?","?","?","E","M","E","T","R","$","E","M","E","R","B"],"character_chosen":"IRONCLAD","items_purchased":["Armaments"],"campfire_rested":0,"item_purchase_floors":[2],"current_hp_per_floor":[80,80,80,73,73,74,74,42,42,42,42,34,39,15,15,0],"gold":101,"neow_bonus":"THREE_ENEMY_KILL","is_prod":false,"is_daily":false,"chose_seed":false,"campfire_upgraded":0,"win_rate":0,"timestamp":1548456605,"path_taken":["M","$","?","?","?","E","?","E","T","R","$","E","M","E","R","BOSS"],"build_version":"2019-01-23","purchased_purges":2,"victory":false,"max_hp_per_floor":[80,80,80,80,74,74,74,74,74,74,74,74,74,74,74,74],"card_choices":[{"not_picked":["Twin Strike","Headbutt"],"picked":"Cleave","floor":1},{"not_picked":["True Grit","Armaments"],"picked":"Iron Wave","floor":6},{"not_picked":["True Grit","Inflame"],"picked":"Fiend Fire","floor":7},{"not_picked":["Warcry","Headbutt"],"picked":"Wild Strike","floor":8},{"not_picked":["Metallicize","Wild Strike"],"picked":"Dual Wield+1","floor":12},{"not_picked":["Clothesline","Iron Wave"],"picked":"Ghostly Armor+1","floor":13},{"not_picked":["Thunderclap","Clothesline","Bloodletting+1"],"picked":"SKIP","floor":14}],"player_experience":137643,"relics_obtained":[{"floor":6,"key":"Turnip"},{"floor":8,"key":"Toxic Egg 2"},{"floor":9,"key":"Shuriken"},{"floor":12,"key":"Mummified Hand"},{"floor":14,"key":"Peace Pipe"}],"event_choices":[{"cards_removed":["Bash"],"damage_healed":0,"gold_gain":0,"player_choice":"Forget","damage_taken":0,"max_hp_gain":0,"max_hp_loss":0,"event_name":"Living Wall","floor":3,"gold_loss":0},{"cards_removed":["Defend_R"],"damage_healed":0,"gold_gain":0,"player_choice":"Card Removal","damage_taken":7,"max_hp_gain":0,"max_hp_loss":0,"event_name":"Golden Wing","floor":4,"gold_loss":0},{"damage_healed":0,"gold_gain":0,"player_choice":"Lose Max HP","damage_taken":0,"relics_obtained":["Golden Idol"],"max_hp_gain":0,"max_hp_loss":6,"event_name":"Golden Idol","floor":5,"gold_loss":0}],"is_beta":false,"boss_relics":[],"items_purged_floors":[2,11],"is_endless":false,"potions_floor_spawned":[6,14],"killed_by":"The Guardian","ascension_level":2}