{"gold_per_floor":[366,62,74,74,94,128,128,128,128,128,142,142,168,179,179,282,282,301,47,79,96,96,96,129,129,129,129,146,65,65,76,76,76],"floor_reached":33,"playtime":1731,"items_purged":["Injury","Defend_B"],"score":273,"play_id":"98e44b3b-a552-44eb-bf84-8ad806f5ae9e","local_time":"20181212230829","is_ascension_mode":false,"campfire_choices":[{"data":"Double Energy","floor":12,"key":"SMITH"},{"floor":15,"key":"REST"},{"floor":23,"key":"REST"},{"floor":25,"key":"REST"},{"floor":30,"key":"REST"},{"floor":32,"key":"REST"}],"neow_cost":"CURSE","seed_source_timestamp":1124783190304882,"circlet_count":0,"master_deck":["Strike_B","Strike_B","Strike_B","Strike_B","Defend_B","Defend_B","Defend_B","Zap","Dualcast","Go for the Eyes","Redo","Barrage","Streamline","Barrage","Sweeping Beam","Double Energy+1","Ball Lightning","Stack","Echo Form+1","Ball Lightning","Rebound","Leap","Go for the Eyes+1","Redo","Capacitor+1","Conserve Battery","Rebound"],"relics":["Cracked Core","Blood Vial","FossilizedHelix","Nunchaku","Frozen Egg 2","Blue Candle","Bottled Flame","Busted Crown","Red Mask","Ancient Tea Set","Incense Burner"],"potions_floor_usage":[6,18,20,24,28],"damage_taken":[{"damage":0,"enemies":"Small Slimes","floor":1,"turns":3},{"damage":3,"enemies":"Jaw Worm","floor":3,"turns":3},{"damage":0,"enemies":"2 Louse","floor":5,"turns":2},{"damage":13,"enemies":"Gremlin Nob","floor":6,"turns":4},{"damage":0,"enemies":"Red Slaver","floor":11,"turns":3},{"damage":20,"enemies":"3 Sentries","floor":13,"turns":7},{"damage":4,"enemies":"2 Fungi Beasts","floor":14,"turns":3},{"damage":12,"enemies":"Slime Boss","floor":16,"turns":7},{"damage":0,"enemies":"Spheric Guardian","floor":18,"turns":3},{"damage":23,"enemies":"Masked Bandits","floor":20,"turns":4},{"damage":26,"enemies":"2 Thieves","floor":21,"turns":4},{"damage":37,"enemies":"Slavers","floor":24,"turns":5},{"damage":11,"enemies":"Snake Plant","floor":28,"turns":4},{"damage":24,"enemies":"Cultist and Chosen","floor":31,"turns":5},{"damage":59,"enemies":"Champ","floor":33,"turns":10}],"seed_played":"-712623763967084340","potions_obtained":[{"floor":3,"key":"PowerPotion"},{"floor":6,"key":"Ancient Potion"},{"floor":16,"key":"AttackPotion"},{"floor":18,"key":"EssenceOfSteel"},{"floor":20,"key":"Dexterity Potion"},{"floor":21,"key":"FocusPotion"}],"is_trial":false,"path_per_floor":["M","$","M","?","M","E","T","?","T","?","M","R","E","M","R","B",null,"M","$","?","M","$","R","E","R","T","?","M","$","R","M","R","B"],"character_chosen":"DEFECT","items_purchased":["Redo","Blood Vial","Barrage","Ball Lightning","Rebound","Leap","Capacitor+1","Conserve Battery"],"campfire_rested":5,"item_purchase_floors":[2,2,2,19,19,19,29,29],"current_hp_per_floor":[75,75,72,72,74,62,62,62,62,62,64,64,46,44,66,56,75,75,75,52,28,28,50,15,37,37,37,28,28,50,28,50,0],"gold":76,"neow_bonus":"TWO_FIFTY_GOLD","is_prod":false,"is_daily":false,"chose_seed":false,"campfire_upgraded":1,"win_rate":0.0,"timestamp":1544674109,"path_taken":["M","$","M","?","M","E","?","?","T","?","M","R","E","M","R","BOSS","M","$","?","M","$","R","E","R","T","?","M","?","R","?","R","BOSS"],"build_version":"2018-12-06","purchased_purges":2,"victory":false,"max_hp_per_floor":[75,75,75,75,75,75,75,75,75,75,75,75,75,75,75,75,75,75,75,75,75,75,75,75,75,75,75,75,75,75,75,75,75],"card_choices":[{"not_picked":["Hologram","Cold Snap"],"picked":"Go for the Eyes","floor":1},{"not_picked":["Auto Shields","Conserve Battery"],"picked":"Streamline","floor":3},{"not_picked":["Beam Cell","Steam"],"picked":"Barrage","floor":5},{"not_picked":["Heatsinks","Compile Driver"],"picked":"Sweeping Beam","floor":6},{"not_picked":["Reinforced Body","Capacitor+1"],"picked":"Double Energy","floor":11},{"not_picked":["Seek","Stack"],"picked":"Ball Lightning","floor":13},{"not_picked":["Tempest","Compile Driver"],"picked":"Stack","floor":14},{"not_picked":["Multi-Cast","Amplify"],"picked":"Echo Form+1","floor":16},{"not_picked":["Compile Driver"],"picked":"SKIP","floor":18},{"not_picked":[],"picked":"Go for the Eyes+1","floor":20},{"not_picked":["Steam Power"],"picked":"SKIP","floor":21},{"not_picked":["Steam"],"picked":"SKIP","floor":24},{"not_picked":[],"picked":"Redo","floor":28},{"not_picked":[],"picked":"Rebound","floor":31}],"player_experience":272542,"relics_obtained":[{"floor":6,"key":"FossilizedHelix"},{"floor":7,"key":"Nunchaku"},{"floor":9,"key":"Blue Candle"},{"floor":13,"key":"Bottled Flame"},{"floor":20,"key":"Red Mask"},{"floor":24,"key":"Ancient Tea Set"},{"floor":26,"key":"Incense Burner"}],"event_choices":[{"damage_healed":0,"gold_gain":0,"player_choice":"Ignored","damage_taken":0,"max_hp_gain":0,"max_hp_loss":0,"event_name":"Liars Game","floor":4,"gold_loss":0},{"damage_healed":0,"gold_gain":0,"player_choice":"Searched \u00272\u0027 times","damage_taken":0,"relics_obtained":["Frozen Egg 2"],"max_hp_gain":0,"max_hp_loss":0,"event_name":"Dead Adventurer","floor":8,"gold_loss":0},{"damage_healed":0,"gold_gain":0,"player_choice":"Ignored","damage_taken":0,"max_hp_gain":0,"max_hp_loss":0,"event_name":"NoteForYourself","floor":10,"gold_loss":0},{"damage_healed":0,"gold_gain":0,"player_choice":"Fought Bandits","damage_taken":0,"max_hp_gain":0,"max_hp_loss":0,"event_name":"Masked Bandits","floor":20,"gold_loss":0},{"damage_healed":0,"gold_gain":0,"player_choice":"Ignored","damage_taken":0,"max_hp_gain":0,"max_hp_loss":0,"event_name":"Cursed Tome","floor":27,"gold_loss":0}],"is_beta":false,"boss_relics":[{"not_picked":["Coffee Dripper","Philosopher\u0027s Stone"],"picked":"Busted Crown"}],"items_purged_floors":[2,19],"is_endless":false,"potions_floor_spawned":[3,6,16,18,20,21],"killed_by":"Champ","ascension_level":0}