{"gold_per_floor":[118,134,309,324,20,20,45,45,45,58,58,70,97,117,117,215,265,280,280,28,42,20,47,47,81,81,81,81,101,101,101,101,101],"floor_reached":33,"playtime":3574,"items_purged":[],"score":318,"play_id":"d2bb5476-1952-46d2-8c88-a4e298d643b1","local_time":"20190305001409","is_ascension_mode":false,"campfire_choices":[{"data":"Zap","floor":6,"key":"SMITH"},{"floor":8,"key":"REST"},{"floor":15,"key":"REST"},{"floor":24,"key":"REST"},{"floor":32,"key":"REST"}],"neow_cost":"NONE","seed_source_timestamp":24996698557096,"circlet_count":0,"master_deck":["Strike_B","Strike_B","Strike_B","Strike_B","Defend_B","Defend_B","Defend_B","Defend_B","Zap+1","Dualcast","Stack","Steam Power+1","Doubt","BootSequence","Glacier","Streamline","Ball Lightning","Leap","Conserve Battery+1","Chill","Go for the Eyes","Darkness","Meteor Strike","Doom and Gloom","Redo","Ball Lightning","Capacitor","Undo","Steam Power","Rebound","Machine Learning","Defragment+1","Self Repair"],"relics":["Cracked Core","Centennial Puzzle","Gambling Chip","Question Card","Boot","Tiny House","Happy Flower","Pear","Ancient Tea Set","Bottled Tornado","Oddly Smooth Stone","MutagenicStrength"],"potions_floor_usage":[7,7,16,16,16],"damage_taken":[{"damage":1,"enemies":"Jaw Worm","floor":1,"turns":3},{"damage":1,"enemies":"Small Slimes","floor":2,"turns":4},{"damage":2,"enemies":"Cultist","floor":4,"turns":5},{"damage":17,"enemies":"Gremlin Nob","floor":7,"turns":4},{"damage":11,"enemies":"Exordium Wildlife","floor":10,"turns":5},{"damage":6,"enemies":"3 Louse","floor":12,"turns":3},{"damage":2,"enemies":"3 Sentries","floor":13,"turns":9},{"damage":0,"enemies":"2 Fungi Beasts","floor":14,"turns":3},{"damage":12,"enemies":"The Guardian","floor":16,"turns":13},{"damage":10,"enemies":"Shell Parasite","floor":18,"turns":7},{"damage":18,"enemies":"3 Byrds","floor":21,"turns":4},{"damage":43,"enemies":"Book of Stabbing","floor":23,"turns":7},{"damage":63,"enemies":"Slavers","floor":25,"turns":10},{"damage":6,"enemies":"Centurion and Healer","floor":29,"turns":7},{"damage":35,"enemies":"Automaton","floor":33,"turns":10}],"seed_played":"4891596343959820586","potions_obtained":[{"floor":1,"key":"SteroidPotion"},{"floor":4,"key":"FocusPotion"},{"floor":12,"key":"Block Potion"},{"floor":13,"key":"GamblersBrew"},{"floor":14,"key":"EssenceOfSteel"},{"floor":17,"key":"FairyPotion"},{"floor":25,"key":"GamblersBrew"},{"floor":29,"key":"PowerPotion"}],"is_trial":false,"path_per_floor":["?","?","M","?","?","?","M","T","?"],"character_chosen":"DEFECT","items_purchased":["Glacier","Centennial Puzzle","Streamline","Ball Lightning","Capacitor","Happy Flower","Undo","Rebound"],"campfire_rested":4,"item_purchase_floors":[5,5,5,5,20,20,20,22],"current_hp_per_floor":[81,80,80,78,78,78,61,82,82,71,71,65,63,63,82,70,87,77,77,77,59,59,26,55,9,9,9,9,3,3,3,32,0],"gold":101,"neow_bonus":"TEN_PERCENT_HP_BONUS","is_prod":false,"is_daily":false,"chose_seed":false,"campfire_upgraded":1,"win_rate":0.0,"timestamp":1551741249,"path_taken":["M","M","?","M","$","R","E","R","T","M","?","?","E","M","R","BOSS","M","?","$","M","$","E","R","E","T","?","?","?","?","?","R","BOSS"],"build_version":"2019-01-23","purchased_purges":0,"victory":false,"max_hp_per_floor":[82,82,82,82,82,82,82,82,82,82,82,82,82,82,82,82,87,87,87,87,87,87,97,97,97,97,97,97,97,97,97,97,97],"card_choices":[{"not_picked":["Lockon","Consume"],"picked":"Stack","floor":1},{"not_picked":["Gash","Reprogram"],"picked":"Steam Power","floor":2},{"not_picked":["Compile Driver","Sweeping Beam"],"picked":"BootSequence","floor":4},{"not_picked":["BootSequence","Conserve Battery"],"picked":"Leap","floor":7},{"not_picked":["Steam Power","Cold Snap","Compile Driver"],"picked":"Conserve Battery","floor":10},{"not_picked":["Conserve Battery","Stack","Loop"],"picked":"Chill","floor":12},{"not_picked":["Seek","Stack","Gash"],"picked":"Go for the Eyes","floor":13},{"not_picked":["Conserve Battery","Compile Driver","Leap"],"picked":"Darkness","floor":14},{"not_picked":["Biased Cognition","Fission","Multi-Cast"],"picked":"Meteor Strike","floor":16},{"not_picked":["Hologram","Heatsinks","Lockon"],"picked":"Doom and Gloom","floor":17},{"not_picked":["Doom and Gloom","FTL+1","Stack"],"picked":"Redo","floor":18},{"not_picked":["Compile Driver","Cold Snap","Turbo"],"picked":"Steam Power","floor":21},{"not_picked":["Static Discharge+1","Steam","Sweeping Beam"],"picked":"Machine Learning","floor":23},{"not_picked":["Meteor Strike","Rebound","Seek"],"picked":"Defragment+1","floor":25},{"not_picked":["Skim","Aggregate","Cold Snap"],"picked":"Self Repair","floor":29}],"player_experience":15599,"relics_obtained":[{"floor":7,"key":"Gambling Chip"},{"floor":9,"key":"Question Card"},{"floor":13,"key":"Boot"},{"floor":23,"key":"Pear"},{"floor":25,"key":"Ancient Tea Set"},{"floor":26,"key":"Bottled Tornado"}],"event_choices":[{"damage_healed":0,"gold_gain":175,"player_choice":"AGREE","damage_taken":0,"max_hp_gain":0,"max_hp_loss":0,"event_name":"Liars Game","floor":3,"gold_loss":0,"cards_obtained":["Doubt"]},{"damage_healed":0,"gold_gain":0,"player_choice":"Grow","damage_taken":0,"max_hp_gain":0,"max_hp_loss":0,"event_name":"Living Wall","floor":11,"gold_loss":0,"cards_upgraded":["Steam Power"]},{"damage_healed":0,"gold_gain":0,"player_choice":"Read","damage_taken":0,"max_hp_gain":0,"max_hp_loss":0,"event_name":"The Library","floor":19,"gold_loss":0,"cards_obtained":["Ball Lightning"]},{"damage_healed":0,"gold_gain":0,"player_choice":"Opened","damage_taken":0,"relics_obtained":["Oddly Smooth Stone"],"max_hp_gain":0,"max_hp_loss":0,"event_name":"The Mausoleum","floor":27,"gold_loss":0},{"damage_healed":0,"gold_gain":0,"player_choice":"Ignored","damage_taken":0,"max_hp_gain":0,"max_hp_loss":0,"event_name":"NoteForYourself","floor":28,"gold_loss":0},{"damage_healed":0,"gold_gain":0,"player_choice":"Inject Mutagens","damage_taken":0,"relics_obtained":["MutagenicStrength"],"max_hp_gain":0,"max_hp_loss":0,"event_name":"Drug Dealer","floor":31,"gold_loss":0}],"is_beta":false,"boss_relics":[{"not_picked":["Velvet Choker","Runic Dome"],"picked":"Tiny House"}],"items_purged_floors":[],"is_endless":false,"potions_floor_spawned":[1,4,12,13,14,25,29],"killed_by":"Automaton","ascension_level":0}