{"gold_per_floor":[117,117,16,16,16,16,49,49,76,76,96,96,108,108,108,204,204,217,217,4,4,4,4,4,4,4,23,23,50,150,150,150,255,255,268,117,117,131,131,131,43,43,43,71,0,0],"floor_reached":46,"playtime":1502,"items_purged":["Strike_B"],"score":706,"play_id":"8d20bb77-a5cf-469d-a0b5-64fec50eff15","local_time":"20181022201923","is_ascension_mode":true,"campfire_choices":[{"data":"Capacitor","floor":6,"key":"SMITH"},{"data":"Tempest","floor":8,"key":"SMITH"},{"data":"Electrodynamics","floor":10,"key":"SMITH"},{"floor":15,"key":"REST"},{"floor":23,"key":"REST"},{"data":"Defragment","floor":25,"key":"SMITH"},{"floor":32,"key":"REST"},{"floor":40,"key":"REST"},{"data":"Creative AI","floor":42,"key":"SMITH"}],"neow_cost":"NONE","seed_source_timestamp":195955228058989,"circlet_count":0,"master_deck":["Defend_B+1","Defend_B+1","Defend_B+1","Defend_B+1","Zap+1","Dualcast","AscendersBane","Capacitor+1","Electrodynamics+1","Sweeping Beam+1","Gash+1","Tempest+1","Rainbow","Capacitor+1","Defragment+1","Compile Driver+1","Redo","Creative AI+1","Capacitor+1","Finesse","Barrage+1","BootSequence+1"],"relics":["Runic Pyramid","War Paint","Du-Vu Doll","Pen Nib","Happy Flower","Sozu","PreservedInsect","Juzu Bracelet","Whetstone","CultistMask","Empty Cage","DataDisk","Nunchaku","Matryoshka","Omamori","Cables","Singing Bowl","Red Mask"],"potions_floor_usage":[16,27,29],"damage_taken":[{"damage":6,"enemies":"Small Slimes","floor":1,"turns":6},{"damage":25,"enemies":"3 Sentries","floor":7,"turns":3},{"damage":6,"enemies":"Cultist","floor":11,"turns":3},{"damage":0,"enemies":"2 Louse","floor":13,"turns":1},{"damage":1,"enemies":"Hexaghost","floor":16,"turns":8},{"damage":34,"enemies":"2 Thieves","floor":18,"turns":3},{"damage":3,"enemies":"Shell Parasite","floor":27,"turns":4},{"damage":21,"enemies":"Book of Stabbing","floor":29,"turns":4},{"damage":16,"enemies":"Automaton","floor":33,"turns":6},{"damage":17,"enemies":"Orb Walker","floor":35,"turns":4},{"damage":1,"enemies":"3 Shapes","floor":38,"turns":3},{"damage":36,"enemies":"Mind Bloom Boss Battle","floor":39,"turns":7},{"damage":35,"enemies":"Nemesis","floor":44,"turns":7},{"damage":11,"enemies":"Jaw Worm Horde","floor":46,"turns":1}],"seed_played":"-4465658086787974995","potions_obtained":[{"floor":7,"key":"Swift Potion"},{"floor":11,"key":"Block Potion"},{"floor":13,"key":"SteroidPotion"},{"floor":16,"key":"Weak Potion"}],"is_trial":false,"path_per_floor":["M","?","$","$","?","R","E","R","T","R","M","?","M","?","R","B",null,"M","?","$","?","$","R","?","R","T","M","?","E","?","?","R","B",null,"M","$","?","M","?","R","?","R","T","E","?"],"character_chosen":"DEFECT","items_purchased":["Gash","Defragment","PreservedInsect","DataDisk"],"campfire_rested":4,"item_purchase_floors":[3,20,20,36],"current_hp_per_floor":[62,62,62,62,50,50,25,25,25,25,19,19,19,12,34,33,65,31,31,31,17,17,41,41,41,41,38,38,17,17,17,41,25,66,49,49,49,48,12,36,36,36,36,3,3,0],"gold":0,"neow_bonus":"BOSS_RELIC","is_prod":false,"is_daily":false,"chose_seed":false,"campfire_upgraded":5,"win_rate":0,"timestamp":1540264763,"path_taken":["M","?","?","$","?","R","E","R","T","R","?","?","?","?","R","BOSS","M","?","$","?","$","R","?","R","T","M","?","E","?","?","R","BOSS","M","$","?","M","?","R","?","R","T","E","?","M"],"build_version":"2018-10-18","purchased_purges":1,"victory":false,"max_hp_per_floor":[75,75,75,75,75,75,75,75,75,75,75,75,75,75,75,75,75,75,75,75,80,80,80,80,80,80,80,80,80,80,80,80,80,80,80,80,80,80,80,80,80,80,80,82,82,82],"card_choices":[{"not_picked":["Ball Lightning","Reinforced Body"],"picked":"Capacitor","floor":1},{"not_picked":["Fission","Heatsinks"],"picked":"Tempest","floor":7},{"not_picked":["Chill","Ball Lightning","Go for the Eyes"],"picked":"SKIP","floor":11},{"not_picked":["Compile Driver","Coolheaded","Auto Shields"],"picked":"SKIP","floor":13},{"not_picked":["Meteor Strike","Reboot"],"picked":"Rainbow","floor":16},{"not_picked":["Genetic Algorithm+1","Cold Snap","Go for the Eyes"],"picked":"SKIP","floor":18},{"not_picked":["Aggregate+1","Rebound"],"picked":"Compile Driver+1","floor":27},{"not_picked":["Turbo+1","Hologram"],"picked":"Redo","floor":29},{"not_picked":["Buffer","Reboot"],"picked":"Creative AI","floor":33},{"not_picked":["Conserve Battery+1","Barrage"],"picked":"Capacitor+1","floor":35},{"not_picked":["Deep Breath","Purity"],"picked":"Finesse","floor":37},{"not_picked":["Tempest","Conserve Battery+1"],"picked":"Barrage+1","floor":38},{"not_picked":["Blizzard","Cold Snap"],"picked":"BootSequence+1","floor":39},{"not_picked":["Turbo","Ball Lightning","Steam"],"picked":"Singing Bowl","floor":44}],"player_experience":320134,"relics_obtained":[{"floor":7,"key":"Du-Vu Doll"},{"floor":9,"key":"Pen Nib"},{"floor":26,"key":"Juzu Bracelet"},{"floor":29,"key":"Whetstone"},{"floor":39,"key":"Nunchaku"},{"floor":43,"key":"Omamori"},{"floor":43,"key":"Cables"},{"floor":44,"key":"Singing Bowl"}],"event_choices":[{"damage_healed":0,"gold_gain":0,"player_choice":"2 cards matched","damage_taken":0,"max_hp_gain":0,"max_hp_loss":0,"event_name":"Match and Keep!","floor":2,"gold_loss":0,"cards_obtained":["Electrodynamics","Sweeping Beam"]},{"damage_healed":0,"gold_gain":0,"player_choice":"Success","damage_taken":12,"relics_obtained":["War Paint"],"max_hp_gain":0,"max_hp_loss":0,"event_name":"Scrap Ooze","floor":5,"gold_loss":0},{"damage_healed":0,"gold_gain":0,"player_choice":"Searched \u00271\u0027 times","damage_taken":0,"relics_obtained":["Happy Flower"],"max_hp_gain":0,"max_hp_loss":0,"event_name":"Dead Adventurer","floor":12,"gold_loss":0},{"cards_removed":["Strike_B"],"damage_healed":0,"gold_gain":0,"player_choice":"Card Removal","damage_taken":7,"max_hp_gain":0,"max_hp_loss":0,"event_name":"Golden Wing","floor":14,"gold_loss":0},{"damage_healed":0,"gold_gain":0,"player_choice":"Copied","damage_taken":0,"max_hp_gain":0,"max_hp_loss":0,"event_name":"Duplicator","floor":19,"gold_loss":0,"cards_obtained":["Capacitor"]},{"damage_healed":0,"gold_gain":0,"player_choice":"Shed Blood","damage_taken":19,"max_hp_gain":5,"max_hp_loss":0,"event_name":"Forgotten Altar","floor":21,"gold_loss":0},{"damage_healed":0,"gold_gain":0,"player_choice":"Simplicity","damage_taken":0,"max_hp_gain":0,"max_hp_loss":0,"event_name":"Back to Basics","floor":24,"gold_loss":0,"cards_upgraded":["Strike_B","Strike_B","Defend_B","Defend_B","Defend_B"]},{"damage_healed":0,"gold_gain":0,"player_choice":"Ignored","damage_taken":0,"max_hp_gain":0,"max_hp_loss":0,"event_name":"Ghosts","floor":28,"gold_loss":0},{"damage_healed":0,"gold_gain":100,"player_choice":"Pray","damage_taken":0,"max_hp_gain":0,"max_hp_loss":0,"event_name":"Golden Shrine","floor":30,"gold_loss":0},{"damage_healed":0,"gold_gain":0,"player_choice":"Trade","damage_taken":0,"relics_obtained":["CultistMask"],"max_hp_gain":0,"max_hp_loss":0,"event_name":"FaceTrader","floor":31,"gold_loss":0},{"damage_healed":0,"gold_gain":0,"player_choice":"Memory 1","damage_taken":0,"max_hp_gain":0,"max_hp_loss":0,"event_name":"SensoryStone","floor":37,"gold_loss":0},{"damage_healed":0,"gold_gain":0,"player_choice":"Fight","damage_taken":0,"max_hp_gain":0,"max_hp_loss":0,"event_name":"MindBloom","floor":39,"gold_loss":0},{"damage_healed":0,"gold_gain":0,"player_choice":"Paid Gold","damage_taken":0,"relics_obtained":["Matryoshka"],"max_hp_gain":0,"max_hp_loss":0,"event_name":"WeMeetAgain","floor":41,"gold_loss":88},{"damage_healed":0,"gold_gain":0,"player_choice":"Paid","damage_taken":0,"relics_obtained":["Red Mask"],"max_hp_gain":0,"max_hp_loss":0,"event_name":"Tomb of Lord Red Mask","floor":45,"gold_loss":71}],"is_beta":false,"boss_relics":[{"not_picked":["Tiny House","Ectoplasm"],"picked":"Sozu"},{"not_picked":["Cursed Key","Lizard Tail"],"picked":"Empty Cage"}],"items_purged_floors":[3],"is_endless":false,"potions_floor_spawned":[7,11,13,16,18,29,38],"killed_by":"Jaw Worm Horde","ascension_level":10}