{"gold_per_floor":[219,219,239,49,65,65,15,45,45,45],"floor_reached":10,"playtime":269,"items_purged":[],"score":125,"play_id":"a4177244-326c-450f-b1ff-86417280b45a","local_time":"20190121015610","is_ascension_mode":true,"campfire_choices":[{"data":"Streamline","floor":6,"key":"SMITH"}],"neow_cost":"NONE","seed_source_timestamp":898826520103800,"circlet_count":0,"master_deck":["AscendersBane","Strike_B","Strike_B","Strike_B","Strike_B","Defend_B","Defend_B","Defend_B","Defend_B","Zap+1","Dualcast","Auto Shields","Streamline+1","Hologram","Go for the Eyes","Go for the Eyes","Cold Snap"],"relics":["Cracked Core","Oddly Smooth Stone","Bird Faced Urn","Molten Egg 2"],"potions_floor_usage":[8,8],"damage_taken":[{"damage":7,"enemies":"Cultist","floor":1,"turns":4},{"damage":7,"enemies":"Small Slimes","floor":3,"turns":3},{"damage":0,"enemies":"Jaw Worm","floor":5,"turns":3},{"damage":46,"enemies":"Gremlin Nob","floor":8,"turns":5},{"damage":4,"enemies":"3 Sentries","floor":10,"turns":1}],"seed_played":"-8251050649503782725","potions_obtained":[{"floor":1,"key":"EssenceOfSteel"},{"floor":5,"key":"Dexterity Potion"}],"is_trial":false,"path_per_floor":["M","?","M","$","M","R","$","E","T","E"],"character_chosen":"DEFECT","items_purchased":["Oddly Smooth Stone","Hologram","Go for the Eyes"],"campfire_rested":0,"item_purchase_floors":[4,4,7],"current_hp_per_floor":[57,57,50,50,50,50,50,4,4,0],"gold":45,"neow_bonus":"HUNDRED_GOLD","is_prod":false,"is_daily":false,"chose_seed":false,"campfire_upgraded":1,"win_rate":0,"timestamp":1548064570,"path_taken":["M","?","M","$","?","R","$","E","T","E"],"build_version":"2019-01-17v2","purchased_purges":0,"victory":false,"max_hp_per_floor":[71,71,71,71,71,71,71,71,71,71],"card_choices":[{"not_picked":["Rebound","Steam Power"],"picked":"Auto Shields","floor":1},{"not_picked":["Blizzard","Fusion"],"picked":"Streamline","floor":3},{"not_picked":["Double Energy","Compile Driver"],"picked":"Go for the Eyes","floor":5},{"not_picked":["Hologram","Steam Power"],"picked":"Cold Snap","floor":8}],"player_experience":575472,"relics_obtained":[{"floor":8,"key":"Bird Faced Urn"},{"floor":9,"key":"Molten Egg 2"}],"event_choices":[{"damage_healed":0,"gold_gain":0,"player_choice":"Forge","damage_taken":0,"max_hp_gain":0,"max_hp_loss":0,"event_name":"Accursed Blacksmith","floor":2,"gold_loss":0,"cards_upgraded":["Zap"]}],"is_beta":false,"boss_relics":[],"items_purged_floors":[],"is_endless":false,"potions_floor_spawned":[1,5],"killed_by":"3 Sentries","ascension_level":18}