{"gold_per_floor":[114,114,129,141,158,191,201,201,252,252],"floor_reached":10,"playtime":396,"items_purged":[],"score":119,"play_id":"12d6d504-0c91-4e84-be22-a53ace1b26f5","local_time":"20190216070424","is_ascension_mode":true,"campfire_choices":[],"neow_cost":"TEN_PERCENT_HP_LOSS","seed_source_timestamp":30983524835304,"circlet_count":0,"master_deck":["AscendersBane","Strike_R","Strike_R","Strike_R","Defend_R","Defend_R","Defend_R","Bash","Clash","Body Slam","Feel No Pain","Clothesline","Pommel Strike","Body Slam","Pain"],"relics":["Burning Blood","Potion Belt","WarpedTongs","Orichalcum"],"potions_floor_usage":[5,5,6],"damage_taken":[{"damage":12,"enemies":"Jaw Worm","floor":1,"turns":3},{"damage":8,"enemies":"2 Louse","floor":3,"turns":4},{"damage":0,"enemies":"Cultist","floor":4,"turns":3},{"damage":0,"enemies":"Gremlin Gang","floor":5,"turns":3},{"damage":38,"enemies":"Lagavulin","floor":6,"turns":7},{"damage":31,"enemies":"Exordium Thugs","floor":7,"turns":7},{"damage":12,"enemies":"3 Louse","floor":10,"turns":1}],"seed_played":"3393205760227607953","potions_obtained":[{"floor":1,"key":"Explosive Potion"},{"floor":4,"key":"Block Potion"},{"floor":5,"key":"Energy Potion"}],"is_trial":false,"path_per_floor":["M","?","M","M","M","E","M","?","T","M"],"character_chosen":"IRONCLAD","items_purchased":[],"campfire_rested":0,"item_purchase_floors":[],"current_hp_per_floor":[62,55,53,59,65,33,8,8,8,0],"gold":252,"neow_bonus":"REMOVE_TWO","is_prod":false,"is_daily":false,"chose_seed":false,"campfire_upgraded":0,"win_rate":0,"timestamp":1550318664,"path_taken":["M","?","M","M","M","E","M","?","T","?"],"build_version":"2019-01-23","purchased_purges":0,"victory":false,"max_hp_per_floor":[68,68,68,68,68,68,68,68,68,68],"card_choices":[{"not_picked":["Entrench","Warcry"],"picked":"Clash","floor":1},{"not_picked":["Battle Trance","Disarm"],"picked":"Body Slam","floor":3},{"not_picked":["True Grit","Wild Strike"],"picked":"Feel No Pain","floor":4},{"not_picked":["Anger","Dual Wield"],"picked":"Clothesline","floor":5},{"not_picked":["Twin Strike","Clothesline"],"picked":"Pommel Strike","floor":6},{"not_picked":["Sever Soul","Shrug It Off"],"picked":"Body Slam","floor":7}],"player_experience":439015,"relics_obtained":[{"floor":6,"key":"Potion Belt"},{"floor":9,"key":"Orichalcum"}],"event_choices":[{"cards_removed":["Strike_R"],"damage_healed":0,"gold_gain":0,"player_choice":"Card Removal","damage_taken":7,"max_hp_gain":0,"max_hp_loss":0,"event_name":"Golden Wing","floor":2,"gold_loss":0},{"damage_healed":0,"gold_gain":0,"player_choice":"Rummage","damage_taken":0,"relics_obtained":["WarpedTongs"],"max_hp_gain":0,"max_hp_loss":0,"event_name":"Accursed Blacksmith","floor":8,"gold_loss":0,"cards_obtained":["Pain"]}],"is_beta":false,"boss_relics":[],"items_purged_floors":[],"is_endless":false,"potions_floor_spawned":[1,4,5],"killed_by":"3 Louse","ascension_level":14}