{"path_per_floor":["M","$","?","M","?","R","E","R","T","M","M","?","R","E","R","B",null,"M","$","?","?","?","E","M","R","T","R","M","M","R","M","R"],"character_chosen":"IRONCLAD","items_purchased":["Heavy Blade","Whetstone","Bag of Marbles"],"gold_per_floor":[360,88,38,58,58,58,92,92,92,106,119,119,119,151,151,246,246,260,13,13,13,13,38,53,53,76,76,89,103,103,118,118],"floor_reached":33,"campfire_rested":3,"playtime":1058,"current_hp_per_floor":[71,71,71,67,72,72,42,42,42,48,48,48,48,47,70,25,66,56,56,56,81,81,22,19,43,43,67,75,83,83,89,89],"items_purged":["Defend_R","Perfected Strike"],"gold":118,"score":382,"play_id":"683f1b2b-c867-48e8-b7bd-842b6aef7610","local_time":"20180305172259","is_prod":false,"is_daily":false,"is_ascension_mode":true,"campfire_upgraded":5,"timestamp":1520238179,"path_taken":["M","$","?","M","?","R","E","R","T","M","?","?","R","E","R","BOSS","M","$","?","?","?","E","M","R","T","R","M","?","R","?","R","BOSS"],"build_version":"2018-03-01-PROD1","purchased_purges":2,"victory":false,"master_deck":["Strike_R","Strike_R","Strike_R","Defend_R","Bash+1","Heavy Blade+1","Thunderclap+1","Sword Boomerang+1","Flex+1","Metallicize+1","Shrug It Off","Pummel+1","Infernal Blade+1","Searing Blow","Headbutt+1"],"max_hp_per_floor":[72,72,72,72,77,77,77,77,77,77,77,77,77,77,77,79,79,81,81,81,81,81,83,83,83,83,83,85,87,87,89,89],"relics":["Burning Blood","Whetstone","Lantern","Frozen Eye","Singing Bowl","Astrolabe","Bag of Marbles","Pen Nib","Anchor"],"card_choices":[{"not_picked":["Uppercut","Dual Wield"],"picked":"Perfected Strike"},{"not_picked":["Dark Embrace","Cleave"],"picked":"Thunderclap"},{"not_picked":["Pommel Strike","True Grit"],"picked":"Sword Boomerang"},{"not_picked":["Battle Trance","Clothesline"],"picked":"Flex"},{"not_picked":["Body Slam","Shrug It Off"],"picked":"Metallicize"},{"not_picked":["Warcry","Thunderclap"],"picked":"Shrug It Off"},{"not_picked":["Iron Wave","Carnage"],"picked":"Headbutt"}],"player_experience":258457,"potions_floor_usage":[14,14,23,23,24,33,33],"damage_taken":[{"damage":7,"enemies":"Jaw Worm","floor":1,"turns":3},{"damage":10,"enemies":"Small Slimes","floor":4,"turns":3},{"damage":36,"enemies":"3 Sentries","floor":7,"turns":6},{"damage":0,"enemies":"Cultist","floor":10,"turns":2},{"damage":6,"enemies":"Looter","floor":11,"turns":2},{"damage":7,"enemies":"Lagavulin","floor":14,"turns":5},{"damage":53,"enemies":"The Guardian","floor":16,"turns":11},{"damage":18,"enemies":"Shell Parasite","floor":18,"turns":3},{"damage":67,"enemies":"Book of Stabbing","floor":23,"turns":5},{"damage":9,"enemies":"2 Thieves","floor":24,"turns":3},{"damage":0,"enemies":"Chosen and Byrds","floor":28,"turns":3},{"damage":0,"enemies":"Centurion and Healer","floor":29,"turns":3},{"damage":0,"enemies":"Snake Plant","floor":31,"turns":1},{"damage":101,"enemies":"Automaton","floor":33,"turns":8}],"event_choices":[{"event_name":"The Cleric","player_choice":"Card Removal","floor":3,"damage_taken":0},{"event_name":"Big Fish","player_choice":"Donut","floor":5,"damage_taken":0},{"event_name":"Liars Game","player_choice":"disagreed","floor":12,"damage_taken":0},{"event_name":"Transmorgrifier","player_choice":"Transform","floor":20,"damage_taken":0},{"event_name":"The Library","player_choice":"Heal","floor":21,"damage_taken":0},{"event_name":"The Lab","player_choice":"Got Potions","floor":22,"damage_taken":0}],"boss_relics":[{"not_picked":["Eternal Feather","White Beast Statue"],"picked":"Astrolabe"}],"potions_floor_spawned":[4,7,16,18,24,28],"seed_played":"246173498618605545","killed_by":"Automaton","ascension_level":8,"is_trial":false}