{"gold_per_floor":[109,109,127,15,31,31,58,0,24,35,62,74,112,124,136,222,234,263,294,326,37,50,50,82,82,155,175,187,187,203,230,230,307,307,327,252,252,252,267,267,301,301,301,316,341,396,62,73,73,73],"floor_reached":51,"playtime":4403,"items_purged":["Strike_G"],"score":1276,"play_id":"315034c6-6966-4a35-b69c-50728878c41d","local_time":"20180811131817","is_ascension_mode":true,"campfire_choices":[{"data":"Neutralize","floor":6,"key":"SMITH"},{"data":"Noxious Fumes","floor":12,"key":"SMITH"},{"floor":15,"key":"REST"},{"data":"Footwork","floor":23,"key":"SMITH"},{"data":"After Image","floor":25,"key":"SMITH"},{"floor":29,"key":"REST"},{"floor":32,"key":"REST"},{"data":"Cloak And Dagger","floor":40,"key":"SMITH"},{"floor":42,"key":"REST"},{"floor":49,"key":"REST"}],"neow_cost":"","seed_source_timestamp":2656704390118971,"circlet_count":0,"master_deck":["Defend_G","Defend_G","Defend_G","Defend_G","Defend_G","Strike_G","Survivor","Neutralize+1","AscendersBane","Dodge and Roll","Noxious Fumes+1","Footwork+1","Riddle With Holes","Footwork","Backflip","Infinite Blades","Burst","Bane","After Image+1","Backflip","Well Laid Plans","Blur","Blade Dance+1","Accuracy","Adrenaline","Terror","Backstab","Phantasmal Killer","Bouncing Flask+1","Bane+1","Blade Dance+1","Predator","Mind Blast","Bandage Up","Cloak And Dagger+1","Cloak And Dagger+1","Blur+1","Leg Sweep","Predator+1","Acrobatics","Die Die Die"],"relics":["Ring of the Snake","Dream Catcher","Bronze Scales","MawBank","Bag of Preparation","Sozu","Meat on the Bone","Lantern","Matryoshka","Ancient Tea Set","Astrolabe","Omamori","Anchor","Art of War","Dodecahedron","Sundial","Incense Burner"],"potions_floor_usage":[7,11,13,19],"damage_taken":[{"damage":0,"enemies":"2 Louse","floor":1,"turns":4},{"damage":2,"enemies":"Jaw Worm","floor":3,"turns":6},{"damage":0,"enemies":"Cultist","floor":5,"turns":4},{"damage":6,"enemies":"3 Sentries","floor":7,"turns":9},{"damage":0,"enemies":"Blue Slaver","floor":10,"turns":4},{"damage":6,"enemies":"Lagavulin","floor":11,"turns":7},{"damage":36,"enemies":"Gremlin Nob","floor":13,"turns":5},{"damage":20,"enemies":"Slime Boss","floor":16,"turns":11},{"damage":0,"enemies":"3 Byrds","floor":18,"turns":4},{"damage":5,"enemies":"Spheric Guardian","floor":19,"turns":6},{"damage":0,"enemies":"Centurion and Healer","floor":20,"turns":9},{"damage":8,"enemies":"Chosen and Byrds","floor":22,"turns":6},{"damage":31,"enemies":"Slavers","floor":24,"turns":9},{"damage":7,"enemies":"Cultist and Chosen","floor":27,"turns":8},{"damage":0,"enemies":"Centurion and Healer","floor":28,"turns":6},{"damage":3,"enemies":"Snake Plant","floor":30,"turns":5},{"damage":18,"enemies":"Gremlin Leader","floor":31,"turns":8},{"damage":31,"enemies":"Automaton","floor":33,"turns":11},{"damage":3,"enemies":"3 Shapes","floor":35,"turns":6},{"damage":14,"enemies":"Flame Bruiser 1 Orb","floor":39,"turns":6},{"damage":53,"enemies":"Nemesis","floor":41,"turns":7},{"damage":15,"enemies":"Sphere and 2 Shapes","floor":44,"turns":4},{"damage":11,"enemies":"2 Orb Walkers","floor":45,"turns":5},{"damage":14,"floor":46,"turns":6},{"damage":2,"enemies":"Flame Bruiser 2 Orb","floor":48,"turns":7},{"damage":64,"enemies":"Awakened One","floor":50,"turns":19}],"seed_played":"8629915715369502067","potions_obtained":[{"floor":1,"key":"PowerPotion"},{"floor":3,"key":"SteroidPotion"},{"floor":7,"key":"Poison Potion"},{"floor":16,"key":"GhostInAJar"}],"is_trial":false,"path_per_floor":["M","?","M","$","M","R","E","?","T","M","E","R","E","$","R","B",null,"M","M","M","$","M","R","E","R","T","M","M","R","M","E","R","B",null,"M","$","?","?","M","R","E","R","T","M","E","?","$","M","R","B"],"character_chosen":"THE_SILENT","items_purchased":["Footwork","Riddle With Holes","Blur","Meat on the Bone","Incense Burner","Acrobatics"],"campfire_rested":5,"item_purchase_floors":[4,4,21,21,47,47],"current_hp_per_floor":[59,64,62,62,62,62,56,56,56,56,50,50,14,14,35,15,57,57,52,52,52,44,44,25,25,25,30,42,63,60,42,63,44,64,61,61,56,56,50,50,13,34,34,35,40,46,46,48,69,20],"gold":73,"neow_bonus":"","is_prod":false,"is_daily":false,"chose_seed":false,"campfire_upgraded":5,"win_rate":0,"timestamp":1533986297,"path_taken":["M","?","M","$","M","R","E","?","T","M","E","R","E","$","R","BOSS","M","M","M","$","M","R","E","R","T","M","M","R","M","E","R","BOSS","M","$","?","?","M","R","E","R","T","M","E","?","$","M","R","BOSS"],"build_version":"2018-08-09","purchased_purges":1,"victory":true,"max_hp_per_floor":[66,71,71,71,71,71,71,71,71,71,71,71,71,71,71,71,71,71,71,71,71,71,71,71,71,71,71,71,71,71,71,71,71,71,71,71,71,71,71,71,71,71,71,71,71,71,71,71,71,71],"card_choices":[{"not_picked":["Escape Plan","Acrobatics"],"picked":"Dodge and Roll","floor":1},{"not_picked":["Quick Slash","Riddle With Holes"],"picked":"Noxious Fumes","floor":3},{"not_picked":["All Out Attack","Dagger Throw"],"picked":"Footwork","floor":5},{"not_picked":["Setup","Outmaneuver"],"picked":"Backflip","floor":7},{"not_picked":["Flying Knee","Endless Agony"],"picked":"Infinite Blades","floor":10},{"not_picked":["PiercingWail","Blur"],"picked":"Burst","floor":11},{"not_picked":["Underhanded Strike","Backflip"],"picked":"Bane","floor":13},{"not_picked":["Bullet Time","Glass Knife"],"picked":"After Image","floor":16},{"not_picked":["Noxious Fumes","Prepared"],"picked":"Acrobatics","floor":18},{"not_picked":["Distraction","Quick Slash+1"],"picked":"Backflip","floor":19},{"not_picked":["Tactician","Leg Sweep"],"picked":"Well Laid Plans","floor":20},{"not_picked":["Dagger Throw","Bouncing Flask"],"picked":"Blade Dance+1","floor":22},{"not_picked":["Flying Knee","Sucker Punch","Poisoned Stab"],"picked":"SKIP","floor":24},{"not_picked":["Poisoned Stab","Underhanded Strike"],"picked":"Accuracy","floor":27},{"not_picked":["All Out Attack","Deflect"],"picked":"Adrenaline","floor":28},{"not_picked":["Sucker Punch","Heel Hook","Outmaneuver"],"picked":"SKIP","floor":30},{"not_picked":["Riddle With Holes","Poisoned Stab"],"picked":"Terror","floor":31},{"not_picked":["Quick Slash","Poisoned Stab"],"picked":"Backstab","floor":32},{"not_picked":["Burst","Doppelganger"],"picked":"Phantasmal Killer","floor":33},{"not_picked":["Accuracy","Blade Dance"],"picked":"Predator","floor":35},{"not_picked":["Panacea","Blind"],"picked":"Mind Blast","floor":37},{"not_picked":["Madness","Enlightenment"],"picked":"Bandage Up","floor":37},{"not_picked":["Backstab+1","Sucker Punch"],"picked":"Cloak And Dagger","floor":39},{"not_picked":["Blade Dance","Poisoned Stab+1"],"picked":"Cloak And Dagger+1","floor":41},{"not_picked":["Prepared","Cloak And Dagger"],"picked":"Blur+1","floor":42},{"not_picked":["Bane+1","PiercingWail+1"],"picked":"Leg Sweep","floor":44},{"not_picked":["Sucker Punch","Accuracy","Poisoned Stab"],"picked":"SKIP","floor":45},{"not_picked":["Concentrate+1","Flying Knee"],"picked":"Predator+1","floor":46},{"not_picked":["Outmaneuver","Bane+1"],"picked":"Die Die Die","floor":48}],"player_experience":941363,"relics_obtained":[{"floor":7,"key":"Dream Catcher"},{"floor":9,"key":"Bronze Scales"},{"floor":11,"key":"MawBank"},{"floor":13,"key":"Bag of Preparation"},{"floor":24,"key":"Lantern"},{"floor":26,"key":"Matryoshka"},{"floor":31,"key":"Ancient Tea Set"},{"floor":41,"key":"Omamori"},{"floor":43,"key":"Anchor"},{"floor":43,"key":"Art of War"},{"floor":45,"key":"Dodecahedron"},{"floor":46,"key":"Sundial"}],"event_choices":[{"event_name":"Big Fish","player_choice":"Donut","floor":2,"damage_taken":0},{"event_name":"World of Goop","player_choice":"Left","floor":8,"damage_taken":0},{"event_name":"SensoryStone","player_choice":"Memory 2","floor":37,"damage_taken":0},{"event_name":"Falling","player_choice":"Removed Skill","floor":38,"damage_taken":0},{"event_name":"Mysterious Sphere","player_choice":"Fight","floor":46,"damage_taken":0}],"is_beta":false,"boss_relics":[{"not_picked":["White Beast Statue","Tiny House"],"picked":"Sozu"},{"not_picked":["Lizard Tail","Cursed Key"],"picked":"Astrolabe"}],"items_purged_floors":[36],"is_endless":false,"potions_floor_spawned":[1,3,7,10,16,22,24,27,28,41,46,48],"ascension_level":15}