{"gold_per_floor":[114,114,131,147,159,159,184,184,210,221,78,78,78,91,91,188,188,208,225,23,23,38,65,65,65],"floor_reached":25,"playtime":1939,"items_purged":["Strike_B"],"score":301,"play_id":"b4d522e8-2c5c-470a-a0e9-ec8e2bb711d7","local_time":"20181116041921","is_ascension_mode":true,"campfire_choices":[{"data":"Defragment","floor":6,"key":"SMITH"},{"floor":8,"key":"REST"},{"data":"Defragment","floor":15,"key":"SMITH"}],"neow_cost":"NONE","seed_source_timestamp":92126522837738,"circlet_count":0,"master_deck":["Strike_B","Strike_B","Defend_B","Defend_B","Zap","Dualcast","Coolheaded","Defragment+1","Ball Lightning","Auto Shields","Multi-Cast","Self Repair","Defragment+1","Conserve Battery","Biased Cognition","Consume+1","Coolheaded+1","Static Discharge+1","Conserve Battery","FTL+1","BootSequence","Go for the Eyes"],"relics":["Cracked Core","CultistMask","Oddly Smooth Stone","Bronze Scales","Ancient Tea Set","Astrolabe","Membership Card","Bottled Flame"],"potions_floor_usage":[7,23,23,23,24],"damage_taken":[{"damage":1,"enemies":"Cultist","floor":1,"turns":3},{"damage":0,"enemies":"2 Louse","floor":3,"turns":1},{"damage":1,"enemies":"Small Slimes","floor":4,"turns":4},{"damage":17,"enemies":"3 Louse","floor":5,"turns":3},{"damage":21,"enemies":"3 Sentries","floor":7,"turns":7},{"damage":12,"enemies":"Exordium Wildlife","floor":10,"turns":5},{"damage":0,"enemies":"Looter","floor":14,"turns":3},{"damage":18,"enemies":"Hexaghost","floor":16,"turns":9},{"damage":7,"enemies":"3 Byrds","floor":18,"turns":2},{"damage":21,"enemies":"Shell Parasite","floor":19,"turns":3},{"damage":11,"enemies":"Snake Plant","floor":22,"turns":4},{"damage":35,"enemies":"Slavers","floor":23,"turns":5},{"damage":6,"enemies":"Colosseum Slavers","floor":24,"turns":4}],"seed_played":"3306089167138575494","potions_obtained":[{"floor":3,"key":"SpeedPotion"},{"floor":5,"key":"Strength Potion"},{"floor":16,"key":"Explosive Potion"},{"floor":19,"key":"FearPotion"},{"floor":22,"key":"Dexterity Potion"},{"floor":23,"key":"Explosive Potion"}],"is_trial":false,"path_per_floor":["M","?","M","M","M","R","E","R","T","M","$","?","?","M","R","B",null,"M","M","$","?","M","E","?","?"],"character_chosen":"DEFECT","items_purchased":["Defragment","Membership Card"],"campfire_rested":1,"item_purchase_floors":[11,20],"current_hp_per_floor":[74,74,74,73,56,56,35,59,59,47,47,47,47,54,54,43,72,72,58,58,42,38,10,4,0],"gold":65,"neow_bonus":"TEN_PERCENT_HP_BONUS","is_prod":false,"is_daily":false,"chose_seed":false,"campfire_upgraded":2,"win_rate":0,"timestamp":1542338361,"path_taken":["M","?","?","M","M","R","E","R","T","M","$","?","?","M","R","BOSS","M","?","$","?","M","E","?","?"],"build_version":"2018-11-14","purchased_purges":1,"victory":false,"max_hp_per_floor":[82,82,82,82,82,82,82,82,82,82,82,82,82,82,82,82,82,82,82,82,87,87,87,87,87],"card_choices":[{"not_picked":["Turbo","Beam Cell"],"picked":"Coolheaded","floor":1},{"not_picked":["Leap","Gash"],"picked":"Defragment","floor":3},{"not_picked":["Scrape","Go for the Eyes"],"picked":"Ball Lightning","floor":4},{"not_picked":["Skim","Gash"],"picked":"Auto Shields","floor":5},{"not_picked":["Doom and Gloom","Turbo"],"picked":"Multi-Cast","floor":7},{"not_picked":["Streamline","Conserve Battery"],"picked":"Self Repair","floor":10},{"not_picked":["Streamline","Leap"],"picked":"Conserve Battery","floor":14},{"not_picked":["Rainbow","Reboot"],"picked":"Biased Cognition","floor":16},{"not_picked":["Hologram","Stack"],"picked":"Conserve Battery","floor":18},{"not_picked":["Chaos","Streamline+1"],"picked":"FTL+1","floor":19},{"not_picked":["Turbo","Skim+1"],"picked":"BootSequence","floor":22},{"not_picked":["Steam","Static Discharge"],"picked":"Go for the Eyes","floor":23}],"player_experience":388057,"relics_obtained":[{"floor":7,"key":"Oddly Smooth Stone"},{"floor":9,"key":"Bronze Scales"},{"floor":23,"key":"Bottled Flame"}],"event_choices":[{"damage_healed":0,"gold_gain":0,"player_choice":"Trade","damage_taken":0,"relics_obtained":["CultistMask"],"max_hp_gain":0,"max_hp_loss":0,"event_name":"FaceTrader","floor":2,"gold_loss":0},{"damage_healed":0,"gold_gain":0,"player_choice":"Box","damage_taken":0,"relics_obtained":["Ancient Tea Set"],"max_hp_gain":0,"max_hp_loss":0,"event_name":"Big Fish","floor":12,"gold_loss":0,"cards_obtained":["Regret"]},{"cards_removed":["Regret"],"damage_healed":0,"gold_gain":0,"player_choice":"Removed Curses","damage_taken":0,"max_hp_gain":0,"max_hp_loss":0,"event_name":"Fountain of Cleansing","floor":13,"gold_loss":0},{"damage_healed":0,"gold_gain":0,"player_choice":"Shed Blood","damage_taken":21,"max_hp_gain":5,"max_hp_loss":0,"event_name":"Forgotten Altar","floor":21,"gold_loss":0},{"damage_healed":0,"gold_gain":0,"player_choice":"Fight","damage_taken":0,"max_hp_gain":0,"max_hp_loss":0,"event_name":"Colosseum","floor":24,"gold_loss":0},{"damage_healed":0,"gold_gain":0,"player_choice":"Fled From Nobs","damage_taken":0,"max_hp_gain":0,"max_hp_loss":0,"event_name":"Colosseum","floor":24,"gold_loss":0}],"is_beta":true,"boss_relics":[{"not_picked":["Ectoplasm","Pandora\u0027s Box"],"picked":"Astrolabe"}],"items_purged_floors":[11],"is_endless":false,"potions_floor_spawned":[3,5,16,19,22,23,24],"ascension_level":7}