{"gold_per_floor":[213,513,60,75,99,99,114,143,143,143,68,68,48,63,63,134,134,150,150,150,69,81,81,101,26,50,100,115,115,115],"floor_reached":30,"playtime":658,"items_purged":["Strike_R"],"score":452,"play_id":"fd81b1fe-25a7-4ff3-bf8b-3292909652f0","local_time":"20190201184911","is_ascension_mode":true,"campfire_choices":[{"data":"Whirlwind","floor":6,"key":"SMITH"},{"data":"Disarm","floor":10,"key":"SMITH"},{"floor":12,"key":"REST"},{"data":"Bash","floor":15,"key":"SMITH"},{"data":"Demon Form","floor":23,"key":"SMITH"},{"floor":29,"key":"REST"}],"neow_cost":"NONE","seed_source_timestamp":147312624804,"circlet_count":0,"master_deck":["AscendersBane","Strike_R","Strike_R","Defend_R","Defend_R","Defend_R","Defend_R","Bash+1","Whirlwind+1","Disarm+1","Demon Form+1","Flame Barrier","Disarm"],"relics":["Burning Blood","Old Coin","Nunchaku","Bronze Scales","Self Forming Clay","Runic Dome","Potion Belt"],"potions_floor_usage":[16,16,20,24],"damage_taken":[{"damage":7,"enemies":"Small Slimes","floor":1,"turns":4},{"damage":12,"enemies":"Jaw Worm","floor":4,"turns":3},{"damage":0,"enemies":"Cultist","floor":7,"turns":3},{"damage":32,"enemies":"Gremlin Nob","floor":8,"turns":4},{"damage":0,"enemies":"3 Louse","floor":14,"turns":2},{"damage":44,"enemies":"The Guardian","floor":16,"turns":10},{"damage":1,"enemies":"3 Byrds","floor":18,"turns":3},{"damage":30,"enemies":"Colosseum Slavers","floor":20,"turns":3},{"damage":17,"enemies":"Shell Parasite","floor":22,"turns":4},{"damage":34,"enemies":"Centurion and Healer","floor":24,"turns":5},{"damage":12,"enemies":"Snake Plant","floor":28,"turns":4},{"damage":40,"enemies":"3 Cultists","floor":30,"turns":4}],"seed_played":"-9217035623645677100","potions_obtained":[{"floor":7,"key":"Weak Potion"},{"floor":13,"key":"Regen Potion"},{"floor":14,"key":"SkillPotion"},{"floor":16,"key":"Regen Potion"},{"floor":18,"key":"LiquidBronze"},{"floor":24,"key":"FearPotion"}],"is_trial":false,"path_per_floor":["M","?","$","M","T","R","M","E","T","R","?","R","?","M","R","B",null,"M","?","?","$","M","R","M","?","T","?","M","R","M"],"character_chosen":"IRONCLAD","items_purchased":["Whirlwind","Nunchaku","Flame Barrier"],"campfire_rested":2,"item_purchase_floors":[3,3,21],"current_hp_per_floor":[67,62,62,56,56,56,62,36,36,36,36,58,58,64,64,41,67,72,72,48,48,37,37,23,23,23,23,17,39,0],"gold":115,"neow_bonus":"HUNDRED_GOLD","is_prod":false,"is_daily":false,"chose_seed":false,"campfire_upgraded":4,"win_rate":0,"timestamp":1549075751,"path_taken":["M","?","$","M","?","R","M","E","T","R","?","R","?","?","R","BOSS","M","?","?","?","?","R","M","?","T","?","M","R","M"],"build_version":"2019-01-23","purchased_purges":1,"victory":false,"max_hp_per_floor":[75,75,75,75,75,75,75,75,75,75,75,75,75,75,75,75,75,75,75,75,75,75,75,75,75,75,75,75,75,75],"card_choices":[{"not_picked":["Havoc","Sword Boomerang","Evolve"],"picked":"SKIP","floor":1},{"not_picked":["Clothesline","Combust","Corruption"],"picked":"SKIP","floor":4},{"not_picked":["Perfected Strike","Warcry","Dropkick"],"picked":"SKIP","floor":7},{"not_picked":["Limit Break","Heavy Blade"],"picked":"Disarm","floor":8},{"not_picked":["Havoc","Iron Wave","Perfected Strike"],"picked":"SKIP","floor":14},{"not_picked":["Reaper","Feed"],"picked":"Demon Form","floor":16},{"not_picked":["Body Slam","Wild Strike","Flex"],"picked":"SKIP","floor":18},{"not_picked":["Dual Wield","Twin Strike","Wild Strike"],"picked":"SKIP","floor":22},{"not_picked":["Twin Strike","Corruption","True Grit"],"picked":"SKIP","floor":24},{"not_picked":["Sever Soul","Armaments"],"picked":"Disarm","floor":28}],"player_experience":697297,"relics_obtained":[{"floor":5,"key":"Bronze Scales"},{"floor":8,"key":"Self Forming Clay"},{"floor":26,"key":"Potion Belt"}],"event_choices":[{"damage_healed":0,"gold_gain":0,"player_choice":"Success","damage_taken":5,"relics_obtained":["Old Coin"],"max_hp_gain":0,"max_hp_loss":0,"event_name":"Scrap Ooze","floor":2,"gold_loss":0},{"cards_removed":["Strike_R"],"damage_healed":0,"gold_gain":0,"player_choice":"Card Removal","damage_taken":0,"max_hp_gain":0,"max_hp_loss":0,"event_name":"The Cleric","floor":11,"gold_loss":75},{"damage_healed":0,"gold_gain":0,"player_choice":"Bought 1 Potion","damage_taken":0,"max_hp_gain":0,"max_hp_loss":0,"event_name":"The Woman in Blue","floor":13,"gold_loss":0},{"damage_healed":0,"gold_gain":0,"player_choice":"Ignored","damage_taken":0,"max_hp_gain":0,"max_hp_loss":0,"event_name":"Vampires","floor":19,"gold_loss":0},{"damage_healed":0,"gold_gain":0,"player_choice":"Fight","damage_taken":0,"max_hp_gain":0,"max_hp_loss":0,"event_name":"Colosseum","floor":20,"gold_loss":0},{"damage_healed":0,"gold_gain":0,"player_choice":"Fled From Nobs","damage_taken":0,"max_hp_gain":0,"max_hp_loss":0,"event_name":"Colosseum","floor":20,"gold_loss":0},{"cards_removed":["Strike_R"],"damage_healed":0,"gold_gain":0,"player_choice":"Gave Gold","damage_taken":0,"max_hp_gain":0,"max_hp_loss":0,"event_name":"Beggar","floor":25,"gold_loss":75},{"damage_healed":0,"gold_gain":50,"player_choice":"Stole From Cult","damage_taken":0,"max_hp_gain":0,"max_hp_loss":0,"event_name":"Nest","floor":27,"gold_loss":0}],"is_beta":false,"boss_relics":[{"not_picked":["Black Star","Lizard Tail"],"picked":"Runic Dome"}],"items_purged_floors":[3],"is_endless":false,"potions_floor_spawned":[7,14,16,18,24],"killed_by":"3 Cultists","ascension_level":20}