{"gold_per_floor":[114,132,132,144,17,35,35,46,70,90,90,106,6,21,21,122,122,137,137,147,167,167,97,120,140,195,195,215,90,90,104,104,201,201,211,211,211,211,61,61,61,61,61,78,89,43,53,53,53,53],"floor_reached":51,"playtime":2311,"items_purged":["Strike_R","Strike_R","Defend_R","Warcry"],"score":716,"play_id":"d68e5007-3004-4c31-9716-361f458d8224","local_time":"20180702200935","daily_mods":["Heirloom"],"is_ascension_mode":false,"campfire_choices":[{"data":"Rage","floor":7.0,"key":"SMITH"},{"floor":15.0,"key":"REST"},{"floor":27,"key":"REST"},{"data":"Rampage","floor":30,"key":"SMITH"},{"data":"Rampage","floor":32,"key":"SMITH"},{"data":"Cleave","floor":40,"key":"SMITH"},{"data":"Clash","floor":42,"key":"SMITH"},{"data":"Flex","floor":49,"key":"SMITH"}],"neow_cost":"","seed_source_timestamp":0,"circlet_count":0,"master_deck":["Defend_R","Defend_R","Defend_R","Anger","Cleave+1","Rage+1","Clash+1","Bite","Bite","Bite","Rampage+1","Anger+1","Rampage+1","Jack Of All Trades","Flex+1"],"special_seed":0,"relics":["Unceasing Top","Incense Burner","Busted Crown","Pen Nib","Anchor","Empty Cage","Bottled Flame","Sundial","Dream Catcher","Ornamental Fan"],"potions_floor_usage":[28,35,47,50,50],"damage_taken":[{"damage":0.0,"enemies":"2 Louse","floor":1.0,"turns":3.0},{"damage":4.0,"enemies":"Cultist","floor":2.0,"turns":4.0},{"damage":6.0,"enemies":"Jaw Worm","floor":4.0,"turns":4.0},{"damage":3.0,"enemies":"Red Slaver","floor":6.0,"turns":5.0},{"damage":11.0,"enemies":"Lots of Slimes","floor":8.0,"turns":4.0},{"damage":6.0,"enemies":"Exordium Thugs","floor":10.0,"turns":6.0},{"damage":1.0,"enemies":"2 Fungi Beasts","floor":12.0,"turns":3.0},{"damage":0.0,"enemies":"3 Louse","floor":14.0,"turns":2.0},{"damage":36.0,"enemies":"The Guardian","floor":16.0,"turns":13.0},{"damage":0,"enemies":"Spheric Guardian","floor":18,"turns":3},{"damage":0,"enemies":"Shell Parasite","floor":20,"turns":5},{"damage":12,"enemies":"Snake Plant","floor":21,"turns":5},{"damage":38,"enemies":"Slaver and Parasite","floor":25,"turns":6},{"damage":8,"enemies":"Centurion and Healer","floor":28,"turns":5},{"damage":0,"enemies":"Chosen and Byrds","floor":31,"turns":4},{"damage":55,"enemies":"Collector","floor":33,"turns":9},{"damage":16,"enemies":"Orb Walker","floor":35,"turns":4},{"damage":0,"floor":41,"turns":5},{"damage":3,"enemies":"3 Shapes","floor":44,"turns":5},{"damage":24,"enemies":"3 Darklings","floor":45,"turns":5},{"damage":0,"enemies":"Transient","floor":47,"turns":5},{"damage":96,"enemies":"Time Eater","floor":50,"turns":11}],"seed_played":"952618353628657126","potions_obtained":[{"floor":1.0,"key":"GamblersBrew"},{"floor":2.0,"key":"Energy Potion"},{"floor":12.0,"key":"PowerPotion"},{"floor":25,"key":"Fruit Juice"},{"floor":31,"key":"FairyPotion"},{"floor":33,"key":"Block Potion"},{"floor":35,"key":"SteroidPotion"},{"floor":45,"key":"PowerPotion"},{"floor":47,"key":"Dexterity Potion"}],"is_trial":true,"path_per_floor":["M","M","?","M","$","M","R","M","T","M","$","M","$","M","R","B",null,"M","?","M","M","?","$","T","M","T","R","M","$","R","M","R","B",null,"M","T","?","?","$","R","?","R","T","M","M","$","M","T","R","B"],"character_chosen":"IRONCLAD","items_purchased":["Cleave","Rampage","Flex"],"campfire_rested":2,"item_purchase_floors":[],"current_hp_per_floor":[80,76,76,70,70,67,67,56,56,52,52,53,53,55,79,44,80,80,65,67,57,57,57,57,39,39,64,75,75,75,87,87,57,90,78,78,78,78,78,78,90,90,90,89,74,74,88,88,88,6],"gold":53,"neow_bonus":"","is_prod":false,"is_daily":false,"chose_seed":false,"campfire_upgraded":6,"win_rate":0,"timestamp":1530526175,"path_taken":["M","M","?","M","?","?","R","?","T","M","$","M","?","M","R","BOSS","M","?","?","M","?","?","?","M","T","R","M","$","R","?","R","BOSS","M","?","?","?","$","R","?","R","T","M","M","?","M","?","R","BOSS"],"build_version":"2018-06-29","purchased_purges":4,"victory":true,"max_hp_per_floor":[80,80,80,80,80,80,80,80,80,80,80,80,80,80,80,80,80,80,85,85,85,85,85,85,85,85,85,90,90,90,90,90,90,90,90,90,90,90,90,90,90,90,90,90,90,90,90,90,90,90],"card_choices":[{"not_picked":["Feel No Pain","Headbutt","Pommel Strike"],"picked":"SKIP","floor":1.0},{"not_picked":["Pommel Strike","Warcry"],"picked":"Anger","floor":2.0},{"not_picked":["Body Slam","Sentinel","Headbutt"],"picked":"SKIP","floor":4.0},{"not_picked":["Headbutt","Heavy Blade"],"picked":"Rage","floor":6.0},{"not_picked":["Ghostly Armor","Iron Wave","Entrench"],"picked":"SKIP","floor":8.0},{"not_picked":["Infernal Blade","Sword Boomerang"],"picked":"Clash","floor":10.0},{"not_picked":["Entrench","Wild Strike","Body Slam"],"picked":"SKIP","floor":12.0},{"not_picked":["Offering","Wild Strike","Iron Wave"],"picked":"SKIP","floor":14.0},{"not_picked":["Rupture"],"picked":"SKIP","floor":18},{"not_picked":["Rupture"],"picked":"SKIP","floor":20},{"not_picked":["Fire Breathing"],"picked":"SKIP","floor":21},{"not_picked":[],"picked":"Anger+1","floor":25},{"not_picked":["Ghostly Armor"],"picked":"SKIP","floor":28},{"not_picked":[],"picked":"Rampage","floor":31},{"not_picked":["Armaments+1"],"picked":"SKIP","floor":35},{"not_picked":[],"picked":"Jack Of All Trades","floor":38},{"not_picked":["Power Through"],"picked":"SKIP","floor":44},{"not_picked":["Entrench"],"picked":"SKIP","floor":45},{"not_picked":["True Grit"],"picked":"SKIP","floor":47}],"player_experience":476775,"relics_obtained":[{"floor":9.0,"key":"Blood Vial"},{"floor":24,"key":"Pen Nib"},{"floor":26,"key":"Anchor"},{"floor":36,"key":"Bottled Flame"},{"floor":41,"key":"Sundial"},{"floor":43,"key":"Dream Catcher"},{"floor":48,"key":"Ornamental Fan"}],"event_choices":[{"event_name":"Transmorgrifier","player_choice":"Transform","floor":3.0,"damage_taken":0.0},{"event_name":"Forgotten Altar","player_choice":"Shed Blood","floor":19,"damage_taken":0},{"event_name":"Vampires","player_choice":"Became a vampire (Vial)","floor":22,"damage_taken":0},{"event_name":"Transmorgrifier","player_choice":"Skipped","floor":37,"damage_taken":0},{"event_name":"SensoryStone","player_choice":"Memory 1","floor":38,"damage_taken":0},{"event_name":"MindBloom","player_choice":"Fight","floor":41,"damage_taken":0}],"boss_relics":[{"not_picked":["Pandora\u0027s Box","Velvet Choker"],"picked":"Busted Crown"},{"not_picked":["Calling Bell","Eternal Feather"],"picked":"Empty Cage"}],"items_purged_floors":[],"is_endless":false,"potions_floor_spawned":[1,2,12,25,31,33,35,45,47],"ascension_level":0}