{"gold_per_floor":[117,95,110,285,235,249,249,249,249,259,184,196,208,226,226,331,331,342,342,362,362,362],"floor_reached":22,"playtime":663,"items_purged":["Defend_R"],"score":178,"play_id":"1d3b68cf-7999-4d20-a196-f419a1e4748e","local_time":"20181215123944","is_ascension_mode":false,"campfire_choices":[{"data":"Clash","floor":7,"key":"SMITH"},{"data":"Twin Strike","floor":15,"key":"SMITH"}],"neow_cost":"NONE","seed_source_timestamp":202482239522419,"circlet_count":0,"master_deck":["Strike_R","Strike_R","Strike_R","Strike_R","Strike_R","Defend_R","Defend_R","Defend_R","Pommel Strike","Clash+1","Twin Strike+1","Barricade"],"relics":["Burning Blood","Pocketwatch","Mark of Pain","Enchiridion"],"potions_floor_usage":[10,12,16],"damage_taken":[{"damage":6,"enemies":"Cultist","floor":1,"turns":3},{"damage":6,"enemies":"Jaw Worm","floor":3,"turns":2},{"damage":0,"enemies":"Small Slimes","floor":6,"turns":3},{"damage":0,"enemies":"Looter","floor":10,"turns":2},{"damage":10,"enemies":"Exordium Thugs","floor":12,"turns":4},{"damage":1,"enemies":"3 Louse","floor":13,"turns":3},{"damage":5,"enemies":"Looter","floor":14,"turns":2},{"damage":61,"enemies":"The Guardian","floor":16,"turns":17},{"damage":21,"enemies":"Spheric Guardian","floor":18,"turns":5},{"damage":10,"enemies":"Chosen","floor":20,"turns":4},{"damage":15,"enemies":"Snake Plant","floor":22,"turns":4}],"seed_played":"1818248666461885216","potions_obtained":[{"floor":3,"key":"AttackPotion"},{"floor":6,"key":"Weak Potion"},{"floor":10,"key":"Ancient Potion"}],"is_trial":false,"path_per_floor":["M","$","M","?","?","M","R","?","T","M","$","M","M","M","R","B",null,"M","?","M","$","M"],"character_chosen":"IRONCLAD","items_purchased":["Clash"],"campfire_rested":0,"item_purchase_floors":[2],"current_hp_per_floor":[88,88,88,88,88,88,88,88,88,88,88,84,88,88,88,33,88,73,57,53,53,38],"gold":362,"neow_bonus":"TEN_PERCENT_HP_BONUS","is_prod":false,"is_daily":false,"chose_seed":false,"campfire_upgraded":2,"win_rate":0,"timestamp":1544895584,"path_taken":["M","$","?","?","?","M","R","?","T","?","$","M","M","M","R","BOSS","M","?","M","$","M"],"build_version":"2018-12-13","purchased_purges":1,"victory":false,"max_hp_per_floor":[88,88,88,88,88,88,88,88,88,88,88,88,88,88,88,88,88,88,88,88,88,88],"card_choices":[{"not_picked":["Heavy Blade","Anger"],"picked":"Pommel Strike","floor":1},{"not_picked":["Cleave","Fire Breathing","Pummel"],"picked":"SKIP","floor":3},{"not_picked":["Cleave","Second Wind","Thunderclap"],"picked":"SKIP","floor":6},{"not_picked":["Cleave","Iron Wave","Power Through"],"picked":"SKIP","floor":10},{"not_picked":["Cleave","Blood for Blood","Anger"],"picked":"SKIP","floor":12},{"not_picked":["Limit Break","Anger","Dropkick"],"picked":"SKIP","floor":13},{"not_picked":["Anger","Sword Boomerang"],"picked":"Twin Strike","floor":14},{"not_picked":["Bludgeon","Juggernaut"],"picked":"Barricade","floor":16},{"not_picked":["Bloodletting","Intimidate","Havoc+1"],"picked":"SKIP","floor":18},{"not_picked":["Thunderclap","Searing Blow","Cleave"],"picked":"SKIP","floor":20}],"player_experience":315392,"relics_obtained":[{"floor":9,"key":"Pocketwatch"},{"floor":19,"key":"Enchiridion"}],"event_choices":[{"damage_healed":0,"gold_gain":175,"player_choice":"AGREE","damage_taken":0,"max_hp_gain":0,"max_hp_loss":0,"event_name":"Liars Game","floor":4,"gold_loss":0,"cards_obtained":["Doubt"]},{"cards_removed":["Doubt"],"damage_healed":0,"gold_gain":0,"player_choice":"Card Removal","damage_taken":0,"max_hp_gain":0,"max_hp_loss":0,"event_name":"The Cleric","floor":5,"gold_loss":50},{"cards_removed":["Bash"],"damage_healed":0,"gold_gain":0,"player_choice":"Offered Basic","damage_taken":0,"max_hp_gain":0,"max_hp_loss":0,"event_name":"Bonfire Elementals","floor":8,"gold_loss":0},{"damage_healed":0,"gold_gain":0,"player_choice":"Obtained Book","damage_taken":16,"max_hp_gain":0,"max_hp_loss":0,"event_name":"Cursed Tome","floor":19,"gold_loss":0}],"is_beta":false,"boss_relics":[{"not_picked":["Black Blood","Eternal Feather"],"picked":"Mark of Pain"}],"items_purged_floors":[11],"is_endless":false,"potions_floor_spawned":[3,6,10],"killed_by":"Snake Plant","ascension_level":0}