{"gold_per_floor":[118,118,118,43,118,133,133,33,33,33,52,76,116,132,132,132],"floor_reached":16,"playtime":927,"items_purged":["Strike_R","Strike_R"],"score":100,"play_id":"b5ab9022-481c-4b09-a2db-9a4b96bad1f7","local_time":"20190306032902","is_ascension_mode":false,"campfire_choices":[{"floor":15,"key":"REST"}],"neow_cost":"NONE","seed_source_timestamp":26894539219220,"circlet_count":0,"master_deck":["Strike_R","Strike_R","Defend_R","Defend_R","Defend_R","Defend_R","Bash","Headbutt+1","Battle Trance","Dual Wield","Flex","Warcry","Uppercut"],"relics":["Burning Blood","Frozen Egg 2","Golden Idol","Matryoshka"],"potions_floor_usage":[],"damage_taken":[{"damage":7,"enemies":"2 Louse","floor":1,"turns":3},{"damage":0,"enemies":"Jaw Worm","floor":6,"turns":5},{"damage":0,"enemies":"Cultist","floor":11,"turns":5},{"damage":7,"enemies":"Large Slime","floor":12,"turns":7},{"damage":31,"enemies":"Gremlin Nob","floor":13,"turns":4},{"damage":5,"enemies":"2 Fungi Beasts","floor":14,"turns":5},{"damage":41,"enemies":"Slime Boss","floor":16,"turns":7}],"seed_played":"-3569995668023592159","potions_obtained":[{"floor":6,"key":"Poison Potion"},{"floor":11,"key":"AttackPotion"},{"floor":13,"key":"Energy Potion"},{"floor":14,"key":"SteroidPotion"}],"is_trial":false,"path_per_floor":["M","?","T","$","?","M","?","$","T","?","M","M","E","M","R","B"],"character_chosen":"IRONCLAD","items_purchased":[],"campfire_rested":1,"item_purchase_floors":[],"current_hp_per_floor":[87,87,87,87,79,85,63,63,63,56,62,61,36,37,63,22],"gold":132,"neow_bonus":"TEN_PERCENT_HP_BONUS","is_prod":false,"is_daily":false,"chose_seed":false,"campfire_upgraded":0,"win_rate":0,"timestamp":1551810542,"path_taken":["M","?","?","?","?","?","?","$","T","?","M","M","E","M","R","BOSS"],"build_version":"2019-01-23","purchased_purges":2,"victory":false,"max_hp_per_floor":[88,88,88,88,88,88,88,88,88,88,88,88,88,88,88,88],"card_choices":[{"not_picked":["True Grit","Blood for Blood"],"picked":"Headbutt","floor":1},{"not_picked":["Fire Breathing+1","Body Slam"],"picked":"Battle Trance","floor":6},{"not_picked":["Shrug It Off","Anger"],"picked":"Dual Wield","floor":11},{"not_picked":["True Grit","Iron Wave"],"picked":"Flex","floor":12},{"not_picked":["Disarm","Immolate"],"picked":"Warcry","floor":13},{"not_picked":["Iron Wave","Intimidate"],"picked":"Uppercut","floor":14}],"player_experience":114703,"relics_obtained":[{"floor":3,"key":"Frozen Egg 2"},{"floor":13,"key":"Matryoshka"}],"event_choices":[{"damage_healed":0,"gold_gain":0,"player_choice":"Grow","damage_taken":0,"max_hp_gain":0,"max_hp_loss":0,"event_name":"Living Wall","floor":2,"gold_loss":0,"cards_upgraded":["Headbutt"]},{"damage_healed":0,"gold_gain":75,"player_choice":"Touch","damage_taken":8,"max_hp_gain":0,"max_hp_loss":0,"event_name":"FaceTrader","floor":5,"gold_loss":0},{"damage_healed":0,"gold_gain":0,"player_choice":"Take Damage","damage_taken":22,"relics_obtained":["Golden Idol"],"max_hp_gain":0,"max_hp_loss":0,"event_name":"Golden Idol","floor":7,"gold_loss":0},{"cards_removed":["Strike_R"],"damage_healed":0,"gold_gain":0,"player_choice":"Card Removal","damage_taken":7,"max_hp_gain":0,"max_hp_loss":0,"event_name":"Golden Wing","floor":10,"gold_loss":0}],"is_beta":false,"boss_relics":[],"items_purged_floors":[4,8],"is_endless":false,"potions_floor_spawned":[6,11,13,14],"killed_by":"Slime Boss","ascension_level":0}