{"gold_per_floor":[15,15,35,49,49,49,68,68,136,154,172,172,21,32,32,32],"floor_reached":16,"playtime":408,"items_purged":["Defend_G"],"score":188,"play_id":"87857171-aae7-4f50-b4f5-d93e7bd8cfe2","local_time":"20181101094809","is_ascension_mode":true,"campfire_choices":[{"floor":6,"key":"REST"},{"floor":8,"key":"REST"},{"data":"Glass Knife","floor":12,"key":"SMITH"},{"floor":15,"key":"REST"}],"neow_cost":"NO_GOLD","seed_source_timestamp":1610263752254476,"circlet_count":0,"master_deck":["Defend_G+1","Defend_G","Defend_G","Defend_G","Strike_G","Strike_G","Strike_G","Strike_G","Strike_G","Survivor+1","Neutralize","AscendersBane","Glass Knife+1","Footwork","Blur","Crippling Poison"],"relics":["Ring of the Snake","Darkstone Periapt"],"potions_floor_usage":[10,14,16,16],"damage_taken":[{"damage":5,"enemies":"Jaw Worm","floor":1,"turns":5},{"damage":5,"enemies":"Small Slimes","floor":3,"turns":3},{"damage":6,"enemies":"Cultist","floor":4,"turns":4},{"damage":10,"enemies":"Looter","floor":7,"turns":4},{"damage":5,"enemies":"3 Louse","floor":10,"turns":4},{"damage":13,"enemies":"Blue Slaver","floor":11,"turns":6},{"damage":0,"enemies":"Gremlin Gang","floor":14,"turns":5},{"damage":58,"enemies":"Hexaghost","floor":16,"turns":11}],"seed_played":"-4739686985956853645","potions_obtained":[{"floor":4,"key":"Energy Potion"},{"floor":7,"key":"AttackPotion"},{"floor":11,"key":"SpeedPotion"},{"floor":14,"key":"Weak Potion"}],"is_trial":false,"path_per_floor":["M","?","M","M","?","R","M","R","T","M","M","R","$","M","R"],"character_chosen":"THE_SILENT","items_purchased":["Crippling Poison"],"campfire_rested":3,"item_purchase_floors":[13],"current_hp_per_floor":[54,54,49,43,23,42,32,51,51,46,33,33,33,33,52,0],"gold":32,"neow_bonus":"THREE_RARE_CARDS","is_prod":false,"is_daily":false,"chose_seed":false,"campfire_upgraded":1,"win_rate":0,"timestamp":1541090889,"path_taken":["M","?","M","M","?","R","M","R","T","M","M","R","$","M","R","BOSS"],"build_version":"2018-10-25v2","purchased_purges":1,"victory":false,"max_hp_per_floor":[66,66,66,66,66,66,66,66,66,66,66,66,66,66,66,66],"card_choices":[{"not_picked":["Tools of the Trade","Burst"],"picked":"Glass Knife","floor":0},{"not_picked":["PiercingWail","Reflex","Underhanded Strike"],"picked":"SKIP","floor":1},{"not_picked":["Accuracy","Prepared","Reflex"],"picked":"SKIP","floor":3},{"not_picked":["Heel Hook","Deflect"],"picked":"Footwork","floor":4},{"not_picked":["Flying Knee","Dodge and Roll"],"picked":"Blur","floor":7},{"not_picked":["Eviscerate","Deflect","Accuracy"],"picked":"SKIP","floor":10},{"not_picked":["Dagger Spray","Eviscerate","Blade Dance"],"picked":"SKIP","floor":11},{"not_picked":["Underhanded Strike","Setup","Outmaneuver"],"picked":"SKIP","floor":14}],"player_experience":583622,"relics_obtained":[{"floor":9,"key":"Darkstone Periapt"}],"event_choices":[{"damage_healed":0,"gold_gain":0,"player_choice":"Leave","damage_taken":0,"max_hp_gain":0,"max_hp_loss":0,"event_name":"The Cleric","floor":2,"gold_loss":0},{"damage_healed":0,"gold_gain":0,"player_choice":"Entered Light","damage_taken":20,"max_hp_gain":0,"max_hp_loss":0,"event_name":"Shining Light","floor":5,"gold_loss":0,"cards_upgraded":["Defend_G","Survivor"]}],"is_beta":false,"boss_relics":[],"items_purged_floors":[13],"is_endless":false,"potions_floor_spawned":[4,7,11,14],"killed_by":"Hexaghost","ascension_level":20}