{"gold_per_floor":[110,185,185,200,45,45,70,70,95,55,74,93,93,103,103,208,208,228,228,216,226,242,242,274,199,225,241,241,253,253,4,4,109,109,119,119,119,119,137,137,150,176,200,212,212,212,247,258,258,258],"floor_reached":50,"playtime":2424,"items_purged":["Strike_G"],"score":619,"play_id":"330c1cf2-84a4-48a0-ad7b-72853ae9e25d","local_time":"20180929232050","is_ascension_mode":true,"campfire_choices":[{"data":"Infinite Blades","floor":6,"key":"SMITH"},{"data":"Blade Dance","floor":8,"key":"SMITH"},{"floor":13,"key":"REST"},{"data":"Blade Dance","floor":15,"key":"SMITH"},{"data":"Choke","floor":23,"key":"SMITH"},{"data":"Blade Dance","floor":28,"key":"SMITH"},{"data":"Well Laid Plans","floor":32,"key":"SMITH"},{"data":"Discovery","floor":49,"key":"SMITH"}],"neow_cost":"NONE","seed_source_timestamp":1312709134221128,"circlet_count":0,"master_deck":["Defend_G+1","Defend_G+1","Defend_G+1","Defend_G+1","Defend_G+1","Strike_G+1","Neutralize+1","Blade Dance+1","Blade Dance+1","Infinite Blades+1","PiercingWail+1","All Out Attack+1","Prepared+1","Well Laid Plans+1","Acrobatics+1","Grand Finale+1","Blade Dance+1","Blade Dance+1","Setup+1","Choke+1","Finisher+1","Tactician+1","Finisher+1","Panache+1","Adrenaline+1","Masterful Stab+1","Masterful Stab+1","PiercingWail+1","Discovery+1"],"relics":["Ring of the Snake","Ornamental Fan","Orichalcum","Coffee Dripper","Dodecahedron","PreservedInsect","Busted Crown","Mark of the Bloom","Whetstone","Blood Vial","Mercury Hourglass"],"potions_floor_usage":[7,18,33,35,50,50,50],"damage_taken":[{"damage":0,"enemies":"Cultist","floor":1,"turns":4},{"damage":0,"enemies":"Jaw Worm","floor":4,"turns":3},{"damage":38,"enemies":"Lagavulin","floor":7,"turns":11},{"damage":0,"enemies":"2 Louse","floor":11,"turns":2},{"damage":1,"enemies":"Large Slime","floor":12,"turns":6},{"damage":0,"enemies":"2 Fungi Beasts","floor":14,"turns":3},{"damage":21,"enemies":"Slime Boss","floor":16,"turns":10},{"damage":0,"enemies":"Chosen","floor":18,"turns":4},{"damage":0,"enemies":"2 Thieves","floor":20,"turns":4},{"damage":0,"enemies":"Centurion and Healer","floor":21,"turns":3},{"damage":27,"enemies":"Snake Plant","floor":22,"turns":6},{"damage":7,"enemies":"Book of Stabbing","floor":24,"turns":6},{"damage":0,"enemies":"Snecko","floor":27,"turns":4},{"damage":5,"enemies":"Shelled Parasite and Fungi","floor":29,"turns":3},{"damage":12,"enemies":"Collector","floor":33,"turns":8},{"damage":12,"enemies":"3 Shapes","floor":35,"turns":3},{"damage":0,"enemies":"Orb Walker","floor":39,"turns":1},{"damage":0,"enemies":"Transient","floor":41,"turns":5},{"damage":0,"enemies":"Maw","floor":44,"turns":4},{"damage":0,"enemies":"2 Orb Walkers","floor":47,"turns":2},{"damage":0,"enemies":"3 Darklings","floor":48,"turns":3},{"damage":68,"enemies":"Time Eater","floor":50,"turns":7}],"seed_played":"-2210364941623436272","potions_obtained":[{"floor":1,"key":"Fruit Juice"},{"floor":7,"key":"Swift Potion"},{"floor":12,"key":"PowerPotion"},{"floor":16,"key":"Fire Potion"},{"floor":22,"key":"Fire Potion"},{"floor":33,"key":"Weak Potion"},{"floor":39,"key":"LiquidBronze"}],"is_trial":false,"path_per_floor":["M","?","?","M","$","R","E","R","T","$","M","M","R","M","R","B",null,"M","?","M","M","M","R","E","?","T","M","R","M","?","$","R","B",null,"M","?","?","?","M","R","M","T","T","M","R","?","E","M","R"],"character_chosen":"THE_SILENT","items_purchased":["Infinite Blades","All Out Attack","Finisher","Panache"],"campfire_rested":1,"item_purchase_floors":[5,10,31,31],"current_hp_per_floor":[70,59,52,52,52,52,19,19,19,19,19,18,40,40,40,19,75,75,75,75,75,48,48,41,41,41,41,41,36,36,36,36,24,75,63,63,63,63,63,63,63,63,63,63,63,63,63,63,63,0],"gold":258,"neow_bonus":"UPGRADE_CARD","is_prod":false,"is_daily":false,"chose_seed":false,"campfire_upgraded":7,"win_rate":0,"timestamp":1538277650,"path_taken":["M","?","?","M","?","R","E","R","T","$","?","M","R","M","R","BOSS","M","?","M","?","M","R","E","?","T","M","R","M","?","$","R","BOSS","M","?","?","?","?","R","M","?","T","?","R","?","E","M","R","BOSS"],"build_version":"2018-09-27","purchased_purges":1,"victory":false,"max_hp_per_floor":[70,70,70,70,70,70,75,75,75,75,75,75,75,75,75,75,75,75,75,75,75,75,75,75,75,75,75,75,75,75,75,75,75,75,75,75,75,75,75,75,75,75,75,75,75,75,75,75,75,75],"card_choices":[{"not_picked":["Terror","Quick Slash"],"picked":"Blade Dance","floor":1},{"not_picked":["Infinite Blades","Accuracy"],"picked":"Blade Dance","floor":4},{"not_picked":["Poisoned Stab","Predator"],"picked":"PiercingWail","floor":7},{"not_picked":["Dodge and Roll","Slice"],"picked":"Prepared","floor":11},{"not_picked":["Skewer","Calculated Gamble"],"picked":"Well Laid Plans","floor":12},{"not_picked":["Sucker Punch","Dagger Spray"],"picked":"Acrobatics","floor":14},{"not_picked":["Wraith Form v2","Die Die Die"],"picked":"Grand Finale","floor":16},{"not_picked":["Outmaneuver","Underhanded Strike"],"picked":"Blade Dance","floor":18},{"not_picked":["Prepared","Well Laid Plans"],"picked":"Blade Dance","floor":20},{"not_picked":["Acrobatics","Flechettes"],"picked":"Setup+1","floor":21},{"not_picked":["Acrobatics+1","Expertise"],"picked":"Choke","floor":22},{"not_picked":["Bane","Flying Knee"],"picked":"Finisher","floor":24},{"not_picked":["Flying Knee+1","PiercingWail"],"picked":"Tactician","floor":27},{"not_picked":["PiercingWail","Backstab","Corpse Explosion"],"picked":"SKIP","floor":29},{"not_picked":["Grand Finale","Tools of the Trade"],"picked":"Adrenaline","floor":33},{"not_picked":["Deflect"],"picked":"SKIP","floor":35},{"not_picked":[],"picked":"Masterful Stab+1","floor":39},{"not_picked":["Flying Knee"],"picked":"SKIP","floor":41},{"not_picked":[],"picked":"PiercingWail+1","floor":44},{"not_picked":[],"picked":"Discovery","floor":46},{"not_picked":["All Out Attack+1"],"picked":"SKIP","floor":47},{"not_picked":["Prepared"],"picked":"SKIP","floor":48}],"player_experience":286153,"relics_obtained":[{"floor":7,"key":"Ornamental Fan"},{"floor":9,"key":"Orichalcum"},{"floor":24,"key":"Dodecahedron"},{"floor":26,"key":"PreservedInsect"},{"floor":42,"key":"Whetstone"},{"floor":43,"key":"Blood Vial"},{"floor":47,"key":"Mercury Hourglass"}],"event_choices":[{"event_name":"World of Goop","player_choice":"Gather Gold","floor":2,"damage_taken":0},{"event_name":"Golden Wing","player_choice":"Card Removal","floor":3,"damage_taken":0},{"event_name":"Back to Basics","player_choice":"Simplicity","floor":19,"damage_taken":0},{"event_name":"Beggar","player_choice":"Gave Gold","floor":25,"damage_taken":0},{"event_name":"Cursed Tome","player_choice":"Ignored","floor":30,"damage_taken":0},{"event_name":"Falling","player_choice":"Removed Attack","floor":36,"damage_taken":0},{"event_name":"Transmorgrifier","player_choice":"Transform","floor":37,"damage_taken":0},{"event_name":"MindBloom","player_choice":"Upgrade","floor":38,"damage_taken":0},{"event_name":"SensoryStone","player_choice":"Memory 1","floor":46,"damage_taken":0}],"is_beta":false,"boss_relics":[{"not_picked":["HoveringKite","Snecko Eye"],"picked":"Coffee Dripper"},{"not_picked":["Astrolabe","Tiny House"],"picked":"Busted Crown"}],"items_purged_floors":[5],"is_endless":false,"potions_floor_spawned":[1,7,12,16,22,24,29,33,39,41,47],"killed_by":"Time Eater","ascension_level":1}