{"gold_per_floor":[419,419,39,56,56,88,88,100,170,188,208,208,219,239,239,337,337,347,347,15,32,52,85,85,101,125,125,144,158,175,175,175,276,276,293,293,10,25,40,40,60,60,60,98,110,149,161,192,204,216],"floor_reached":51,"playtime":3376,"items_purged":["Strike_B","Strike_B"],"score":1210,"play_id":"12d500d0-38d8-4e07-b1d0-16abd4c5933c","local_time":"20181019112200","is_ascension_mode":true,"campfire_choices":[{"data":"Apotheosis","floor":7,"key":"SMITH"},{"floor":12,"key":"REST"},{"floor":15,"key":"REST"},{"floor":24,"key":"REST"},{"data":"1","floor":27,"key":"LIFT"},{"data":"2","floor":32,"key":"LIFT"},{"floor":40,"key":"REST"},{"data":"3","floor":42,"key":"LIFT"},{"data":"Defend_B","floor":49,"key":"PURGE"}],"neow_cost":"PERCENT_DAMAGE","seed_source_timestamp":401284779578902,"circlet_count":0,"master_deck":["Defend_B","Defend_B","Defend_B","Zap","Dualcast","Conserve Battery","Apotheosis+1","Self Repair","Cold Snap","Gash","Ball Lightning","Hello World","Glacier","Seek+1","Coolheaded","Gash","Machine Learning","Chill+1","Capacitor","Hello World","Cold Snap","Storm","Hologram","Stack","Hologram","Bite","Bite","Bite","Bite","Bite","Reboot","Gash","Trip","Fusion","Capacitor","Cold Snap","FTL","Mayhem","Hologram+1","Beam Cell+1","Defragment","Hologram","Writhe","Beam Cell+1","Barrage+1","Cold Snap+1"],"relics":["Cracked Core","Old Coin","Membership Card","Pen Nib","Kunai","Odd Mushroom","Inserter","Mummified Hand","Girya","Ancient Tea Set","Lantern","Fusion Hammer","PreservedInsect","MawBank","Gambling Chip","Mango","Peace Pipe"],"potions_floor_usage":[6,16,33,33,33,39,46,50,50],"damage_taken":[{"damage":0,"enemies":"Cultist","floor":1,"turns":3},{"damage":0,"enemies":"2 Louse","floor":4,"turns":3},{"damage":41,"enemies":"Gremlin Nob","floor":6,"turns":5},{"damage":0,"enemies":"Small Slimes","floor":8,"turns":3},{"damage":14,"enemies":"Red Slaver","floor":10,"turns":3},{"damage":13,"enemies":"The Mushroom Lair","floor":11,"turns":6},{"damage":12,"enemies":"Exordium Thugs","floor":13,"turns":5},{"damage":15,"enemies":"3 Louse","floor":14,"turns":3},{"damage":0,"enemies":"The Guardian","floor":16,"turns":9},{"damage":12,"enemies":"3 Byrds","floor":18,"turns":6},{"damage":11,"enemies":"Chosen","floor":21,"turns":5},{"damage":7,"enemies":"Snecko","floor":22,"turns":6},{"damage":58,"enemies":"Gremlin Leader","floor":23,"turns":8},{"damage":24,"enemies":"Snake Plant","floor":25,"turns":5},{"damage":4,"enemies":"Centurion and Healer","floor":28,"turns":6},{"damage":0,"enemies":"Snecko","floor":29,"turns":4},{"damage":0,"enemies":"Sentry and Sphere","floor":30,"turns":3},{"damage":42,"enemies":"Collector","floor":33,"turns":11},{"damage":0,"enemies":"3 Shapes","floor":35,"turns":7},{"damage":17,"enemies":"Orb Walker","floor":38,"turns":3},{"damage":28,"enemies":"Spire Growth","floor":39,"turns":5},{"damage":9,"enemies":"Sphere and 2 Shapes","floor":41,"turns":4},{"damage":29,"enemies":"Reptomancer","floor":44,"turns":5},{"damage":6,"enemies":"Nemesis","floor":46,"turns":5},{"damage":0,"enemies":"Mind Bloom Boss Battle","floor":47,"turns":4},{"damage":12,"enemies":"Maw","floor":48,"turns":5},{"damage":71,"enemies":"Donu and Deca","floor":50,"turns":8}],"seed_played":"7272723376972076522","potions_obtained":[{"floor":4,"key":"GamblersBrew"},{"floor":10,"key":"FocusPotion"},{"floor":11,"key":"EssenceOfSteel"},{"floor":16,"key":"Strength Potion"},{"floor":18,"key":"SteroidPotion"},{"floor":29,"key":"SkillPotion"},{"floor":35,"key":"AttackPotion"},{"floor":39,"key":"SkillPotion"},{"floor":47,"key":"GamblersBrew"},{"floor":48,"key":"Energy Potion"}],"is_trial":false,"path_per_floor":["M","?","$","M","?","E","R","M","T","M","?","R","M","M","R","B",null,"M","?","$","M","M","E","R","M","T","R","M","M","M","?","R","B",null,"M","?","$","M","M","R","M","R","T","E","?","E","?","M","R","B"],"character_chosen":"DEFECT","items_purchased":["Membership Card","Apotheosis","Self Repair","Cold Snap","Mummified Hand","Girya","PreservedInsect","Fusion","Capacitor","Cold Snap","FTL","Mayhem"],"campfire_rested":4,"item_purchase_floors":[3,3,3,3,20,20,37,37,37,37,37,37],"current_hp_per_floor":[50,50,50,60,60,29,29,29,29,22,19,41,39,34,56,66,73,71,71,71,70,73,25,47,33,33,33,36,46,56,52,52,44,50,52,52,52,41,19,34,50,50,50,32,45,66,66,66,66,12],"gold":228,"neow_bonus":"ONE_RARE_RELIC","is_prod":false,"is_daily":false,"chose_seed":false,"campfire_upgraded":1,"win_rate":0,"timestamp":1539973320,"path_taken":["M","?","$","M","?","E","R","M","T","?","?","R","M","M","R","BOSS","M","?","$","M","M","E","R","M","T","R","M","?","M","?","R","BOSS","M","?","$","M","?","R","M","R","T","E","?","E","?","M","R","BOSS"],"build_version":"2018-10-18","purchased_purges":2,"victory":true,"max_hp_per_floor":[75,75,75,75,75,75,75,75,75,75,75,75,75,75,75,75,75,75,75,75,75,75,75,75,75,75,75,75,75,75,52,52,52,52,52,52,52,52,52,52,52,52,52,52,52,66,66,66,66,66],"card_choices":[{"not_picked":["Steam","Barrage"],"picked":"Conserve Battery","floor":1},{"not_picked":["Coolheaded","Skim"],"picked":"Gash","floor":4},{"not_picked":["Melter","Leap"],"picked":"Ball Lightning","floor":6},{"not_picked":["Force Field","Beam Cell"],"picked":"Hello World","floor":8},{"not_picked":["Genetic Algorithm","Turbo"],"picked":"Glacier","floor":10},{"not_picked":["Sweeping Beam","Fusion"],"picked":"Seek","floor":11},{"not_picked":["Beam Cell","Aggregate"],"picked":"Coolheaded","floor":13},{"not_picked":["Sunder","Sweeping Beam"],"picked":"Gash","floor":14},{"not_picked":["Seek","Biased Cognition"],"picked":"Machine Learning","floor":16},{"not_picked":["Barrage","Static Discharge"],"picked":"Chill+1","floor":18},{"not_picked":["Force Field","Gash"],"picked":"Capacitor","floor":21},{"not_picked":["Barrage+1","Conserve Battery"],"picked":"Hello World","floor":22},{"not_picked":["FTL","Steam"],"picked":"Cold Snap","floor":23},{"not_picked":["Leap","Coolheaded+1"],"picked":"Storm","floor":25},{"not_picked":["Darkness","Conserve Battery"],"picked":"Hologram","floor":28},{"not_picked":["Double Energy","Undo+1"],"picked":"Stack","floor":29},{"not_picked":["Scrape+1","Turbo"],"picked":"Hologram","floor":30},{"not_picked":["Meteor Strike","Hyperbeam"],"picked":"Reboot","floor":33},{"not_picked":["Redo+1","Rebound+1"],"picked":"Gash","floor":35},{"not_picked":["Panacea","Secret Technique"],"picked":"Trip","floor":36},{"not_picked":["Go for the Eyes","Reprogram"],"picked":"Hologram+1","floor":38},{"not_picked":["Redo+1","Sweeping Beam"],"picked":"Beam Cell+1","floor":39},{"not_picked":["Steam+1","FTL"],"picked":"Defragment","floor":41},{"not_picked":["Redo","Coolheaded+1"],"picked":"Hologram","floor":44},{"not_picked":["Go for the Eyes","Redo+1"],"picked":"Beam Cell+1","floor":46},{"not_picked":["Coolheaded+1","Ball Lightning"],"picked":"Barrage+1","floor":47},{"not_picked":["Auto Shields","Conserve Battery"],"picked":"Cold Snap+1","floor":48}],"player_experience":301122,"relics_obtained":[{"floor":6,"key":"Pen Nib"},{"floor":9,"key":"Kunai"},{"floor":11,"key":"Odd Mushroom"},{"floor":23,"key":"Ancient Tea Set"},{"floor":26,"key":"Lantern"},{"floor":43,"key":"MawBank"},{"floor":44,"key":"Gambling Chip"},{"floor":46,"key":"Mango"},{"floor":47,"key":"Peace Pipe"}],"event_choices":[{"cards_removed":["Strike_B"],"damage_healed":0,"gold_gain":0,"player_choice":"Purged","damage_taken":0,"max_hp_gain":0,"max_hp_loss":0,"event_name":"Purifier","floor":2,"gold_loss":0},{"damage_healed":0,"gold_gain":0,"player_choice":"Ignored","damage_taken":0,"max_hp_gain":0,"max_hp_loss":0,"event_name":"Liars Game","floor":5,"gold_loss":0},{"damage_healed":0,"gold_gain":0,"player_choice":"Fought Mushrooms","damage_taken":0,"max_hp_gain":0,"max_hp_loss":0,"event_name":"Mushrooms","floor":11,"gold_loss":0},{"damage_healed":0,"gold_gain":0,"player_choice":"Forge","damage_taken":0,"max_hp_gain":0,"max_hp_loss":0,"event_name":"Accursed Blacksmith","floor":19,"gold_loss":0,"cards_upgraded":["Seek"]},{"damage_healed":0,"gold_gain":0,"player_choice":"Became a vampire","damage_taken":0,"max_hp_gain":0,"max_hp_loss":23,"event_name":"Vampires","floor":31,"gold_loss":0,"cards_obtained":["Bite","Bite","Bite","Bite","Bite"]},{"damage_healed":0,"gold_gain":0,"player_choice":"Memory 1","damage_taken":0,"max_hp_gain":0,"max_hp_loss":0,"event_name":"SensoryStone","floor":36,"gold_loss":0},{"damage_healed":13,"gold_gain":0,"player_choice":"Writhe","damage_taken":0,"max_hp_gain":0,"max_hp_loss":0,"event_name":"Winding Halls","floor":45,"gold_loss":0,"cards_obtained":["Writhe"]},{"damage_healed":0,"gold_gain":0,"player_choice":"Fight","damage_taken":0,"max_hp_gain":0,"max_hp_loss":0,"event_name":"MindBloom","floor":47,"gold_loss":0}],"is_beta":false,"boss_relics":[{"not_picked":["Busted Crown","Coffee Dripper"],"picked":"Inserter"},{"not_picked":["Runic Pyramid","Snecko Eye"],"picked":"Fusion Hammer"}],"items_purged_floors":[3,20],"is_endless":false,"potions_floor_spawned":[4,10,11,16,18,22,28,29,30,35,39,47,48],"ascension_level":9}