{"gold_per_floor":[19,30,30,50,0,0,26,26,53,65,106,118,161,187,199,336,348,344,356,387,524,70,70,70,114,168,184,30,45,45,59,59,189,189,204,204,225,75,89,89,9,9,77,77,96,221,221,237,237,237],"floor_reached":51,"playtime":5305,"items_purged":["Injury","Writhe"],"score":716,"play_id":"19d1dc56-ce82-4b09-867b-f06583dc3eef","local_time":"20190308104147","is_ascension_mode":true,"campfire_choices":[{"data":"Metallicize","floor":6,"key":"SMITH"},{"data":"Barricade","floor":8,"key":"SMITH"},{"data":"Bash","floor":10,"key":"SMITH"},{"floor":15,"key":"REST"},{"floor":23,"key":"REST"},{"floor":32,"key":"REST"},{"floor":40,"key":"REST"},{"data":"Juggernaut","floor":42,"key":"SMITH"},{"data":"Inflame","floor":44,"key":"SMITH"},{"data":"True Grit","floor":49,"key":"SMITH"}],"neow_cost":"NO_GOLD","seed_source_timestamp":2043408283659794,"circlet_count":0,"master_deck":["Strike_R","Defend_R+1","Defend_R","Defend_R","Bash+1","Seeing Red+1","Sentinel","Metallicize+1","Barricade+1","Rage","Inflame+1","Shrug It Off","Juggernaut+1","True Grit+1","Dropkick+1","Seeing Red","True Grit+1","Pommel Strike+1","Armaments+1","Shrug It Off+1","Pommel Strike+1","Limit Break+1","Flex+1","Burning Pact+1","Entrench+1","Spot Weakness+1","Impervious+1","Decay","True Grit+1"],"relics":["Burning Blood","Bronze Scales","MawBank","StoneCalendar","Golden Idol","War Paint","Philosopher\u0027s Stone","Calipers","Bottled Tornado","Regal Pillow","Question Card","Toxic Egg 2","Potion Belt","Pen Nib","Empty Cage","CultistMask","Vajra","Meat on the Bone","Pocketwatch"],"potions_floor_usage":[13,13,16,16,21,21,27,33,50,50],"damage_taken":[{"damage":4,"enemies":"Jaw Worm","floor":1,"turns":5},{"damage":1,"enemies":"2 Louse","floor":2,"turns":3},{"damage":5,"enemies":"Small Slimes","floor":4,"turns":8},{"damage":18,"enemies":"3 Sentries","floor":7,"turns":16},{"damage":11,"enemies":"Lagavulin","floor":11,"turns":10},{"damage":24,"enemies":"Gremlin Nob","floor":13,"turns":5},{"damage":7,"enemies":"3 Louse","floor":14,"turns":6},{"damage":17,"enemies":"Hexaghost","floor":16,"turns":9},{"damage":18,"enemies":"2 Thieves","floor":18,"turns":4},{"damage":0,"enemies":"Chosen","floor":20,"turns":5},{"damage":35,"enemies":"Colosseum Slavers","floor":21,"turns":5},{"damage":37,"enemies":"Colosseum Nobs","floor":21,"turns":5},{"damage":29,"enemies":"Book of Stabbing","floor":25,"turns":5},{"damage":9,"enemies":"Sentry and Sphere","floor":27,"turns":6},{"damage":9,"enemies":"3 Cultists","floor":29,"turns":5},{"damage":2,"enemies":"Centurion and Healer","floor":31,"turns":7},{"damage":34,"enemies":"Champ","floor":33,"turns":10},{"damage":45,"enemies":"3 Darklings","floor":35,"turns":5},{"damage":1,"enemies":"3 Shapes","floor":37,"turns":7},{"damage":12,"enemies":"Sphere and 2 Shapes","floor":39,"turns":6},{"damage":40,"enemies":"3 Darklings","floor":45,"turns":6},{"damage":0,"enemies":"Mind Bloom Boss Battle","floor":46,"turns":6},{"damage":0,"enemies":"Maw","floor":48,"turns":7},{"damage":9,"enemies":"Time Eater","floor":50,"turns":11}],"seed_played":"9116892438891544103","potions_obtained":[{"floor":4,"key":"Dexterity Potion"},{"floor":11,"key":"Swift Potion"},{"floor":13,"key":"Strength Potion"},{"floor":14,"key":"Weak Potion"},{"floor":16,"key":"EssenceOfSteel"},{"floor":20,"key":"SteroidPotion"},{"floor":25,"key":"Block Potion"},{"floor":31,"key":"SpeedPotion"},{"floor":35,"key":"Fire Potion"},{"floor":37,"key":"Energy Potion"},{"floor":45,"key":"PowerPotion"}],"is_trial":false,"path_per_floor":["M","M","$","M","?","R","E","R","T","R","E","?","E","M","R","B",null,"M","?","M","?","$","R","?","E","T","M","$","M","?","M","R","B",null,"M","?","M","$","M","R","$","R","T","R","M","?","?","M","R","B",null],"character_chosen":"IRONCLAD","items_purchased":["Regal Pillow","Question Card","Armaments+1","Vajra","Entrench+1"],"campfire_rested":4,"item_purchase_floors":[22,22,28,38,41],"current_hp_per_floor":[80,80,80,80,80,80,68,68,68,68,63,63,45,44,68,57,80,68,68,74,14,14,53,53,30,30,27,27,24,24,28,67,39,80,41,41,46,46,40,79,79,79,79,79,57,63,63,69,69,66],"gold":237,"neow_bonus":"REMOVE_TWO","is_prod":false,"is_daily":false,"chose_seed":false,"campfire_upgraded":6,"win_rate":0,"timestamp":1552059707,"path_taken":["M","M","$","M","?","R","E","R","T","R","E","?","E","M","R","BOSS","M","?","M","?","$","R","?","E","T","M","$","M","?","M","R","BOSS","M","?","M","$","?","R","$","R","T","R","M","?","?","M","R","BOSS"],"build_version":"2019-01-23","purchased_purges":2,"victory":true,"max_hp_per_floor":[80,80,80,80,80,80,80,80,80,80,80,80,80,80,80,80,80,80,80,80,80,80,80,80,80,80,80,80,80,80,80,80,80,80,80,80,80,80,80,80,80,80,80,80,80,80,80,80,80,80],"card_choices":[{"not_picked":["Clothesline","Sever Soul"],"picked":"Seeing Red","floor":1},{"not_picked":["Twin Strike","Heavy Blade"],"picked":"Sentinel","floor":2},{"not_picked":["Sentinel","Brutality"],"picked":"Metallicize","floor":4},{"not_picked":["Fiend Fire","Wild Strike"],"picked":"Barricade","floor":7},{"not_picked":["Heavy Blade","Warcry"],"picked":"Rage","floor":11},{"not_picked":["Shockwave","Blood for Blood"],"picked":"Inflame","floor":13},{"not_picked":["Heavy Blade","Evolve"],"picked":"Shrug It Off","floor":14},{"not_picked":["Double Tap","Brutality"],"picked":"Juggernaut","floor":16},{"not_picked":["Body Slam","Clothesline"],"picked":"True Grit","floor":18},{"not_picked":["Second Wind","Sever Soul"],"picked":"Dropkick+1","floor":20},{"not_picked":["Sword Boomerang","Clothesline+1"],"picked":"Seeing Red","floor":21},{"not_picked":["Carnage","Warcry+1","Thunderclap"],"picked":"True Grit+1","floor":25},{"not_picked":["Searing Blow+1","Burning Pact+1","Warcry+1"],"picked":"Pommel Strike+1","floor":27},{"not_picked":["Pummel+1","Evolve","Anger"],"picked":"Shrug It Off+1","floor":29},{"not_picked":["Sword Boomerang+1","Barricade","Searing Blow"],"picked":"Pommel Strike+1","floor":31},{"not_picked":["Reaper","Immolate","Double Tap+1"],"picked":"Limit Break+1","floor":33},{"not_picked":["Perfected Strike+1","Evolve","Infernal Blade+1"],"picked":"Flex+1","floor":35},{"not_picked":["Anger+1","Flex+1","Cleave"],"picked":"Burning Pact+1","floor":37},{"not_picked":["Body Slam","Twin Strike","Searing Blow+1","Cleave"],"picked":"SKIP","floor":39},{"not_picked":["Clothesline+1","Shrug It Off+1","Searing Blow+1"],"picked":"Spot Weakness+1","floor":45},{"not_picked":["Burning Pact+1","Pommel Strike","Iron Wave"],"picked":"Impervious+1","floor":46},{"not_picked":["Body Slam","Cleave","Clash+1"],"picked":"True Grit+1","floor":48}],"player_experience":99682,"relics_obtained":[{"floor":7,"key":"Bronze Scales"},{"floor":9,"key":"MawBank"},{"floor":11,"key":"StoneCalendar"},{"floor":13,"key":"War Paint"},{"floor":21,"key":"Calipers"},{"floor":21,"key":"Bottled Tornado"},{"floor":25,"key":"Potion Belt"},{"floor":26,"key":"Pen Nib"},{"floor":43,"key":"Meat on the Bone"},{"floor":46,"key":"Pocketwatch"}],"event_choices":[{"cards_removed":["Defend_R"],"damage_healed":0,"gold_gain":0,"player_choice":"Card Removal","damage_taken":0,"max_hp_gain":0,"max_hp_loss":0,"event_name":"The Cleric","floor":5,"gold_loss":50},{"damage_healed":0,"gold_gain":0,"player_choice":"Take Wound","damage_taken":0,"relics_obtained":["Golden Idol"],"max_hp_gain":0,"max_hp_loss":0,"event_name":"Golden Idol","floor":12,"gold_loss":0,"cards_obtained":["Injury"]},{"damage_healed":0,"gold_gain":0,"player_choice":"Ignored","damage_taken":0,"max_hp_gain":0,"max_hp_loss":0,"event_name":"Cursed Tome","floor":19,"gold_loss":0},{"damage_healed":0,"gold_gain":0,"player_choice":"Fight","damage_taken":0,"max_hp_gain":0,"max_hp_loss":0,"event_name":"Colosseum","floor":21,"gold_loss":0},{"damage_healed":0,"gold_gain":0,"player_choice":"Fought Nobs","damage_taken":0,"max_hp_gain":0,"max_hp_loss":0,"event_name":"Colosseum","floor":21,"gold_loss":0},{"damage_healed":0,"gold_gain":0,"player_choice":"Opened","damage_taken":0,"relics_obtained":["Toxic Egg 2"],"max_hp_gain":0,"max_hp_loss":0,"event_name":"The Mausoleum","floor":24,"gold_loss":0,"cards_obtained":["Writhe"]},{"damage_healed":0,"gold_gain":0,"player_choice":"Ignored","damage_taken":0,"max_hp_gain":0,"max_hp_loss":0,"event_name":"Ghosts","floor":30,"gold_loss":0},{"damage_healed":0,"gold_gain":0,"player_choice":"Trade","damage_taken":0,"relics_obtained":["CultistMask"],"max_hp_gain":0,"max_hp_loss":0,"event_name":"FaceTrader","floor":36,"gold_loss":0},{"damage_healed":0,"gold_gain":0,"player_choice":"Fight","damage_taken":0,"max_hp_gain":0,"max_hp_loss":0,"event_name":"MindBloom","floor":46,"gold_loss":0},{"damage_healed":0,"gold_gain":0,"player_choice":"Cursed","damage_taken":0,"max_hp_gain":0,"max_hp_loss":0,"event_name":"Wheel of Change","floor":47,"gold_loss":0,"cards_obtained":["Decay"]}],"is_beta":false,"boss_relics":[{"not_picked":["Eternal Feather","Coffee Dripper"],"picked":"Philosopher\u0027s Stone"},{"not_picked":["Orrery","Black Blood"],"picked":"Empty Cage"}],"items_purged_floors":[22,28],"is_endless":false,"potions_floor_spawned":[4,11,13,14,16,20,21,25,31,35,37,45],"ascension_level":1}