{"gold_per_floor":[110,110,11,25,44,44,79,79,79,114,114,132,132,143,143,243,243,258,277,143,143],"floor_reached":21,"playtime":1500,"items_purged":["Defend_G","Strike_G"],"score":208,"play_id":"36cc8ebe-0f61-4daf-a5d0-503e9140ac68","local_time":"20190302211413","is_ascension_mode":true,"campfire_choices":[{"data":"Neutralize","floor":6,"key":"SMITH"},{"floor":13,"key":"REST"},{"data":"Skewer","floor":15,"key":"SMITH"}],"neow_cost":"NONE","seed_source_timestamp":1480290101866182,"circlet_count":0,"master_deck":["Defend_G","Defend_G","Defend_G","Defend_G","Strike_G","Strike_G","Strike_G","Survivor","Neutralize+1","All Out Attack","Bane","Skewer+1","Backflip","Dash","Catalyst","Burst","Infinite Blades","Accuracy"],"relics":["Ring of the Snake","Omamori","Du-Vu Doll","Anchor","Letter Opener","Question Card","Bag of Preparation","Black Star"],"potions_floor_usage":[10,16,21],"damage_taken":[{"damage":0,"enemies":"Small Slimes","floor":1,"turns":4},{"damage":0,"enemies":"Jaw Worm","floor":4,"turns":4},{"damage":7,"enemies":"2 Louse","floor":5,"turns":2},{"damage":37,"enemies":"Gremlin Nob","floor":7,"turns":5},{"damage":18,"enemies":"3 Sentries","floor":10,"turns":9},{"damage":8,"enemies":"Exordium Wildlife","floor":12,"turns":3},{"damage":9,"enemies":"Red Slaver","floor":14,"turns":4},{"damage":2,"enemies":"Slime Boss","floor":16,"turns":9},{"damage":46,"enemies":"Spheric Guardian","floor":18,"turns":6},{"damage":22,"enemies":"3 Byrds","floor":19,"turns":6},{"damage":3,"enemies":"Shelled Parasite and Fungi","floor":21,"turns":4}],"seed_played":"-1483885955462093823","potions_obtained":[{"floor":7,"key":"Regen Potion"},{"floor":10,"key":"Ancient Potion"},{"floor":12,"key":"Energy Potion"},{"floor":18,"key":"Fire Potion"}],"is_trial":false,"path_per_floor":["M","?","$","M","M","R","E","?","T","E","?","M","R","M","R","B",null,"M","M","$","M"],"character_chosen":"THE_SILENT","items_purchased":["Bane","Accuracy"],"campfire_rested":1,"item_purchase_floors":[3,20],"current_hp_per_floor":[70,63,63,63,56,56,19,19,19,16,16,8,29,20,20,18,70,24,2,2,0],"gold":143,"neow_bonus":"RANDOM_COMMON_RELIC","is_prod":false,"is_daily":false,"chose_seed":false,"campfire_upgraded":2,"win_rate":0,"timestamp":1551590053,"path_taken":["M","?","$","M","M","R","E","?","T","E","?","M","R","M","R","BOSS","M","M","$","M"],"build_version":"2019-01-23","purchased_purges":2,"victory":false,"max_hp_per_floor":[70,70,70,70,70,70,70,70,70,70,70,70,70,70,70,70,70,70,70,70,70],"card_choices":[{"not_picked":["Deadly Poison","Backflip"],"picked":"All Out Attack","floor":1},{"not_picked":["Flying Knee","Slice","Deflect"],"picked":"SKIP","floor":4},{"not_picked":["Setup","Blade Dance","Expertise"],"picked":"SKIP","floor":5},{"not_picked":["Acrobatics","Quick Slash","Prepared"],"picked":"SKIP","floor":7},{"not_picked":["Quick Slash","Deflect"],"picked":"Backflip","floor":10},{"not_picked":["Slice","After Image","Sucker Punch"],"picked":"Dash","floor":12},{"not_picked":["Backflip","Deflect","Flying Knee"],"picked":"Catalyst","floor":14},{"not_picked":["Bullet Time","Die Die Die","A Thousand Cuts"],"picked":"Burst","floor":16},{"not_picked":["Outmaneuver+1","Flying Knee","Expertise"],"picked":"Infinite Blades","floor":18},{"not_picked":["Expertise","Choke","Sucker Punch","Distraction"],"picked":"SKIP","floor":19}],"player_experience":184063,"relics_obtained":[{"floor":7,"key":"Anchor"},{"floor":9,"key":"Letter Opener"},{"floor":10,"key":"Question Card"}],"event_choices":[{"damage_healed":0,"gold_gain":0,"player_choice":"Success","damage_taken":7,"relics_obtained":["Du-Vu Doll"],"max_hp_gain":0,"max_hp_loss":0,"event_name":"Scrap Ooze","floor":2,"gold_loss":0},{"damage_healed":0,"gold_gain":0,"cards_transformed":["Strike_G"],"player_choice":"Change","damage_taken":0,"max_hp_gain":0,"max_hp_loss":0,"event_name":"Living Wall","floor":8,"gold_loss":0,"cards_obtained":["Skewer"]},{"damage_healed":0,"gold_gain":0,"player_choice":"Box","damage_taken":0,"relics_obtained":["Bag of Preparation"],"max_hp_gain":0,"max_hp_loss":0,"event_name":"Big Fish","floor":11,"gold_loss":0,"cards_obtained":["Regret"]}],"is_beta":false,"boss_relics":[{"not_picked":["Runic Pyramid","White Beast Statue"],"picked":"Black Star"}],"items_purged_floors":[3,20],"is_endless":false,"potions_floor_spawned":[7,10,12,18],"killed_by":"Shelled Parasite and Fungi","ascension_level":2}