{"gold_per_floor":[114,124,136,136,436,466,466,493,505,517,50,50,50,65,65,193,193,214,88,71,90,42,75,98,98,145,145,169,169,189,222,222,346,346,364,364,14,37,58,58,58],"floor_reached":41,"playtime":3003,"items_purged":["Injury","Strike_R"],"score":561,"play_id":"55367fa6-1026-42ce-bbc3-6028510143f0","local_time":"20181014062335","is_ascension_mode":true,"campfire_choices":[{"data":"1","floor":7,"key":"LIFT"},{"data":"2","floor":13,"key":"LIFT"},{"data":"Evolve","floor":15,"key":"SMITH"},{"data":"Barricade","floor":25,"key":"SMITH"},{"data":"Entrench","floor":27,"key":"SMITH"},{"data":"Armaments","floor":32,"key":"SMITH"},{"data":"Body Slam","floor":40,"key":"SMITH"}],"neow_cost":"TEN_PERCENT_HP_LOSS","seed_source_timestamp":267930015627896,"circlet_count":0,"master_deck":["Strike_R+1","Strike_R","Strike_R","Defend_R","Defend_R","Defend_R+1","Defend_R","Bash","Power Through","Body Slam+1","Flame Barrier","Shrug It Off","Shockwave","Metallicize","Ghostly Armor","Evolve+1","Barricade+1","Battle Trance+1","Body Slam+1","Entrench+1","Evolve+1","Armaments+1","Body Slam","Entrench+1","Juggernaut","Purity"],"relics":["Burning Blood","Mango","Old Coin","Girya","MawBank","Gambling Chip","Golden Idol","Torii","Mark of Pain","Gremlin Horn","Ancient Tea Set","Dream Catcher","Runic Dome","Paper Frog"],"potions_floor_usage":[8,8,16,30,41],"damage_taken":[{"damage":3,"enemies":"Small Slimes","floor":1,"turns":5},{"damage":0,"enemies":"Jaw Worm","floor":2,"turns":5},{"damage":0,"enemies":"2 Louse","floor":3,"turns":3},{"damage":28,"enemies":"3 Sentries","floor":6,"turns":12},{"damage":29,"enemies":"Lagavulin","floor":8,"turns":7},{"damage":1,"enemies":"Blue Slaver","floor":14,"turns":4},{"damage":17,"enemies":"The Guardian","floor":16,"turns":17},{"damage":2,"enemies":"Spheric Guardian","floor":18,"turns":8},{"damage":24,"enemies":"2 Thieves","floor":20,"turns":5},{"damage":7,"enemies":"Snecko","floor":21,"turns":8},{"damage":27,"enemies":"Gremlin Leader","floor":23,"turns":12},{"damage":18,"enemies":"Shelled Parasite and Fungi","floor":24,"turns":7},{"damage":9,"enemies":"Centurion and Healer","floor":28,"turns":6},{"damage":1,"enemies":"Sentry and Sphere","floor":30,"turns":5},{"damage":16,"enemies":"Book of Stabbing","floor":31,"turns":5},{"damage":7,"enemies":"Automaton","floor":33,"turns":7},{"damage":1,"enemies":"Orb Walker","floor":35,"turns":3},{"damage":34,"enemies":"3 Darklings","floor":38,"turns":5},{"damage":1,"enemies":"Spire Growth","floor":39,"turns":4},{"damage":71,"enemies":"Transient","floor":41,"turns":4}],"seed_played":"-6615597826717415606","potions_obtained":[{"floor":1,"key":"Strength Potion"},{"floor":2,"key":"PowerPotion"},{"floor":3,"key":"BloodPotion"},{"floor":21,"key":"SneckoOil"},{"floor":23,"key":"EntropicBrew"},{"floor":30,"key":"Dexterity Potion"},{"floor":35,"key":"Explosive Potion"},{"floor":39,"key":"SkillPotion"}],"is_trial":false,"path_per_floor":["M","M","M","?","?","E","R","E","T","?","$","?","R","M","R","B",null,"M","$","M","M","$","E","M","R","T","R","M","?","M","E","R","B",null,"M","?","$","M","M","R"],"character_chosen":"IRONCLAD","items_purchased":["Metallicize","Torii","Ghostly Armor","Body Slam","Entrench","Armaments","Paper Frog"],"campfire_rested":0,"item_purchase_floors":[11,11,11,19,19,22,37],"current_hp_per_floor":[86,86,86,86,68,46,46,31,31,31,31,14,14,19,19,8,86,86,86,68,67,67,46,34,34,34,34,31,31,36,26,26,25,86,86,86,86,58,63,63,0],"gold":58,"neow_bonus":"ONE_RARE_RELIC","is_prod":false,"is_daily":false,"chose_seed":false,"campfire_upgraded":5,"win_rate":0,"timestamp":1539523415,"path_taken":["M","M","M","?","?","E","R","E","T","?","$","?","R","M","R","BOSS","M","$","M","M","?","E","M","R","T","R","M","?","?","E","R","BOSS","M","?","$","M","M","R","M"],"build_version":"2018-10-11","purchased_purges":2,"victory":false,"max_hp_per_floor":[86,86,86,86,86,86,86,86,86,86,86,86,86,86,86,86,86,86,86,86,86,86,86,86,86,86,86,86,86,86,86,86,86,86,86,86,86,86,86,86,86],"card_choices":[{"not_picked":["Rampage","Carnage"],"picked":"Power Through","floor":1},{"not_picked":["Pommel Strike","Thunderclap"],"picked":"Body Slam","floor":2},{"not_picked":["Iron Wave","Shrug It Off"],"picked":"Flame Barrier","floor":3},{"not_picked":["Seeing Red","Iron Wave"],"picked":"Shrug It Off","floor":6},{"not_picked":["Infernal Blade","Heavy Blade"],"picked":"Shockwave","floor":8},{"not_picked":["Heavy Blade","Second Wind"],"picked":"Evolve","floor":14},{"not_picked":["Limit Break","Immolate"],"picked":"Barricade","floor":16},{"not_picked":["Ghostly Armor","Pommel Strike+1"],"picked":"Battle Trance+1","floor":18},{"not_picked":["Corruption+1","Twin Strike+1","Wild Strike"],"picked":"SKIP","floor":20},{"not_picked":["Headbutt","Havoc+1"],"picked":"Evolve+1","floor":21},{"not_picked":["Sentinel","Spot Weakness"],"picked":"Body Slam","floor":23},{"not_picked":["Cleave","Dual Wield","Shockwave"],"picked":"SKIP","floor":24},{"not_picked":["Flex","Heavy Blade"],"picked":"Entrench+1","floor":28},{"not_picked":["Headbutt+1","Blood for Blood+1","Heavy Blade"],"picked":"SKIP","floor":30},{"not_picked":["Inflame+1","Berserk","Thunderclap"],"picked":"SKIP","floor":31},{"not_picked":["Reaper","Brutality"],"picked":"Juggernaut","floor":33},{"not_picked":["Rampage+1","Pommel Strike","Warcry+1"],"picked":"SKIP","floor":35},{"not_picked":["Impatience","Deep Breath"],"picked":"Purity","floor":36},{"not_picked":["Sword Boomerang+1","Wild Strike+1","Pummel"],"picked":"SKIP","floor":38},{"not_picked":["Thunderclap","Perfected Strike+1","Sever Soul+1"],"picked":"SKIP","floor":39}],"player_experience":254353,"relics_obtained":[{"floor":6,"key":"Girya"},{"floor":8,"key":"MawBank"},{"floor":9,"key":"Gambling Chip"},{"floor":23,"key":"Gremlin Horn"},{"floor":26,"key":"Ancient Tea Set"},{"floor":31,"key":"Dream Catcher"}],"event_choices":[{"event_name":"Living Wall","player_choice":"Grow","floor":4,"damage_taken":0},{"event_name":"Scrap Ooze","player_choice":"success","floor":5,"damage_taken":18},{"event_name":"Golden Idol","player_choice":"Take Wound","floor":10,"damage_taken":0},{"event_name":"Shining Light","player_choice":"Entered Light","floor":12,"damage_taken":0},{"event_name":"Purifier","player_choice":"One Purge","floor":29,"damage_taken":0},{"event_name":"SensoryStone","player_choice":"Memory 1","floor":36,"damage_taken":0}],"is_beta":false,"boss_relics":[{"not_picked":["Snecko Eye","Coffee Dripper"],"picked":"Mark of Pain"},{"not_picked":["Black Star","Runic Cube"],"picked":"Runic Dome"}],"items_purged_floors":[11,37],"is_endless":false,"potions_floor_spawned":[1,2,3,6,21,23,30,35,39],"killed_by":"Transient","ascension_level":3}