{"gold_per_floor":[118,118,130,140,140,140,65,77,131,131,151,151,162,174,174,273,273,285,296,309,209,209],"floor_reached":22,"playtime":4799,"items_purged":["Strike_R","Anger"],"score":230,"play_id":"2a9b44dc-6718-4683-91dc-d9684fc16e01","local_time":"20190221143154","is_ascension_mode":false,"campfire_choices":[{"data":"Flex","floor":6,"key":"SMITH"},{"data":"Warcry","floor":12,"key":"SMITH"},{"data":"Rampage","floor":15,"key":"SMITH"}],"neow_cost":"NONE","seed_source_timestamp":19024840869417,"circlet_count":0,"master_deck":["Strike_R","Strike_R","Strike_R","Defend_R","Defend_R","Defend_R","Defend_R","Bash","Madness","Shrug It Off","Warcry+1","Flex+1","Rampage+1","Inflame","Heavy Blade","Juggernaut","Brutality"],"relics":["Burning Blood","Pantograph","Vajra","Mark of Pain"],"potions_floor_usage":[4,8,16,16,20,22],"damage_taken":[{"damage":0,"enemies":"2 Louse","floor":1,"turns":3},{"damage":6,"enemies":"Jaw Worm","floor":3,"turns":4},{"damage":6,"enemies":"Cultist","floor":4,"turns":5},{"damage":10,"enemies":"Looter","floor":8,"turns":3},{"damage":0,"enemies":"Large Slime","floor":11,"turns":3},{"damage":0,"enemies":"3 Louse","floor":13,"turns":4},{"damage":12,"enemies":"Blue Slaver","floor":14,"turns":3},{"damage":0,"enemies":"Slime Boss","floor":16,"turns":8},{"damage":22,"enemies":"Shell Parasite","floor":18,"turns":6},{"damage":13,"enemies":"Chosen","floor":19,"turns":5},{"damage":14,"enemies":"Snecko","floor":20,"turns":5},{"damage":57,"enemies":"3 Cultists","floor":22,"turns":5}],"seed_played":"4465296725911235205","potions_obtained":[{"floor":1,"key":"SkillPotion"},{"floor":4,"key":"LiquidBronze"},{"floor":11,"key":"EssenceOfSteel"},{"floor":14,"key":"Strength Potion"},{"floor":16,"key":"SpeedPotion"},{"floor":20,"key":"AttackPotion"}],"is_trial":false,"path_per_floor":["M","?","M","M","T","R","$","M","T","?","M","R","M","M","R","B",null,"M","M","M","$","M"],"character_chosen":"IRONCLAD","items_purchased":[],"campfire_rested":0,"item_purchase_floors":[],"current_hp_per_floor":[80,77,77,77,77,77,77,73,73,73,79,79,80,74,74,80,80,64,57,49,49,0],"gold":209,"neow_bonus":"RANDOM_COLORLESS","is_prod":false,"is_daily":false,"chose_seed":false,"campfire_upgraded":3,"win_rate":0,"timestamp":1550759514,"path_taken":["M","?","M","M","?","R","$","M","T","?","M","R","M","M","R","BOSS","M","M","M","$","M"],"build_version":"2019-01-23","purchased_purges":2,"victory":false,"max_hp_per_floor":[80,80,80,80,80,80,80,80,80,80,80,80,80,80,80,80,80,80,80,80,80,80],"card_choices":[{"not_picked":["Uppercut","Twin Strike"],"picked":"Shrug It Off","floor":1},{"not_picked":["Anger","Heavy Blade"],"picked":"Warcry","floor":3},{"not_picked":["Pummel","Hemokinesis"],"picked":"Flex","floor":4},{"not_picked":["Rage","Uppercut"],"picked":"Rampage","floor":8},{"not_picked":["Power Through","Rupture","Flame Barrier"],"picked":"SKIP","floor":11},{"not_picked":["Body Slam","Uppercut"],"picked":"Inflame","floor":13},{"not_picked":["Dark Embrace","True Grit"],"picked":"Heavy Blade","floor":14},{"not_picked":["Feed","Exhume"],"picked":"Juggernaut","floor":16},{"not_picked":["Heavy Blade","Wild Strike","Iron Wave"],"picked":"SKIP","floor":18},{"not_picked":["Entrench+1","Wild Strike","Thunderclap"],"picked":"SKIP","floor":19},{"not_picked":["Anger","Hemokinesis"],"picked":"Brutality","floor":20}],"player_experience":402649,"relics_obtained":[{"floor":5,"key":"Vajra"}],"event_choices":[{"damage_healed":0,"gold_gain":0,"player_choice":"Success","damage_taken":3,"relics_obtained":["Pantograph"],"max_hp_gain":0,"max_hp_loss":0,"event_name":"Scrap Ooze","floor":2,"gold_loss":0},{"damage_healed":0,"gold_gain":0,"cards_transformed":["Strike_R"],"player_choice":"Change","damage_taken":0,"max_hp_gain":0,"max_hp_loss":0,"event_name":"Living Wall","floor":10,"gold_loss":0,"cards_obtained":["Anger"]}],"is_beta":false,"boss_relics":[{"not_picked":["Snecko Eye","Black Blood"],"picked":"Mark of Pain"}],"items_purged_floors":[7,21],"is_endless":false,"potions_floor_spawned":[1,4,11,14,16,20],"killed_by":"3 Cultists","ascension_level":0}