{"gold_per_floor":[112,112,130,141,152,181,181,181,205,239,258,258,292,31,31,103,103,121,121,121,131,131,131],"floor_reached":23,"playtime":1044,"items_purged":[],"score":433,"play_id":"650f5ecd-4e35-4eaa-b510-e7187f5626ca","local_time":"20190116123738","is_ascension_mode":true,"campfire_choices":[{"floor":8,"key":"REST"},{"floor":12,"key":"REST"},{"data":"Static Discharge","floor":15,"key":"SMITH"}],"neow_cost":"PERCENT_DAMAGE","seed_source_timestamp":504537427051100,"circlet_count":0,"master_deck":["AscendersBane","Defend_B+1","Defend_B","Defend_B","Defend_B","Zap+1","Dualcast","Static Discharge+1","Gash","Leap","Gash","Electrodynamics","Capacitor","Gash","Streamline","Self Repair","Echo Form","White Noise","Ball Lightning"],"relics":["Cracked Core","Bronze Scales","War Paint","Pen Nib","Nunchaku","Oddly Smooth Stone","Sozu","MutagenicStrength","FaceOfCleric"],"potions_floor_usage":[6,6,11,13,22],"damage_taken":[{"damage":0,"enemies":"Cultist","floor":1,"turns":3},{"damage":4,"enemies":"Small Slimes","floor":3,"turns":4},{"damage":2,"enemies":"Jaw Worm","floor":4,"turns":4},{"damage":7,"enemies":"2 Fungi Beasts","floor":5,"turns":5},{"damage":11,"enemies":"Lagavulin","floor":6,"turns":6},{"damage":28,"enemies":"Gremlin Nob","floor":10,"turns":5},{"damage":0,"enemies":"Lots of Slimes","floor":11,"turns":1},{"damage":0,"enemies":"3 Sentries","floor":13,"turns":3},{"damage":23,"enemies":"The Guardian","floor":16,"turns":9},{"damage":28,"enemies":"2 Thieves","floor":18,"turns":4},{"damage":7,"enemies":"3 Byrds","floor":21,"turns":3},{"damage":36,"enemies":"Colosseum Slavers","floor":22,"turns":5},{"damage":9,"enemies":"Shelled Parasite and Fungi","floor":23,"turns":2}],"seed_played":"7063457317241065872","potions_obtained":[{"floor":3,"key":"Strength Potion"},{"floor":4,"key":"SkillPotion"},{"floor":10,"key":"Swift Potion"},{"floor":11,"key":"SpeedPotion"},{"floor":16,"key":"Fire Potion"}],"is_trial":false,"path_per_floor":["M","?","M","M","M","E","?","R","T","E","M","R","E","$","R","B",null,"M","?","?","M","?","M"],"character_chosen":"DEFECT","items_purchased":["Oddly Smooth Stone","Self Repair"],"campfire_rested":2,"item_purchase_floors":[14,14],"current_hp_per_floor":[46,46,42,40,33,22,15,36,36,8,8,29,29,29,29,13,57,36,36,36,37,9,0],"gold":131,"neow_bonus":"REMOVE_TWO","is_prod":false,"is_daily":false,"chose_seed":false,"campfire_upgraded":1,"win_rate":0,"timestamp":1547671058,"path_taken":["M","?","M","?","M","E","?","R","T","E","M","R","E","$","R","BOSS","M","?","?","?","?","M"],"build_version":"2019-01-10","purchased_purges":0,"victory":false,"max_hp_per_floor":[71,71,71,71,71,71,71,71,71,71,71,71,71,71,71,71,71,71,71,71,72,73,73],"card_choices":[{"not_picked":["Conserve Battery","Hello World"],"picked":"Static Discharge","floor":1},{"not_picked":["Rebound","Capacitor"],"picked":"Gash","floor":3},{"not_picked":["Cold Snap","Tempest"],"picked":"Leap","floor":4},{"not_picked":["Turbo","Stack"],"picked":"Gash","floor":5},{"not_picked":["Scrape","Ball Lightning"],"picked":"Electrodynamics","floor":6},{"not_picked":["Chaos","Sunder"],"picked":"Capacitor","floor":10},{"not_picked":["Leap","Turbo"],"picked":"Gash","floor":11},{"not_picked":["Steam Power","Coolheaded"],"picked":"Streamline","floor":13},{"not_picked":["Machine Learning","Fission"],"picked":"Echo Form","floor":16},{"not_picked":["Aggregate","Heatsinks"],"picked":"White Noise","floor":18},{"not_picked":["Chaos","Sweeping Beam"],"picked":"Ball Lightning","floor":21}],"player_experience":501634,"relics_obtained":[{"floor":6,"key":"Bronze Scales"},{"floor":9,"key":"War Paint"},{"floor":10,"key":"Pen Nib"},{"floor":13,"key":"Nunchaku"}],"event_choices":[{"cards_removed":["Strike_B"],"damage_healed":0,"gold_gain":0,"player_choice":"Offered Basic","damage_taken":0,"max_hp_gain":0,"max_hp_loss":0,"event_name":"Bonfire Elementals","floor":2,"gold_loss":0},{"cards_removed":["Strike_B"],"damage_healed":0,"gold_gain":0,"player_choice":"Card Removal","damage_taken":7,"max_hp_gain":0,"max_hp_loss":0,"event_name":"Golden Wing","floor":7,"gold_loss":0},{"damage_healed":0,"gold_gain":0,"player_choice":"Inject Mutagens","damage_taken":0,"relics_obtained":["MutagenicStrength"],"max_hp_gain":0,"max_hp_loss":0,"event_name":"Drug Dealer","floor":19,"gold_loss":0},{"damage_healed":0,"gold_gain":0,"player_choice":"Trade","damage_taken":0,"relics_obtained":["FaceOfCleric"],"max_hp_gain":0,"max_hp_loss":0,"event_name":"FaceTrader","floor":20,"gold_loss":0},{"damage_healed":0,"gold_gain":0,"player_choice":"Fight","damage_taken":0,"max_hp_gain":0,"max_hp_loss":0,"event_name":"Colosseum","floor":22,"gold_loss":0},{"damage_healed":0,"gold_gain":0,"player_choice":"Fled From Nobs","damage_taken":0,"max_hp_gain":0,"max_hp_loss":0,"event_name":"Colosseum","floor":22,"gold_loss":0}],"is_beta":false,"boss_relics":[{"not_picked":["Pandora\u0027s Box","Busted Crown"],"picked":"Sozu"}],"items_purged_floors":[],"is_endless":false,"potions_floor_spawned":[3,4,10,11,16],"killed_by":"Shelled Parasite and Fungi","ascension_level":17}