{"gold_per_floor":[99],"floor_reached":1,"playtime":97,"items_purged":[],"score":30,"play_id":"bee84375-4969-4065-b885-8a05d8a34c45","local_time":"20190107195624","daily_mods":["Draft"],"is_ascension_mode":false,"campfire_choices":[],"neow_cost":"","seed_source_timestamp":0,"circlet_count":0,"master_deck":["Poisoned Stab","Deadly Poison","Sucker Punch","Escape Plan","Deadly Poison","Noxious Fumes","Deadly Poison","Escape Plan","Deadly Poison","Dodge and Roll","Backflip","Noxious Fumes","Escape Plan","Prepared","Crippling Poison"],"relics":["Ring of the Snake"],"potions_floor_usage":[],"damage_taken":[{"damage":0,"enemies":"Small Slimes","floor":1,"turns":1}],"seed_played":"-345658977718456532","potions_obtained":[],"is_trial":true,"path_per_floor":["M"],"character_chosen":"THE_SILENT","items_purchased":[],"campfire_rested":0,"item_purchase_floors":[],"current_hp_per_floor":[70],"gold":99,"neow_bonus":"","is_prod":false,"is_daily":false,"chose_seed":false,"campfire_upgraded":0,"win_rate":0,"timestamp":1546908984,"path_taken":["M"],"build_version":"2019-01-03v4","purchased_purges":0,"victory":false,"max_hp_per_floor":[70],"card_choices":[{"not_picked":["Quick Slash","Outmaneuver"],"picked":"Poisoned Stab","floor":0},{"not_picked":["Prepared","Dodge and Roll"],"picked":"Deadly Poison","floor":0},{"not_picked":["Dagger Spray","Distraction"],"picked":"Sucker Punch","floor":0},{"not_picked":["Flechettes","Bane"],"picked":"Escape Plan","floor":0},{"not_picked":["Prepared","Deflect"],"picked":"Deadly Poison","floor":0},{"not_picked":["Finisher","Quick Slash"],"picked":"Noxious Fumes","floor":0},{"not_picked":["Dagger Throw","Dagger Spray"],"picked":"Deadly Poison","floor":0},{"not_picked":["Cloak And Dagger","Finisher"],"picked":"Escape Plan","floor":0},{"not_picked":["Slice","Quick Slash"],"picked":"Deadly Poison","floor":0},{"not_picked":["Sucker Punch","Blade Dance"],"picked":"Dodge and Roll","floor":0},{"not_picked":["Deadly Poison","Dodge and Roll"],"picked":"Backflip","floor":0},{"not_picked":["Poisoned Stab","Eviscerate"],"picked":"Noxious Fumes","floor":0},{"not_picked":["Prepared","Poisoned Stab"],"picked":"Escape Plan","floor":0},{"not_picked":["Bane","Expertise"],"picked":"Prepared","floor":0},{"not_picked":["Distraction","Blade Dance"],"picked":"Crippling Poison","floor":0}],"player_experience":469498,"relics_obtained":[],"event_choices":[],"is_beta":false,"boss_relics":[],"items_purged_floors":[],"is_endless":false,"potions_floor_spawned":[],"killed_by":"Small Slimes","ascension_level":0}