{"path_per_floor":["M","$","M","M","M","R","E","M","T","E","R","M","M","?","R","B",null,"M","?","M","M","?"],"character_chosen":"IRONCLAD","items_purchased":["Inflame"],"gold_per_floor":[114,37,49,65,80,80,111,122,122,149,149,160,179,179,179,250,250,261,261,279,299,299,299],"floor_reached":23,"campfire_rested":0,"playtime":1173,"current_hp_per_floor":[70,70,75,77,80,80,60,60,60,51,51,52,53,53,53,57,79,57,57,59,48,48,0],"items_purged":[],"gold":299,"score":338,"play_id":"46484d27-3a16-4906-9e66-b1c92c85087e","local_time":"20180502232206","is_prod":false,"is_daily":false,"chose_seed":false,"is_ascension_mode":true,"campfire_upgraded":3,"timestamp":1525296126,"path_taken":["M","$","M","M","M","R","E","M","T","E","R","M","M","?","R","BOSS","M","?","M","M","?","E"],"build_version":"2018-05-01v2","seed_source_timestamp":283653855582476,"purchased_purges":0,"victory":false,"master_deck":["Strike_R+1","Strike_R+1","Strike_R+1","Strike_R+1","Defend_R+1","Defend_R+1","Defend_R+1","Defend_R+1","Bash+1","AscendersBane","Second Wind","Inflame+1","Rampage+1","Pommel Strike","Clothesline","Pummel","Feed","True Grit","Headbutt","Flame Barrier","Twin Strike","Double Tap","Wild Strike","Battle Trance","Seeing Red"],"max_hp_per_floor":[80,80,80,80,80,80,80,80,80,80,80,83,83,83,83,86,86,86,86,89,92,92,92],"relics":["Burning Blood","Anchor","Letter Opener","Gremlin Horn","Runic Cube"],"card_choices":[{"not_picked":["Entrench","Armaments"],"picked":"Second Wind","floor":1},{"not_picked":["Sword Boomerang","Wild Strike"],"picked":"Rampage","floor":3},{"not_picked":["Flex","Blood for Blood"],"picked":"Pommel Strike","floor":4},{"not_picked":["Entrench","Armaments"],"picked":"Clothesline","floor":5},{"not_picked":["Clothesline","Sword Boomerang"],"picked":"Pummel","floor":7},{"not_picked":["Carnage","Armaments"],"picked":"Feed","floor":8},{"not_picked":["Pummel","Spot Weakness"],"picked":"True Grit","floor":10},{"not_picked":["Intimidate","Burning Pact"],"picked":"Headbutt","floor":12},{"not_picked":["Clothesline","Clash"],"picked":"Flame Barrier","floor":13},{"not_picked":["Fiend Fire","Feed"],"picked":"Double Tap","floor":16},{"not_picked":["Anger","Rage"],"picked":"Wild Strike","floor":18},{"not_picked":["Second Wind","Rampage"],"picked":"Battle Trance","floor":20},{"not_picked":["Entrench","Corruption"],"picked":"Seeing Red","floor":21}],"player_experience":501762,"potions_floor_usage":[8,18,21],"damage_taken":[{"damage":8,"enemies":"Jaw Worm","floor":1,"turns":5},{"damage":1,"enemies":"Cultist","floor":3,"turns":4},{"damage":4,"enemies":"Small Slimes","floor":4,"turns":4},{"damage":0,"enemies":"Exordium Wildlife","floor":5,"turns":3},{"damage":26,"enemies":"3 Sentries","floor":7,"turns":7},{"damage":6,"enemies":"Large Slime","floor":8,"turns":5},{"damage":15,"enemies":"Lagavulin","floor":10,"turns":7},{"damage":8,"enemies":"Looter","floor":12,"turns":3},{"damage":5,"enemies":"Gremlin Gang","floor":13,"turns":3},{"damage":5,"enemies":"Slime Boss","floor":16,"turns":8},{"damage":28,"enemies":"Chosen","floor":18,"turns":6},{"damage":7,"enemies":"2 Thieves","floor":20,"turns":4},{"damage":20,"enemies":"Snake Plant","floor":21,"turns":5},{"damage":51,"enemies":"Book of Stabbing","floor":23,"turns":5}],"event_choices":[{"event_name":"Transmorgrifier","player_choice":"Transform","floor":14,"damage_taken":0},{"event_name":"Back to Basics","player_choice":"Simplicity","floor":19,"damage_taken":0},{"event_name":"Vampires","player_choice":"Ignored","floor":22,"damage_taken":0}],"boss_relics":[{"not_picked":["Ectoplasm","White Beast Statue"],"picked":"Runic Cube"}],"potions_floor_spawned":[1,7,8,12,20,21],"seed_played":"5327222716876102649","killed_by":"Book of Stabbing","ascension_level":13,"is_trial":false}