{"gold_per_floor":[117,117,134,149,30,30,47,122,122,136,159,159,171,205,205,205],"floor_reached":16,"playtime":470,"items_purged":["Strike_R"],"score":204,"play_id":"a5151440-305b-4a28-bf21-9f45743df116","local_time":"20181115212744","is_ascension_mode":true,"campfire_choices":[{"data":"Uppercut","floor":6,"key":"SMITH"},{"floor":12,"key":"REST"},{"floor":15,"key":"REST"}],"neow_cost":"NONE","seed_source_timestamp":137122327444050,"circlet_count":0,"master_deck":["AscendersBane","Strike_R","Strike_R","Strike_R","Defend_R","Defend_R","Defend_R","Defend_R","Bash+1","Uppercut+1","Pommel Strike","Ghostly Armor","Disarm","Metallicize","Disarm"],"special_seed":0,"relics":["Burning Blood","Torii","Odd Mushroom","Unceasing Top"],"potions_floor_usage":[10,11,16],"damage_taken":[{"damage":0,"enemies":"2 Louse","floor":1,"turns":2},{"damage":14,"enemies":"Small Slimes","floor":3,"turns":4},{"damage":4,"enemies":"Cultist","floor":4,"turns":3},{"damage":5,"enemies":"Exordium Wildlife","floor":7,"turns":4},{"damage":20,"enemies":"Exordium Thugs","floor":10,"turns":5},{"damage":16,"enemies":"The Mushroom Lair","floor":11,"turns":6},{"damage":11,"enemies":"Lots of Slimes","floor":13,"turns":6},{"damage":25,"enemies":"Lagavulin","floor":14,"turns":9},{"damage":58,"enemies":"Slime Boss","floor":16,"turns":9}],"seed_played":"-2020404970519260761","potions_obtained":[{"floor":1,"key":"Ancient Potion"},{"floor":4,"key":"LiquidBronze"},{"floor":11,"key":"Swift Potion"},{"floor":14,"key":"SmokeBomb"}],"is_trial":false,"path_per_floor":["M","?","M","M","$","R","M","?","T","M","?","R","M","E","R","B"],"character_chosen":"IRONCLAD","items_purchased":["Ghostly Armor"],"campfire_rested":2,"item_purchase_floors":[5],"current_hp_per_floor":[74,67,59,61,61,61,62,51,51,37,27,49,44,25,47,0],"gold":205,"neow_bonus":"UPGRADE_CARD","is_prod":false,"is_daily":false,"chose_seed":false,"campfire_upgraded":1,"win_rate":0,"timestamp":1542346064,"path_taken":["M","?","M","M","$","R","M","?","T","M","?","R","M","E","R","BOSS"],"build_version":"2018-11-15","purchased_purges":1,"victory":false,"max_hp_per_floor":[75,75,75,75,75,75,75,75,75,75,75,75,75,75,75,75],"card_choices":[{"not_picked":["Sentinel","Pommel Strike"],"picked":"Uppercut","floor":1},{"not_picked":["Entrench","Clash"],"picked":"Pommel Strike","floor":3},{"not_picked":["Sword Boomerang","Cleave","Armaments"],"picked":"SKIP","floor":4},{"not_picked":["Anger","Shrug It Off"],"picked":"Disarm","floor":7},{"not_picked":["Reckless Charge","Sword Boomerang","Hemokinesis"],"picked":"SKIP","floor":10},{"not_picked":["Warcry","Twin Strike"],"picked":"Metallicize","floor":11},{"not_picked":["Cleave","Iron Wave"],"picked":"Disarm","floor":13},{"not_picked":["Cleave","Dark Embrace","Pummel"],"picked":"SKIP","floor":14}],"player_experience":643831,"relics_obtained":[{"floor":9,"key":"Torii"},{"floor":11,"key":"Odd Mushroom"},{"floor":14,"key":"Unceasing Top"}],"event_choices":[{"cards_removed":["Strike_R"],"damage_healed":0,"gold_gain":0,"player_choice":"Card Removal","damage_taken":7,"max_hp_gain":0,"max_hp_loss":0,"event_name":"Golden Wing","floor":2,"gold_loss":0},{"damage_healed":0,"gold_gain":75,"player_choice":"Gather Gold","damage_taken":11,"max_hp_gain":0,"max_hp_loss":0,"event_name":"World of Goop","floor":8,"gold_loss":0},{"damage_healed":0,"gold_gain":0,"player_choice":"Fought Mushrooms","damage_taken":0,"max_hp_gain":0,"max_hp_loss":0,"event_name":"Mushrooms","floor":11,"gold_loss":0}],"is_beta":false,"boss_relics":[],"items_purged_floors":[5],"is_endless":false,"potions_floor_spawned":[1,4,11,14],"killed_by":"Slime Boss","ascension_level":20}