{"gold_per_floor":[112,112,62,86,5,5,21,39,63,49,69,69,69,81,81,180,180,197,46,59,59,59,59,59,75,130,147,147,162,162,162,162,267,267,286,141,157,169,189,189,209,209,209,284,296,122,122,138,138,138],"floor_reached":51,"playtime":1749,"items_purged":["Strike_B","Strike_B"],"score":641,"play_id":"66c20e63-0ea0-47fc-bf3c-8af329d16aad","local_time":"20190129175300","is_ascension_mode":false,"campfire_choices":[{"floor":6,"key":"REST"},{"floor":13,"key":"REST"},{"floor":15,"key":"RECALL"},{"floor":23,"key":"REST"},{"floor":30,"key":"REST"},{"floor":32,"key":"REST"},{"floor":40,"key":"REST"},{"floor":47,"key":"REST"},{"floor":49,"key":"REST"}],"neow_cost":"NONE","seed_source_timestamp":1779233442040339,"circlet_count":0,"master_deck":["Strike_B","Defend_B","Defend_B","Defend_B","Defend_B","Zap","Glacier","Storm","Glacier","Seek","Loop","Thunder Strike","Rebound+1","Defragment","White Noise","Ball Lightning","Storm+1","Static Discharge+1","Electrodynamics","Redo+1","Self Repair","Hologram+1","BootSequence","Defragment"],"relics":["Fusion Hammer"],"potions_floor_usage":[25,50,50,50],"damage_taken":[{"damage":0,"enemies":"2 Louse","floor":1,"turns":3},{"damage":1,"enemies":"Jaw Worm","floor":7,"turns":4},{"damage":5,"enemies":"Small Slimes","floor":8,"turns":4},{"damage":10,"enemies":"Exordium Thugs","floor":10,"turns":4},{"damage":3,"enemies":"Blue Slaver","floor":11,"turns":5},{"damage":0,"enemies":"Looter","floor":14,"turns":4},{"damage":27,"enemies":"The Guardian","floor":16,"turns":22},{"damage":5,"enemies":"Chosen","floor":18,"turns":6},{"damage":7,"enemies":"Shell Parasite","floor":20,"turns":8},{"damage":11,"enemies":"Cultist and Chosen","floor":25,"turns":7},{"damage":17,"enemies":"Snecko","floor":27,"turns":5},{"damage":26,"enemies":"Centurion and Healer","floor":29,"turns":6},{"damage":32,"enemies":"Automaton","floor":33,"turns":6},{"damage":15,"enemies":"3 Darklings","floor":35,"turns":3},{"damage":25,"enemies":"Orb Walker","floor":37,"turns":3},{"damage":9,"enemies":"4 Shapes","floor":38,"turns":3},{"damage":0,"enemies":"Maw","floor":39,"turns":4},{"damage":22,"enemies":"Spire Growth","floor":41,"turns":4},{"damage":29,"enemies":"Jaw Worm Horde","floor":45,"turns":3},{"damage":3,"enemies":"3 Darklings","floor":48,"turns":2},{"damage":34,"enemies":"Time Eater","floor":50,"turns":6}],"seed_played":"1537181753372613435","potions_obtained":[{"floor":7,"key":"Strength Potion"},{"floor":8,"key":"Dexterity Potion"},{"floor":11,"key":"AttackPotion"},{"floor":25,"key":"Explosive Potion"},{"floor":29,"key":"Ancient Potion"},{"floor":38,"key":"Strength Potion"}],"is_trial":false,"path_per_floor":["M","?","?","T","$","R","M","M","T","M","M","?","R","M","R","B",null,"M","$","M","?","?","R","?","M","T","M","?","M","R","T","R","B",null,"M","$","M","M","M","R","M","?","T","?","M","$","R","M","R","B",null],"character_chosen":"DEFECT","items_purchased":["Storm","Defragment","White Noise","Self Repair","Defragment"],"campfire_rested":8,"item_purchase_floors":[5,19,19,36,46],"current_hp_per_floor":[75,68,68,68,68,75,74,69,69,59,56,56,75,75,75,48,75,70,70,63,63,49,73,73,62,62,45,45,19,43,43,67,35,80,65,65,47,38,45,69,54,54,54,46,24,24,48,45,69,42],"gold":138,"neow_bonus":"BOSS_RELIC","is_prod":false,"is_daily":false,"chose_seed":false,"campfire_upgraded":0,"win_rate":0,"timestamp":1548802380,"path_taken":["M","?","?","?","$","R","M","M","T","?","M","?","R","M","R","BOSS","M","$","M","?","?","R","?","M","T","?","?","M","R","?","R","BOSS","M","$","M","M","M","R","M","?","T","?","?","$","R","M","R","BOSS"],"build_version":"2019-01-23","purchased_purges":2,"victory":true,"max_hp_per_floor":[75,75,75,75,75,75,75,75,75,75,75,75,75,75,75,75,75,75,75,75,75,80,80,80,80,80,80,80,80,80,80,80,80,80,80,80,80,80,80,80,80,80,80,80,80,80,80,80,80,80],"card_choices":[{"not_picked":["Go for the Eyes","Redo"],"picked":"Glacier","floor":1},{"not_picked":["Beam Cell","Skim","Streamline"],"picked":"SKIP","floor":7},{"not_picked":["Turbo","Fusion"],"picked":"Glacier","floor":8},{"not_picked":["Streamline","Turbo"],"picked":"Seek","floor":10},{"not_picked":["Beam Cell","Barrage"],"picked":"Loop","floor":11},{"not_picked":["Beam Cell","Gash","Ball Lightning"],"picked":"SKIP","floor":14},{"not_picked":["Machine Learning","Biased Cognition"],"picked":"Thunder Strike","floor":16},{"not_picked":["Steam+1","Go for the Eyes","Rebound+1"],"picked":"SKIP","floor":18},{"not_picked":["Steam+1","Go for the Eyes"],"picked":"Rebound+1","floor":18},{"not_picked":["Fusion+1","Beam Cell"],"picked":"Ball Lightning","floor":20},{"not_picked":["Rebound","Compile Driver"],"picked":"Storm+1","floor":25},{"not_picked":["Turbo","Barrage","Leap"],"picked":"SKIP","floor":27},{"not_picked":["Cold Snap+1","Redo"],"picked":"Static Discharge+1","floor":29},{"not_picked":["Seek","Rainbow"],"picked":"Electrodynamics","floor":33},{"not_picked":["Cold Snap+1","Tempest"],"picked":"Redo+1","floor":35},{"not_picked":["Stack","Beam Cell+1"],"picked":"Hologram+1","floor":37},{"not_picked":["Beam Cell+1","Cold Snap"],"picked":"BootSequence","floor":38},{"not_picked":["Hologram+1","Barrage+1","Rebound+1"],"picked":"SKIP","floor":39},{"not_picked":["Beam Cell+1","Rebound","Hello World+1"],"picked":"SKIP","floor":41},{"not_picked":["Beam Cell","Reprogram+1","Aggregate"],"picked":"SKIP","floor":45},{"not_picked":["Meteor Strike","Redo+1","Hologram"],"picked":"SKIP","floor":48}],"player_experience":530572,"relics_obtained":[],"event_choices":[{"cards_removed":["Strike_B"],"damage_healed":0,"gold_gain":0,"player_choice":"Card Removal","damage_taken":7,"max_hp_gain":0,"max_hp_loss":0,"event_name":"Golden Wing","floor":2,"gold_loss":0},{"cards_removed":["Dualcast"],"damage_healed":0,"gold_gain":0,"player_choice":"Card Removal","damage_taken":0,"max_hp_gain":0,"max_hp_loss":0,"event_name":"The Cleric","floor":3,"gold_loss":50},{"damage_healed":0,"gold_gain":0,"player_choice":"Ignored","damage_taken":0,"max_hp_gain":0,"max_hp_loss":0,"event_name":"Liars Game","floor":12,"gold_loss":0},{"damage_healed":0,"gold_gain":0,"player_choice":"Ignored","damage_taken":0,"max_hp_gain":0,"max_hp_loss":0,"event_name":"The Mausoleum","floor":21,"gold_loss":0},{"damage_healed":0,"gold_gain":0,"player_choice":"Shed Blood","damage_taken":19,"max_hp_gain":5,"max_hp_loss":0,"event_name":"Forgotten Altar","floor":22,"gold_loss":0},{"damage_healed":0,"gold_gain":0,"player_choice":"Ignored","damage_taken":0,"max_hp_gain":0,"max_hp_loss":0,"event_name":"Ghosts","floor":24,"gold_loss":0},{"damage_healed":0,"gold_gain":0,"player_choice":"Ignored","damage_taken":0,"max_hp_gain":0,"max_hp_loss":0,"event_name":"Cursed Tome","floor":28,"gold_loss":0},{"damage_healed":0,"gold_gain":0,"player_choice":"Ignored","damage_taken":0,"max_hp_gain":0,"max_hp_loss":0,"event_name":"Mysterious Sphere","floor":42,"gold_loss":0},{"damage_healed":0,"gold_gain":75,"player_choice":"Touch","damage_taken":8,"max_hp_gain":0,"max_hp_loss":0,"event_name":"FaceTrader","floor":44,"gold_loss":0}],"is_beta":true,"boss_relics":[{"not_picked":["Sozu","Velvet Choker","Eternal Feather"]},{"not_picked":["Sozu","Velvet Choker","Eternal Feather"]}],"items_purged_floors":[36,46],"is_endless":false,"potions_floor_spawned":[7,8,11,16,25,29,35,38,45],"ascension_level":0}