{"gold_per_floor":[119,119,119,19,19,47,47,58,112,125,125,125,8,24,24,96,96,111,34,84,104,116,116,116,116,140,140,40,40,53,5,5,5],"floor_reached":33,"playtime":993,"items_purged":["Strike_G","Strike_G"],"score":422,"play_id":"d858c10a-52a5-4f9a-a130-202de73c5a47","local_time":"20180801235034","is_ascension_mode":true,"campfire_choices":[{"data":"Deadly Poison","floor":7,"key":"SMITH"},{"data":"Malaise","floor":11,"key":"SMITH"},{"data":"Cloak And Dagger","floor":15,"key":"SMITH"},{"data":"Reflex","floor":23,"key":"SMITH"},{"data":"Footwork","floor":25,"key":"SMITH"},{"data":"Finisher","floor":27,"key":"SMITH"},{"data":"Leg Sweep","floor":29,"key":"SMITH"},{"floor":32,"key":"REST"}],"neow_cost":"","seed_source_timestamp":485669636769057,"circlet_count":0,"master_deck":["Defend_G","Defend_G","Defend_G","Defend_G","Survivor+1","Neutralize+1","AscendersBane","Footwork+1","Deadly Poison+1","Malaise+1","Backflip","Finisher+1","Cloak And Dagger+1","Poisoned Stab","Phantasmal Killer+1","Quick Slash+1","Glass Knife+1","Skewer+1","Leg Sweep+1","J.A.X.","Terror","Reflex+1","Escape Plan"],"relics":["Ring of the Snake","Ninja Scroll","Blood Vial","Astrolabe","Regal Pillow"],"potions_floor_usage":[16,16,30,33],"damage_taken":[{"damage":0,"enemies":"Cultist","floor":1,"turns":4},{"damage":49,"enemies":"Gremlin Nob","floor":6,"turns":6},{"damage":0,"enemies":"Jaw Worm","floor":8,"turns":2},{"damage":1,"enemies":"Small Slimes","floor":10,"turns":3},{"damage":1,"enemies":"Looter","floor":14,"turns":3},{"damage":1,"enemies":"The Guardian","floor":16,"turns":9},{"damage":19,"enemies":"2 Thieves","floor":18,"turns":5},{"damage":18,"enemies":"Shell Parasite","floor":21,"turns":7},{"damage":3,"enemies":"Snecko","floor":22,"turns":5},{"damage":11,"enemies":"Cultist and Chosen","floor":30,"turns":7},{"damage":67,"enemies":"Automaton","floor":33,"turns":6}],"seed_played":"-6527013689427329149","potions_obtained":[{"floor":1,"key":"FearPotion"},{"floor":8,"key":"Poison Potion"},{"floor":14,"key":"Fruit Juice"},{"floor":16,"key":"Swift Potion"},{"floor":30,"key":"Explosive Potion"}],"is_trial":false,"path_per_floor":["M","?","?","$","?","E","R","M","T","M","R","?","$","M","R","B",null,"M","?","?","M","M","R","?","R","T","R","$","R","M","$","R"],"character_chosen":"THE_SILENT","items_purchased":["Deadly Poison","Finisher","Cloak And Dagger","SteroidPotion"],"campfire_rested":1,"item_purchase_floors":[4,13,13,31],"current_hp_per_floor":[59,59,39,39,66,17,17,17,17,18,18,18,18,19,19,25,60,43,43,43,27,26,26,26,26,26,26,26,26,17,17,53,0],"gold":5,"neow_bonus":"","is_prod":false,"is_daily":false,"chose_seed":false,"campfire_upgraded":7,"win_rate":0,"timestamp":1533135034,"path_taken":["M","?","?","$","?","E","R","?","T","M","R","?","$","M","R","BOSS","M","?","?","?","M","R","?","R","T","R","$","R","M","?","R","BOSS"],"build_version":"2018-07-26","purchased_purges":2,"victory":false,"max_hp_per_floor":[66,66,66,66,66,66,66,66,66,66,66,66,66,66,66,71,71,71,71,71,71,71,71,71,71,71,71,71,71,71,71,71,71],"card_choices":[{"not_picked":["Deadly Poison","Accuracy"],"picked":"Footwork","floor":1},{"not_picked":["Acrobatics","Caltrops"],"picked":"Malaise","floor":6},{"not_picked":["Flying Knee","Distraction","Dodge and Roll"],"picked":"SKIP","floor":8},{"not_picked":["All Out Attack","Calculated Gamble"],"picked":"Backflip","floor":10},{"not_picked":["All Out Attack","Acrobatics"],"picked":"Poisoned Stab","floor":14},{"not_picked":["Corpse Explosion","Doppelganger"],"picked":"Phantasmal Killer","floor":16},{"not_picked":["Reflex","Quick Slash"],"picked":"Leg Sweep","floor":18},{"not_picked":["Poisoned Stab+1","Sucker Punch"],"picked":"Terror","floor":21},{"not_picked":["Dodge and Roll","Masterful Stab"],"picked":"Reflex","floor":22},{"not_picked":["PiercingWail","Noxious Fumes"],"picked":"Escape Plan","floor":30}],"player_experience":573780,"relics_obtained":[{"floor":6,"key":"Ninja Scroll"},{"floor":9,"key":"Blood Vial"},{"floor":26,"key":"Regal Pillow"}],"event_choices":[{"event_name":"Living Wall","player_choice":"Forget","floor":2,"damage_taken":0},{"event_name":"Shining Light","player_choice":"Entered Light","floor":3,"damage_taken":0},{"event_name":"Wheel of Change","player_choice":"Full Heal","floor":5,"damage_taken":0},{"event_name":"Scrap Ooze","player_choice":"unsuccessful","floor":12,"damage_taken":0},{"event_name":"Drug Dealer","player_choice":"Got JAXXED","floor":19,"damage_taken":0},{"event_name":"Golden Shrine","player_choice":"Pray","floor":20,"damage_taken":0},{"event_name":"Accursed Blacksmith","player_choice":"Forge","floor":24,"damage_taken":0}],"is_beta":false,"boss_relics":[{"not_picked":["Snecko Eye","Tiny House"],"picked":"Astrolabe"}],"items_purged_floors":[4,28],"is_endless":false,"potions_floor_spawned":[1,8,14,16,30],"killed_by":"Automaton","ascension_level":15}