{"gold_per_floor":[117,128,139,139,158,158,183,194,194,208,208,61,121,139,139,241,241,256,256,275,275,275,275,288,288,288,298,75,75,99,133,133,236,236,252,265,265,285,338,338,32,32,32,32,42,42,62,80,80,80],"floor_reached":51,"playtime":12427,"items_purged":["Strike_G","Strike_G"],"score":609,"play_id":"ef4c94e6-3066-4440-a1d3-ed0641e5306f","local_time":"20190128093700","is_ascension_mode":false,"campfire_choices":[{"data":"Blade Dance","floor":6.0,"key":"SMITH"},{"data":"Neutralize","floor":11.0,"key":"SMITH"},{"floor":15.0,"key":"REST"},{"data":"Infinite Blades","floor":23.0,"key":"SMITH"},{"data":"A Thousand Cuts","floor":25.0,"key":"SMITH"},{"data":"Prepared","floor":29.0,"key":"SMITH"},{"floor":32.0,"key":"REST"},{"floor":40.0,"key":"REST"},{"data":"Prepared","floor":42.0,"key":"SMITH"},{"data":"Prepared","floor":44.0,"key":"SMITH"},{"floor":49,"key":"REST"}],"neow_cost":"NONE","seed_source_timestamp":93844341674455,"circlet_count":0,"master_deck":["Defend_G","Defend_G","Defend_G","Defend_G","Defend_G","Strike_G+1","Strike_G+1","Survivor","Neutralize+1","Backflip","Blade Dance+1","All Out Attack","Poisoned Stab","Blade Dance","Underhanded Strike","Infinite Blades+1","Slice","Riddle With Holes","A Thousand Cuts+1","Dash+1","Choke+1","Prepared+1","Prepared+1","Corpse Explosion","Backflip+1","Blur+1","Madness","Madness","Prepared+1","Calculated Gamble+1","Terror+1"],"special_seed":0,"relics":["Ring of the Serpent","Tough Bandages","Whetstone","Tiny Chest","HoveringKite","Nilry\u0027s Codex","Mummified Hand","Ancient Tea Set","Red Mask","FossilizedHelix","Tingsha","Singing Bowl"],"potions_floor_usage":[50,50,50],"damage_taken":[{"damage":0.0,"enemies":"Jaw Worm","floor":1.0,"turns":4.0},{"damage":0.0,"enemies":"Small Slimes","floor":2.0,"turns":5.0},{"damage":0.0,"enemies":"2 Louse","floor":3.0,"turns":2.0},{"damage":2.0,"enemies":"Exordium Wildlife","floor":5.0,"turns":5.0},{"damage":10.0,"enemies":"Gremlin Nob","floor":7.0,"turns":3.0},{"damage":0.0,"enemies":"Blue Slaver","floor":8.0,"turns":3.0},{"damage":0.0,"enemies":"2 Fungi Beasts","floor":10.0,"turns":2.0},{"damage":28.0,"enemies":"Lagavulin","floor":13.0,"turns":6.0},{"damage":2.0,"enemies":"Looter","floor":14.0,"turns":3.0},{"damage":47.0,"enemies":"Hexaghost","floor":16.0,"turns":11.0},{"damage":0.0,"enemies":"Chosen","floor":18.0,"turns":4.0},{"damage":0.0,"enemies":"3 Byrds","floor":20.0,"turns":4.0},{"damage":8.0,"enemies":"Cultist and Chosen","floor":24.0,"turns":5.0},{"damage":0.0,"enemies":"Sentry and Sphere","floor":27.0,"turns":3.0},{"damage":0.0,"enemies":"Masked Bandits","floor":31.0,"turns":2.0},{"damage":30.0,"enemies":"Champ","floor":33.0,"turns":10.0},{"damage":2.0,"enemies":"3 Darklings","floor":35.0,"turns":4.0},{"damage":3.0,"enemies":"Orb Walker","floor":36.0,"turns":4.0},{"damage":10.0,"enemies":"Sphere and 2 Shapes","floor":38.0,"turns":6.0},{"damage":19.0,"enemies":"2 Orb Walkers","floor":39.0,"turns":3.0},{"damage":0.0,"enemies":"3 Darklings","floor":45.0,"turns":3.0},{"damage":0.0,"enemies":"Transient","floor":47.0,"turns":5.0},{"damage":0.0,"enemies":"Writhing Mass","floor":48.0,"turns":5.0},{"damage":13,"enemies":"Awakened One","floor":50,"turns":16}],"seed_played":"-1512083997511449534","potions_obtained":[{"floor":2.0,"key":"Strength Potion"},{"floor":7.0,"key":"PowerPotion"},{"floor":13.0,"key":"Ancient Potion"},{"floor":16.0,"key":"Swift Potion"},{"floor":20.0,"key":"Swift Potion"},{"floor":24.0,"key":"Swift Potion"},{"floor":31.0,"key":"PowerPotion"},{"floor":35.0,"key":"GamblersBrew"},{"floor":39.0,"key":"AttackPotion"},{"floor":45.0,"key":"Dexterity Potion"},{"floor":48.0,"key":"Explosive Potion"}],"is_trial":false,"path_per_floor":["M","M","M","?","M","R","E","M","T","M","R","$","E","M","R","B",null,"M","?","M","?","?","R","M","R","T","M","$","R","T","?","R","B",null,"M","M","?","M","?","R","$","R","T","R","M","$","M","M","R","B",null],"character_chosen":"THE_SILENT","items_purchased":["Infinite Blades","Regen Potion","Prepared","Tingsha"],"campfire_rested":4,"item_purchase_floors":[12,28,28,41],"current_hp_per_floor":[70,70,70,70,68,68,58,58,58,58,58,58,30,28,49,2,70,70,57,57,41,41,41,33,33,33,33,33,33,33,33,55,40,75,73,70,61,51,32,54,54,54,54,54,56,56,56,56,77,64],"gold":80,"neow_bonus":"THREE_CARDS","is_prod":false,"is_daily":false,"chose_seed":false,"campfire_upgraded":7,"win_rate":0.0,"timestamp":1548668220,"path_taken":["M","M","M","?","M","R","E","M","T","M","R","$","E","M","R","BOSS","M","?","M","?","?","R","?","R","T","M","$","R","?","?","R","BOSS","M","M","?","M","?","R","?","R","T","R","M","$","?","M","R","BOSS"],"build_version":"2019-01-23","purchased_purges":2,"victory":true,"max_hp_per_floor":[70,70,70,70,70,70,70,70,70,70,70,70,70,70,70,70,70,70,75,75,75,75,75,75,75,75,75,75,75,75,75,75,75,75,75,75,75,75,75,75,75,75,75,75,77,77,77,77,77,77],"card_choices":[{"not_picked":["PiercingWail","Outmaneuver"],"picked":"Backflip","floor":0.0},{"not_picked":["Quick Slash","Bane"],"picked":"Blade Dance","floor":1.0},{"not_picked":["PiercingWail","Catalyst"],"picked":"All Out Attack","floor":2.0},{"not_picked":["Backflip","Bouncing Flask"],"picked":"Poisoned Stab","floor":3.0},{"not_picked":["Escape Plan","Backflip","Calculated Gamble"],"picked":"SKIP","floor":5.0},{"not_picked":["Wraith Form v2","Reflex","Leg Sweep"],"picked":"SKIP","floor":7.0},{"not_picked":["Deadly Poison","Flying Knee"],"picked":"Blade Dance","floor":8.0},{"not_picked":["Flying Knee","Acrobatics"],"picked":"Underhanded Strike","floor":10.0},{"not_picked":["Backflip","Masterful Stab"],"picked":"Slice","floor":13.0},{"not_picked":["Night Terror","Deadly Poison"],"picked":"Riddle With Holes","floor":14.0},{"not_picked":["Malaise","Adrenaline"],"picked":"A Thousand Cuts","floor":16.0},{"not_picked":["Distraction","Flying Knee"],"picked":"Dash+1","floor":18.0},{"not_picked":["Skewer","Sucker Punch+1","PiercingWail"],"picked":"SKIP","floor":20.0},{"not_picked":["Dagger Throw","Dodge and Roll"],"picked":"Choke+1","floor":24.0},{"not_picked":["Crippling Poison","Malaise"],"picked":"Prepared","floor":27.0},{"not_picked":["Tools of the Trade","Night Terror"],"picked":"Corpse Explosion","floor":33.0},{"not_picked":["Infinite Blades","Bane+1"],"picked":"Backflip+1","floor":35.0},{"not_picked":["Dash","Tactician"],"picked":"Blur+1","floor":36.0},{"not_picked":["All Out Attack","Backstab+1","Poisoned Stab"],"picked":"SKIP","floor":38.0},{"not_picked":["PiercingWail","Deadly Poison+1"],"picked":"Prepared","floor":39.0},{"not_picked":["Caltrops","Deflect+1","Expertise"],"picked":"Singing Bowl","floor":45.0},{"not_picked":["Quick Slash","Expertise+1"],"picked":"Calculated Gamble+1","floor":47.0},{"not_picked":["Sucker Punch+1","Dagger Spray+1"],"picked":"Terror+1","floor":48.0}],"player_experience":132082,"relics_obtained":[{"floor":7.0,"key":"Tough Bandages"},{"floor":9.0,"key":"Whetstone"},{"floor":13.0,"key":"Tiny Chest"},{"floor":21.0,"key":"Nilry\u0027s Codex"},{"floor":26.0,"key":"Mummified Hand"},{"floor":30.0,"key":"Ancient Tea Set"},{"floor":31.0,"key":"Red Mask"},{"floor":39.0,"key":"FossilizedHelix"},{"floor":43.0,"key":"Singing Bowl"}],"event_choices":[{"damage_healed":0.0,"max_hp_gain":0.0,"max_hp_loss":0.0,"gold_gain":0.0,"event_name":"Liars Game","player_choice":"Ignored","floor":4.0,"gold_loss":0.0,"damage_taken":0.0},{"damage_healed":0.0,"max_hp_gain":5.0,"max_hp_loss":0.0,"gold_gain":0.0,"event_name":"Forgotten Altar","player_choice":"Shed Blood","floor":19.0,"gold_loss":0.0,"damage_taken":18.0},{"damage_healed":0.0,"max_hp_gain":0.0,"max_hp_loss":0.0,"gold_gain":0.0,"event_name":"Cursed Tome","player_choice":"Obtained Book","floor":21.0,"gold_loss":0.0,"damage_taken":16.0},{"cards_removed":["Strike_G"],"damage_healed":0.0,"max_hp_gain":0.0,"max_hp_loss":0.0,"gold_gain":0.0,"event_name":"Back to Basics","player_choice":"Elegance","floor":22.0,"gold_loss":0.0,"damage_taken":0.0},{"damage_healed":0.0,"max_hp_gain":0.0,"max_hp_loss":0.0,"gold_gain":0.0,"event_name":"Masked Bandits","player_choice":"Fought Bandits","floor":31.0,"gold_loss":0.0,"damage_taken":0.0},{"damage_healed":0.0,"max_hp_gain":0.0,"max_hp_loss":0.0,"gold_gain":0.0,"event_name":"Winding Halls","player_choice":"Embrace Madness","floor":37.0,"gold_loss":0.0,"damage_taken":9.0,"cards_obtained":["Madness","Madness"]},{"damage_healed":0.0,"max_hp_gain":0.0,"max_hp_loss":0.0,"gold_gain":0.0,"event_name":"Mysterious Sphere","player_choice":"Fight","floor":39.0,"gold_loss":0.0,"damage_taken":0.0}],"is_beta":false,"boss_relics":[{"not_picked":["Velvet Choker","Tiny House"],"picked":"HoveringKite"},{"not_picked":["Coffee Dripper","Black Star"],"picked":"Ring of the Serpent"}],"items_purged_floors":[12,28],"is_endless":false,"potions_floor_spawned":[2,7,13,16,20,24,31,35,39,45,48],"ascension_level":0}