{"gold_per_floor":[115,115,17,17,27,27,47,47,96,171,121,154,174,208,208,208],"floor_reached":16,"playtime":708,"items_purged":["Strike_R"],"score":108,"play_id":"f9462499-4b4d-4aa5-8c9f-f1e729f6e90e","local_time":"20190306201403","is_ascension_mode":false,"campfire_choices":[{"floor":6,"key":"RECALL"},{"data":"Warcry","floor":8,"key":"SMITH"},{"floor":15,"key":"REST"}],"neow_cost":"NONE","seed_source_timestamp":6033424375574,"circlet_count":0,"master_deck":["Strike_R","Strike_R","Strike_R","Defend_R","Defend_R","Defend_R","Defend_R","Bash","Sentinel","Warcry+1","Spot Weakness","Shrug It Off","Limit Break","Pummel","Thunderclap"],"relics":["Burning Blood","PreservedInsect","Bottled Lightning","Omamori"],"potions_floor_usage":[12,14,14,16],"damage_taken":[{"damage":5,"enemies":"Cultist","floor":1,"turns":4},{"damage":2,"enemies":"2 Louse","floor":5,"turns":5},{"damage":1,"enemies":"Jaw Worm","floor":7,"turns":6},{"damage":9,"enemies":"3 Sentries","floor":12,"turns":6},{"damage":10,"enemies":"Exordium Wildlife","floor":13,"turns":5},{"damage":33,"enemies":"Lagavulin","floor":14,"turns":7},{"damage":59,"enemies":"The Guardian","floor":16,"turns":10}],"seed_played":"186597539116037129","potions_obtained":[{"floor":1,"key":"Explosive Potion"},{"floor":2,"key":"GamblersBrew"},{"floor":2,"key":"GamblersBrew"},{"floor":14,"key":"Block Potion"}],"is_trial":false,"path_per_floor":["M","?","$","$","M","R","M","R","T","?","?","E","M","E","R","B"],"character_chosen":"IRONCLAD","items_purchased":["Warcry"],"campfire_rested":1,"item_purchase_floors":[3],"current_hp_per_floor":[80,80,80,80,80,80,80,80,80,69,69,66,62,35,59,0],"gold":208,"neow_bonus":"RANDOM_COMMON_RELIC","is_prod":false,"is_daily":false,"chose_seed":false,"campfire_upgraded":1,"win_rate":0,"timestamp":1551870843,"path_taken":["M","?","?","$","M","R","?","R","T","?","?","E","M","E","R","BOSS"],"build_version":"2019-01-23","purchased_purges":1,"victory":false,"max_hp_per_floor":[80,80,80,80,80,80,80,80,80,80,80,80,80,80,80,80],"card_choices":[{"not_picked":["Pummel","Spot Weakness"],"picked":"Sentinel","floor":1},{"not_picked":["Clothesline","Thunderclap"],"picked":"Spot Weakness","floor":5},{"not_picked":["Thunderclap","Wild Strike"],"picked":"Shrug It Off","floor":7},{"not_picked":["Perfected Strike","Searing Blow"],"picked":"Limit Break","floor":12},{"not_picked":["Dual Wield","Disarm"],"picked":"Pummel","floor":13},{"not_picked":["Rage","Hemokinesis"],"picked":"Thunderclap","floor":14}],"player_experience":131734,"relics_obtained":[{"floor":12,"key":"Bottled Lightning"},{"floor":14,"key":"Omamori"}],"event_choices":[{"damage_healed":0,"gold_gain":0,"player_choice":"Got Potions","damage_taken":0,"max_hp_gain":0,"max_hp_loss":0,"event_name":"Lab","floor":2,"gold_loss":0},{"damage_healed":0,"gold_gain":75,"player_choice":"Gather Gold","damage_taken":11,"max_hp_gain":0,"max_hp_loss":0,"event_name":"World of Goop","floor":10,"gold_loss":0},{"cards_removed":["Strike_R"],"damage_healed":0,"gold_gain":0,"player_choice":"Card Removal","damage_taken":0,"max_hp_gain":0,"max_hp_loss":0,"event_name":"The Cleric","floor":11,"gold_loss":50}],"is_beta":false,"boss_relics":[],"items_purged_floors":[3],"is_endless":false,"potions_floor_spawned":[1,14],"killed_by":"The Guardian","ascension_level":0}