{"gold_per_floor":[115,115,39,52,71,104,104,116,116,129,139,34,48,66,66,142,142,142,142,142,56,56],"floor_reached":22,"playtime":1012,"items_purged":[],"score":361,"play_id":"ead0a9d9-c41e-4870-a4c2-944225f31a43","local_time":"20190121021720","is_ascension_mode":true,"campfire_choices":[{"data":"Zap","floor":7,"key":"SMITH"},{"floor":15,"key":"REST"}],"neow_cost":"NONE","seed_source_timestamp":899353782997400,"circlet_count":0,"master_deck":["AscendersBane","Strike_B","Strike_B","Defend_B","Defend_B","Defend_B","Defend_B","Zap+1","Dualcast","Lockon","Loop","Static Discharge","Barrage","Ball Lightning","Sunder","Conserve Battery","Seek","Storm","Steam","Consume","Loop","Echo Form","Stack+1","Double Energy","Turbo","Reprogram+1","Chill"],"relics":["Cracked Core","NeowsBlessing","Cables","Thread and Needle","Ectoplasm"],"potions_floor_usage":[6,6,16],"damage_taken":[{"damage":0,"enemies":"Jaw Worm","floor":1,"turns":1},{"damage":0,"enemies":"Cultist","floor":4,"turns":1},{"damage":0,"enemies":"Small Slimes","floor":5,"turns":1},{"damage":40,"enemies":"3 Sentries","floor":6,"turns":8},{"damage":21,"enemies":"3 Louse","floor":8,"turns":3},{"damage":10,"enemies":"Exordium Wildlife","floor":10,"turns":3},{"damage":0,"enemies":"Blue Slaver","floor":11,"turns":3},{"damage":1,"enemies":"Gremlin Gang","floor":13,"turns":4},{"damage":0,"enemies":"Large Slime","floor":14,"turns":4},{"damage":5,"enemies":"Hexaghost","floor":16,"turns":7},{"damage":22,"enemies":"Chosen","floor":18,"turns":4},{"damage":24,"enemies":"Shell Parasite","floor":20,"turns":5},{"damage":13,"enemies":"Sentry and Sphere","floor":22,"turns":7}],"seed_played":"-778456278577559300","potions_obtained":[{"floor":1,"key":"Regen Potion"},{"floor":2,"key":"Fire Potion"},{"floor":10,"key":"Ancient Potion"},{"floor":11,"key":"LiquidBronze"}],"is_trial":false,"path_per_floor":["M","?","$","M","M","E","R","M","T","M","M","$","M","M","R","B",null,"M","?","M","$","M"],"character_chosen":"DEFECT","items_purchased":["Loop","Storm","Steam","Chill"],"campfire_rested":1,"item_purchase_floors":[3,12,12,21],"current_hp_per_floor":[64,64,64,64,64,39,39,18,18,8,8,8,7,7,28,23,59,37,37,13,13,0],"gold":56,"neow_bonus":"THREE_ENEMY_KILL","is_prod":false,"is_daily":false,"chose_seed":false,"campfire_upgraded":1,"win_rate":0,"timestamp":1548065840,"path_taken":["M","?","$","?","?","E","R","M","T","M","?","?","M","M","R","BOSS","M","?","M","$","M"],"build_version":"2019-01-17v2","purchased_purges":0,"victory":false,"max_hp_per_floor":[71,71,71,71,71,71,71,71,71,71,71,71,71,71,71,71,71,71,71,71,71,71],"card_choices":[{"not_picked":["Rebound","Turbo"],"picked":"Lockon","floor":1},{"not_picked":["Cold Snap","Steam"],"picked":"Static Discharge","floor":4},{"not_picked":["Chaos","Force Field"],"picked":"Barrage","floor":5},{"not_picked":["Coolheaded","Force Field"],"picked":"Ball Lightning","floor":6},{"not_picked":["Redo","Hologram"],"picked":"Sunder","floor":8},{"not_picked":["Rebound","Darkness"],"picked":"Conserve Battery","floor":10},{"not_picked":["FTL","Ball Lightning"],"picked":"Seek","floor":11},{"not_picked":["Go for the Eyes","Streamline"],"picked":"Consume","floor":13},{"not_picked":["Ball Lightning","Turbo"],"picked":"Loop","floor":14},{"not_picked":["All For One","Reboot"],"picked":"Echo Form","floor":16},{"not_picked":["Barrage+1","Beam Cell"],"picked":"Stack+1","floor":18},{"not_picked":["Barrage","Hologram"],"picked":"Reprogram+1","floor":20}],"player_experience":575977,"relics_obtained":[{"floor":6,"key":"Cables"},{"floor":9,"key":"Thread and Needle"}],"event_choices":[{"damage_healed":0,"gold_gain":0,"player_choice":"Got Potions","damage_taken":0,"max_hp_gain":0,"max_hp_loss":0,"event_name":"Lab","floor":2,"gold_loss":0},{"damage_healed":0,"gold_gain":0,"cards_transformed":["Strike_B","Strike_B"],"player_choice":"Became Test Subject","damage_taken":0,"max_hp_gain":0,"max_hp_loss":0,"event_name":"Drug Dealer","floor":19,"gold_loss":0,"cards_obtained":["Double Energy","Turbo"]}],"is_beta":false,"boss_relics":[{"not_picked":["Astrolabe","Tiny House"],"picked":"Ectoplasm"}],"items_purged_floors":[],"is_endless":false,"potions_floor_spawned":[1,5,10,11,14],"killed_by":"Sentry and Sphere","ascension_level":18}