{"gold_per_floor":[212,287,20,20,20,36,36,54,54,54,74,93,108,123,123,225,225,235,235,235,10,34,34,54,54,126,159,170,170],"floor_reached":29,"playtime":1475,"items_purged":[],"score":237,"play_id":"07b9e685-3619-4f5f-85b2-bc9d5b0bb177","local_time":"20181211034837","is_ascension_mode":false,"campfire_choices":[{"data":"Mind Blast","floor":7,"key":"SMITH"},{"data":"Infinite Blades","floor":10,"key":"SMITH"},{"data":"Corpse Explosion","floor":15,"key":"SMITH"},{"data":"Catalyst","floor":23,"key":"SMITH"},{"data":"Leg Sweep","floor":25,"key":"SMITH"}],"neow_cost":"NONE","seed_source_timestamp":969049777368868,"circlet_count":0,"master_deck":["Defend_G","Defend_G","Defend_G","Defend_G","Defend_G","Strike_G","Strike_G","Strike_G","Strike_G","Strike_G","Survivor","Neutralize","Bane","Corpse Explosion+1","Deflect","Infinite Blades+1","Skewer","Venomology","Mind Blast+1","Bane","Flying Knee","Deadly Poison","Calculated Gamble","Bouncing Flask","Sucker Punch","Adrenaline","Catalyst+1","Deflect","Noxious Fumes","Concentrate","Flying Knee","Leg Sweep+1","Well Laid Plans","Poisoned Stab"],"relics":["Ring of the Snake","Pear","Black Star","Boot","Kunai","Gambling Chip","StoneCalendar"],"potions_floor_usage":[11,11,14,18,19,19,27,28],"damage_taken":[{"damage":0,"enemies":"Small Slimes","floor":1,"turns":3},{"damage":1,"enemies":"2 Louse","floor":6,"turns":4},{"damage":1,"enemies":"Cultist","floor":8,"turns":4},{"damage":0,"enemies":"Gremlin Gang","floor":11,"turns":4},{"damage":0,"enemies":"Blue Slaver","floor":12,"turns":3},{"damage":0,"enemies":"Exordium Thugs","floor":13,"turns":3},{"damage":1,"enemies":"Red Slaver","floor":14,"turns":2},{"damage":41,"enemies":"Hexaghost","floor":16,"turns":8},{"damage":10,"enemies":"Chosen","floor":18,"turns":4},{"damage":1,"enemies":"Shell Parasite","floor":19,"turns":3},{"damage":12,"enemies":"Centurion and Healer","floor":24,"turns":6},{"damage":52,"enemies":"Slavers","floor":27,"turns":6},{"damage":4,"enemies":"Snecko","floor":28,"turns":4},{"damage":3,"enemies":"Shelled Parasite and Fungi","floor":29,"turns":1}],"seed_played":"7386633833822072361","potions_obtained":[{"floor":1,"key":"Weak Potion"},{"floor":8,"key":"PowerPotion"},{"floor":13,"key":"SmokeBomb"},{"floor":18,"key":"EssenceOfSteel"},{"floor":24,"key":"Block Potion"},{"floor":27,"key":"EssenceOfSteel"}],"is_trial":false,"path_per_floor":["M","?","$","?","?","M","R","M","T","R","M","M","M","M","R","B",null,"M","M","?","$","T","R","M","R","T","E","M","M"],"character_chosen":"THE_SILENT","items_purchased":["Corpse Explosion","Deflect","Infinite Blades","Skewer","Deflect","Noxious Fumes","Concentrate","Flying Knee"],"campfire_rested":0,"item_purchase_floors":[3,3,3,3,21,21,21,21],"current_hp_per_floor":[70,59,59,59,59,58,58,57,67,67,67,67,67,66,66,25,80,70,69,69,69,69,69,57,57,57,5,1,0],"gold":170,"neow_bonus":"HUNDRED_GOLD","is_prod":false,"is_daily":false,"chose_seed":false,"campfire_upgraded":5,"win_rate":0.0,"timestamp":1544518117,"path_taken":["M","?","$","?","?","M","R","M","T","R","?","M","M","?","R","BOSS","M","M","?","$","?","R","?","R","T","E","?","M"],"build_version":"2018-12-06","purchased_purges":0,"victory":false,"max_hp_per_floor":[70,70,70,70,70,70,70,70,80,80,80,80,80,80,80,80,80,80,80,80,80,80,80,80,80,80,80,80,80],"card_choices":[{"not_picked":["Heel Hook","Outmaneuver"],"picked":"Bane","floor":1},{"not_picked":["Terror","Bane","Flechettes"],"picked":"SKIP","floor":6},{"not_picked":["Adrenaline","Crippling Poison"],"picked":"Flying Knee","floor":8},{"not_picked":["Acrobatics","Prepared"],"picked":"Deadly Poison","floor":11},{"not_picked":["Bane","Underhanded Strike"],"picked":"Calculated Gamble","floor":12},{"not_picked":["Escape Plan","Finisher"],"picked":"Bouncing Flask","floor":13},{"not_picked":["Leg Sweep","Prepared"],"picked":"Sucker Punch","floor":14},{"not_picked":["Tools of the Trade","After Image"],"picked":"Adrenaline","floor":16},{"not_picked":["PiercingWail","All Out Attack"],"picked":"Catalyst","floor":18},{"not_picked":["All Out Attack","Deadly Poison"],"picked":"Leg Sweep","floor":24},{"not_picked":["Flechettes+1","Distraction+1"],"picked":"Well Laid Plans","floor":27},{"not_picked":["Acrobatics","Finisher"],"picked":"Poisoned Stab","floor":28}],"player_experience":246582,"relics_obtained":[{"floor":9,"key":"Pear"},{"floor":22,"key":"Boot"},{"floor":26,"key":"Kunai"},{"floor":27,"key":"Gambling Chip"},{"floor":27,"key":"StoneCalendar"}],"event_choices":[{"damage_healed":0,"gold_gain":75,"player_choice":"Gather Gold","damage_taken":11,"max_hp_gain":0,"max_hp_loss":0,"event_name":"World of Goop","floor":2,"gold_loss":0},{"damage_healed":0,"gold_gain":0,"player_choice":"Ignored","damage_taken":0,"max_hp_gain":0,"max_hp_loss":0,"event_name":"Golden Wing","floor":4,"gold_loss":0},{"damage_healed":0,"gold_gain":0,"player_choice":"3 cards matched","damage_taken":0,"max_hp_gain":0,"max_hp_loss":0,"event_name":"Match and Keep!","floor":5,"gold_loss":0,"cards_obtained":["Venomology","Mind Blast","Bane"]},{"damage_healed":0,"gold_gain":0,"player_choice":"3 cards matched","damage_taken":0,"max_hp_gain":0,"max_hp_loss":0,"event_name":"Match and Keep!","floor":5,"gold_loss":0,"cards_obtained":["Venomology","Mind Blast","Bane"]},{"damage_healed":0,"gold_gain":0,"player_choice":"Bought 0 Potions","damage_taken":0,"max_hp_gain":0,"max_hp_loss":0,"event_name":"The Woman in Blue","floor":20,"gold_loss":0}],"is_beta":false,"boss_relics":[{"not_picked":["Lizard Tail","Runic Pyramid"],"picked":"Black Star"}],"items_purged_floors":[],"is_endless":false,"potions_floor_spawned":[1,8,13,18,24,27],"killed_by":"Shelled Parasite and Fungi","ascension_level":0}