{"path_per_floor":["M","M","?","M","M","E","?","M","T","M","R","?","M","M","R","B",null,"M","M","M","?","M","R","E","R","T","M","?","$","M"],"character_chosen":"IRONCLAD","items_purchased":["Self Forming Clay","Master of Strategy"],"gold_per_floor":[117,132,132,143,159,193,193,208,233,253,253,208,223,237,237,334,334,348,361,373,373,386,386,412,412,439,459,459,25,37],"floor_reached":31,"campfire_rested":2,"playtime":2520,"current_hp_per_floor":[80,80,80,78,76,60,57,46,46,37,37,37,32,37,61,39,80,72,56,21,80,68,68,28,52,52,45,45,45,7],"items_purged":[],"gold":37,"play_id":"3c2e3f49-2fc8-43f1-af16-bc7907d4aa61","is_prod":false,"is_daily":false,"campfire_rituals":0,"campfire_upgraded":2,"is_hardmode":false,"path_taken":["M","M","?","M","M","E","?","?","T","M","R","?","M","M","R","BOSS","M","?","M","?","?","R","E","R","T","M","?","$","M","?"],"build_version":"2018-01-18-PROD4","purchased_purges":1,"victory":false,"master_deck":["Strike_R","Strike_R","Strike_R","Strike_R","Defend_R","Defend_R","Defend_R","Bash","Inflame","Metallicize","Armaments","Pommel Strike","Pommel Strike","Twin Strike","Infernal Blade","Double Tap","Rampage","Searing Blow","Fire Breathing","Flex","Clash","Warcry","Armaments","Fiend Fire","Master of Strategy","Twin Strike"],"max_hp_per_floor":[80,80,80,80,80,80,80,80,80,80,80,80,80,80,80,80,80,80,80,80,80,80,80,80,80,80,80,80,80,80],"relics":["Burning Blood","Sundial","Oddly Smooth Stone","Orichalcum","Astrolabe","Peace Pipe","Vajra","Self Forming Clay"],"campfire_meditates":0,"card_choices":[{"not_picked":["Thunderclap","Sword Boomerang"],"picked":"Iron Wave"},{"not_picked":["Dual Wield","Disarm"],"picked":"Inflame"},{"not_picked":["Second Wind","Rage"],"picked":"Clothesline"},{"not_picked":["Flame Barrier","Anger"],"picked":"Metallicize"},{"not_picked":["Burning Pact","Perfected Strike"],"picked":"Armaments"},{"not_picked":["Power Through","Body Slam"],"picked":"Pommel Strike"},{"not_picked":["Perfected Strike","True Grit"],"picked":"Pommel Strike"},{"not_picked":["Power Through","Anger"],"picked":"Twin Strike"},{"not_picked":["Burning Pact","Iron Wave"],"picked":"Infernal Blade"},{"not_picked":["Feed","Brutality"],"picked":"Double Tap"},{"not_picked":["Pommel Strike","Metallicize"],"picked":"Fire Breathing"},{"not_picked":["Warcry","Dual Wield"],"picked":"Flex"},{"not_picked":["Clothesline","Dropkick"],"picked":"Clash"},{"not_picked":["Corruption","Second Wind"],"picked":"Warcry"},{"not_picked":["Perfected Strike","Thunderclap"],"picked":"Armaments"},{"not_picked":["Infernal Blade","Feel No Pain"],"picked":"Fiend Fire"},{"not_picked":["Clash","Rage"],"picked":"Twin Strike"}],"player_experience":3452,"potions_floor_usage":[6,6,6,16,16,22],"damage_taken":[{"damage":4.0,"enemies":"Small Slimes","floor":1.0,"turns":4.0},{"damage":5.0,"enemies":"Cultist","floor":2.0,"turns":4.0},{"damage":8.0,"enemies":"2 Louse","floor":4.0,"turns":3.0},{"damage":8,"enemies":"Looter","floor":5,"turns":4},{"damage":22,"enemies":"3 Sentries","floor":6,"turns":8},{"damage":17,"enemies":"Exordium Thugs","floor":8,"turns":5},{"damage":15,"enemies":"Large Slime","floor":10,"turns":3},{"damage":11,"enemies":"3 Louse","floor":13,"turns":4},{"damage":1,"enemies":"Looter","floor":14,"turns":2},{"damage":28,"enemies":"Slime Boss","floor":16,"turns":5},{"damage":14,"enemies":"Spheric Guardian","floor":18,"turns":4},{"damage":22,"enemies":"Chosen","floor":19,"turns":4},{"damage":41,"enemies":"Centurion and Healer","floor":20,"turns":6},{"damage":18,"enemies":"3 Cultists","floor":22,"turns":6},{"damage":46,"enemies":"Gremlin Leader","floor":24,"turns":6},{"damage":13,"enemies":"Sentry and Sphere","floor":27,"turns":5},{"damage":44,"enemies":"Chosen and Byrds","floor":30,"turns":6},{"damage":12,"enemies":"3 Cultists","floor":31,"turns":3}],"event_choices":[{"event_name":"Purifier","player_choice":"One Purge","floor":3.0,"damage_taken":0.0},{"event_name":"Scrap Ooze","player_choice":"success","floor":7,"damage_taken":3},{"event_name":"World of Goop","player_choice":"Left","floor":12,"damage_taken":0},{"event_name":"Bonfire Elementals","player_choice":"UNCOMMON","floor":21,"damage_taken":0},{"event_name":"Back to Basics","player_choice":"Simplicity","floor":28,"damage_taken":0}],"boss_relics":[{"not_picked":["Lizard Tail","Tiny House"],"picked":"Astrolabe"}],"potions_floor_spawned":[1,2,4,6,13,18,27,30],"seed_played":"5493321607508223797","killed_by":"3 Cultists","is_trial":false}