{"gold_per_floor":[119,131,146,162,172,172,191,225,263,119,119,19,93,93,93,195,195,205,80,0,19,19,19,29,29],"floor_reached":25,"playtime":837,"items_purged":["Strike_R","Strike_R","Strike_R"],"score":203,"play_id":"7b7a9bc0-9873-4ef6-a24e-a0b31cafee90","local_time":"20190204002601","is_ascension_mode":false,"campfire_choices":[{"data":"Rampage","floor":6,"key":"SMITH"},{"floor":15,"key":"REST"},{"floor":23,"key":"REST"}],"neow_cost":"NONE","seed_source_timestamp":4272764417002758,"circlet_count":0,"master_deck":["Strike_R","Strike_R","Defend_R","Defend_R","Defend_R","Defend_R+1","Bash","Anger","Thunderclap","Rampage+1","Anger","Heavy Blade","Barricade+1","Inflame","Inflame","Iron Wave","Dual Wield","Armaments","Writhe"],"relics":["Burning Blood","MawBank","Orrery","Pen Nib"],"potions_floor_usage":[16,16,24,24],"damage_taken":[{"damage":1,"enemies":"Cultist","floor":1,"turns":3},{"damage":0,"enemies":"2 Louse","floor":2,"turns":2},{"damage":0,"enemies":"Small Slimes","floor":3,"turns":3},{"damage":10,"enemies":"2 Fungi Beasts","floor":4,"turns":3},{"damage":11,"enemies":"Blue Slaver","floor":5,"turns":4},{"damage":10,"enemies":"3 Louse","floor":7,"turns":3},{"damage":20,"enemies":"Gremlin Nob","floor":8,"turns":4},{"damage":43,"enemies":"Slime Boss","floor":16,"turns":9},{"damage":25,"enemies":"3 Byrds","floor":18,"turns":8},{"damage":21,"enemies":"Shell Parasite","floor":21,"turns":7},{"damage":40,"enemies":"Snake Plant","floor":24,"turns":5},{"damage":42,"enemies":"Centurion and Healer","floor":25,"turns":4}],"seed_played":"1491555712318278602","potions_obtained":[{"floor":2,"key":"Swift Potion"},{"floor":4,"key":"SteroidPotion"},{"floor":5,"key":"PowerPotion"},{"floor":21,"key":"Energy Potion"}],"is_trial":false,"path_per_floor":["M","M","M","M","M","R","M","E","T","$","?","$","?","?","R","B",null,"M","$","?","M","?","R","M","M"],"character_chosen":"IRONCLAD","items_purchased":["Inflame"],"campfire_rested":2,"item_purchase_floors":[10],"current_hp_per_floor":[80,80,80,76,71,71,67,53,53,53,53,53,53,37,61,24,80,61,61,61,46,46,70,36,0],"gold":29,"neow_bonus":"THREE_CARDS","is_prod":false,"is_daily":false,"chose_seed":false,"campfire_upgraded":1,"win_rate":0,"timestamp":1549257961,"path_taken":["M","?","M","M","M","R","M","E","T","$","?","$","?","?","R","BOSS","M","$","?","M","?","R","M","M"],"build_version":"2019-01-23","purchased_purges":3,"victory":false,"max_hp_per_floor":[80,80,80,80,80,80,80,80,80,80,80,80,80,80,80,80,80,80,80,80,80,80,80,80,80],"card_choices":[{"not_picked":["Warcry","Body Slam"],"picked":"Anger","floor":0},{"not_picked":["Wild Strike","Twin Strike","True Grit"],"picked":"SKIP","floor":1},{"not_picked":["Body Slam","Wild Strike"],"picked":"Thunderclap","floor":2},{"not_picked":["Pommel Strike","Thunderclap"],"picked":"Rampage","floor":3},{"not_picked":["Burning Pact","Pommel Strike","Battle Trance"],"picked":"SKIP","floor":4},{"not_picked":["Headbutt","Cleave"],"picked":"Anger","floor":5},{"not_picked":["Thunderclap","Twin Strike"],"picked":"Heavy Blade","floor":7},{"not_picked":["Second Wind","Sentinel"],"picked":"Barricade","floor":8},{"not_picked":["Pommel Strike","Flex"],"picked":"Inflame","floor":17},{"not_picked":["Havoc","Feel No Pain"],"picked":"Iron Wave","floor":17},{"not_picked":["Pommel Strike","Combust"],"picked":"Dual Wield","floor":17},{"not_picked":["Anger","Havoc"],"picked":"Armaments","floor":17},{"not_picked":["Battle Trance+1","Rampage","Pummel+1"],"picked":"SKIP","floor":18},{"not_picked":["Perfected Strike","Carnage+1","Pommel Strike+1"],"picked":"SKIP","floor":21},{"not_picked":["Flex+1","Rupture","Perfected Strike"],"picked":"SKIP","floor":24}],"player_experience":61345,"relics_obtained":[{"floor":8,"key":"MawBank"}],"event_choices":[{"damage_healed":0,"gold_gain":0,"player_choice":"Ignored","damage_taken":0,"max_hp_gain":0,"max_hp_loss":0,"event_name":"Liars Game","floor":11,"gold_loss":0},{"damage_healed":0,"gold_gain":74,"player_choice":"Gained Gold","damage_taken":0,"max_hp_gain":0,"max_hp_loss":0,"event_name":"Golden Wing","floor":13,"gold_loss":0},{"damage_healed":0,"gold_gain":0,"player_choice":"Entered Light","damage_taken":16,"max_hp_gain":0,"max_hp_loss":0,"event_name":"Shining Light","floor":14,"gold_loss":0,"cards_upgraded":["Barricade","Defend_R"]},{"damage_healed":0,"gold_gain":0,"player_choice":"Paid Fearfully","damage_taken":0,"max_hp_gain":0,"max_hp_loss":0,"event_name":"Masked Bandits","floor":20,"gold_loss":80},{"damage_healed":0,"gold_gain":0,"player_choice":"Opened","damage_taken":0,"relics_obtained":["Pen Nib"],"max_hp_gain":0,"max_hp_loss":0,"event_name":"The Mausoleum","floor":22,"gold_loss":0,"cards_obtained":["Writhe"]}],"is_beta":false,"boss_relics":[{"not_picked":["Mark of Pain","Eternal Feather"],"picked":"Orrery"}],"items_purged_floors":[10,12,19],"is_endless":false,"potions_floor_spawned":[2,4,5,21],"killed_by":"Centurion and Healer","ascension_level":0}