{"gold_per_floor":[129,129,79,79,121,121,220,220,220,265,298,334,98,137,137,440,440,440,485,542,596,596,680,680,680,680,716,770,366,399,456,456,456],"floor_reached":33,"playtime":1384,"items_purged":["Clash","Strike_R"],"score":348,"play_id":"e642bbf7-4f63-4fd1-9054-00dcb9571c8d","local_time":"20190308190744","daily_mods":["Cursed Run","Uncertain Future","Midas"],"is_ascension_mode":false,"campfire_choices":[{"floor":6,"key":"REST"},{"floor":8,"key":"REST"},{"floor":15,"key":"REST"},{"floor":25,"key":"REST"},{"floor":32,"key":"REST"}],"neow_cost":"","seed_source_timestamp":0,"circlet_count":0,"master_deck":["Strike_R","Strike_R","Strike_R","Defend_R","Defend_R","Defend_R","Defend_R","Bash","Heavy Blade","Regret","Cleave","Anger","Pommel Strike","Searing Blow","Inflame","Flex","Armaments","Shrug It Off","Flex","Inflame","Dropkick","Combust","Pommel Strike+1","Decay","Writhe","Heavy Blade","Rage"],"relics":["Cursed Key","Darkstone Periapt","Du-Vu Doll","Shuriken","Regal Pillow","Omamori","Vajra","Orrery","Question Card","Self Forming Clay","Peace Pipe"],"potions_floor_usage":[16,16,18,23,27,31,31,33],"damage_taken":[{"damage":6,"enemies":"Jaw Worm","floor":1,"turns":3},{"damage":9,"enemies":"Cultist","floor":5,"turns":3},{"damage":8,"enemies":"Gremlin Nob","floor":7,"turns":3},{"damage":1,"enemies":"Small Slimes","floor":10,"turns":3},{"damage":4,"enemies":"3 Louse","floor":11,"turns":3},{"damage":3,"enemies":"2 Fungi Beasts","floor":12,"turns":2},{"damage":2,"enemies":"Exordium Thugs","floor":14,"turns":3},{"damage":44,"enemies":"Hexaghost","floor":16,"turns":6},{"damage":0,"enemies":"2 Thieves","floor":18,"turns":1},{"damage":20,"enemies":"Shell Parasite","floor":19,"turns":3},{"damage":31,"enemies":"3 Cultists","floor":20,"turns":5},{"damage":23,"enemies":"Centurion and Healer","floor":21,"turns":5},{"damage":2,"enemies":"Gremlin Leader","floor":23,"turns":4},{"damage":11,"enemies":"Snecko","floor":27,"turns":4},{"damage":18,"enemies":"Sentry and Sphere","floor":28,"turns":4},{"damage":9,"enemies":"Cultist and Chosen","floor":30,"turns":4},{"damage":5,"enemies":"Snake Plant","floor":31,"turns":2},{"damage":75,"enemies":"Automaton","floor":33,"turns":6}],"seed_played":"6036134941591235284","potions_obtained":[{"floor":1,"key":"SmokeBomb"},{"floor":5,"key":"Energy Potion"},{"floor":7,"key":"Strength Potion"},{"floor":21,"key":"BloodPotion"},{"floor":23,"key":"EssenceOfSteel"},{"floor":28,"key":"SpeedPotion"},{"floor":30,"key":"SkillPotion"},{"floor":31,"key":"Explosive Potion"}],"is_trial":true,"path_per_floor":["M","?","?","?","M","R","E","R","T","M","M","M","$","M","R","B",null,"M","M","M","M","?","E","?","R","T","M","M","$","M","M","R","B"],"character_chosen":"IRONCLAD","items_purchased":["Searing Blow","Inflame","Flex","Peace Pipe"],"campfire_rested":5,"item_purchase_floors":[13,13,13,29],"current_hp_per_floor":[74,41,41,47,38,78,70,86,86,85,81,78,78,76,86,42,86,86,66,35,12,18,25,25,67,73,62,44,44,35,30,74,0],"gold":456,"neow_bonus":"","is_prod":false,"is_daily":false,"chose_seed":false,"campfire_upgraded":0,"win_rate":0,"timestamp":1552032464,"path_taken":["M","?","?","?","M","R","E","R","T","M","M","M","$","M","R","BOSS","M","M","M","M","?","E","?","R","T","?","M","$","M","M","R","BOSS"],"build_version":"2019-02-06","purchased_purges":2,"victory":false,"max_hp_per_floor":[80,80,80,86,86,86,86,86,86,86,86,86,86,86,86,86,86,86,86,86,86,92,92,92,92,98,98,98,98,98,98,98,98],"card_choices":[{"not_picked":["Disarm","Cleave"],"picked":"Heavy Blade","floor":1},{"not_picked":["Havoc","Fire Breathing","Perfected Strike"],"picked":"SKIP","floor":5},{"not_picked":["Infernal Blade","Iron Wave"],"picked":"Cleave","floor":7},{"not_picked":["Perfected Strike","Bludgeon"],"picked":"Clash","floor":10},{"not_picked":["Clothesline","Perfected Strike"],"picked":"Anger","floor":11},{"not_picked":["Wild Strike","Power Through"],"picked":"Pommel Strike","floor":12},{"not_picked":["Thunderclap","Twin Strike"],"picked":"Armaments","floor":14},{"not_picked":["Body Slam","Pommel Strike"],"picked":"Shrug It Off","floor":17},{"not_picked":["Searing Blow","Sword Boomerang"],"picked":"Flex","floor":17},{"not_picked":["Seeing Red","Combust"],"picked":"Inflame","floor":17},{"not_picked":["Ghostly Armor","Body Slam"],"picked":"Dropkick","floor":17},{"not_picked":["Infernal Blade","Reckless Charge","Warcry+1"],"picked":"SKIP","floor":19},{"not_picked":["Cleave","Dual Wield"],"picked":"Combust","floor":20},{"not_picked":["Evolve","Armaments+1"],"picked":"Pommel Strike+1","floor":21},{"not_picked":["Battle Trance+1","Havoc","Evolve"],"picked":"SKIP","floor":23},{"not_picked":["Clash+1","Bludgeon","Sentinel"],"picked":"Heavy Blade","floor":27},{"not_picked":["Sentinel","Havoc","Sever Soul","Second Wind"],"picked":"SKIP","floor":28},{"not_picked":["Sentinel","Havoc","Sever Soul","Second Wind"],"picked":"SKIP","floor":28},{"not_picked":["Clash","Whirlwind","Warcry","Thunderclap"],"picked":"SKIP","floor":30},{"not_picked":["Body Slam","Armaments+1","Perfected Strike"],"picked":"Rage","floor":31}],"player_experience":505110,"relics_obtained":[{"floor":7,"key":"Omamori"},{"floor":9,"key":"Vajra"},{"floor":23,"key":"Question Card"},{"floor":26,"key":"Self Forming Clay"}],"event_choices":[{"damage_healed":0,"gold_gain":0,"player_choice":"Success","damage_taken":33,"relics_obtained":["Shuriken"],"max_hp_gain":0,"max_hp_loss":0,"event_name":"Scrap Ooze","floor":2,"gold_loss":0},{"cards_removed":["Strike_R"],"damage_healed":0,"gold_gain":0,"player_choice":"Card Removal","damage_taken":0,"max_hp_gain":0,"max_hp_loss":0,"event_name":"The Cleric","floor":3,"gold_loss":50},{"damage_healed":0,"gold_gain":0,"player_choice":"Box","damage_taken":0,"relics_obtained":["Regal Pillow"],"max_hp_gain":0,"max_hp_loss":0,"event_name":"Big Fish","floor":4,"gold_loss":0,"cards_obtained":["Regret"]},{"damage_healed":0,"gold_gain":0,"player_choice":"Smashed Altar","damage_taken":0,"max_hp_gain":0,"max_hp_loss":0,"event_name":"Forgotten Altar","floor":22,"gold_loss":0,"cards_obtained":["Decay"]},{"damage_healed":0,"gold_gain":0,"player_choice":"Ignored","damage_taken":0,"max_hp_gain":0,"max_hp_loss":0,"event_name":"Fountain of Cleansing","floor":24,"gold_loss":0}],"is_beta":true,"boss_relics":[{"not_picked":["Eternal Feather","Astrolabe"],"picked":"Orrery"}],"items_purged_floors":[13,29],"is_endless":false,"potions_floor_spawned":[1,5,7,12,21,23,28,30,31],"killed_by":"Automaton","ascension_level":0}