{"gold_per_floor":[113,1,11,11,21,21,51,63,63,73,106,106,123,188,188,262,262,217,217,217,142,142,142,142,142,142,142,142,142,42,42,42,42,42,42,42,42,42,42,42,42,42,42,42,42,42,42,42,42,42,42,42,42,42,42],"floor_reached":55,"playtime":1409,"items_purged":["Strike_R","Strike_R"],"score":1251,"play_id":"0709a275-a2c8-484f-928a-94ba30e768ab","local_time":"20190218191117","is_ascension_mode":true,"campfire_choices":[{"data":"Armaments","floor":6.0,"key":"SMITH"},{"data":"Flex","floor":12.0,"key":"SMITH"},{"data":"Flex","floor":15.0,"key":"SMITH"},{"data":"Whirlwind","floor":23.0,"key":"SMITH"},{"data":"Heavy Blade","floor":25.0,"key":"SMITH"},{"floor":28.0,"key":"REST"},{"data":"Uppercut","floor":32.0,"key":"SMITH"},{"floor":40.0,"key":"RECALL"},{"floor":44.0,"key":"REST"},{"floor":49.0,"key":"REST"},{"floor":52,"key":"REST"}],"neow_cost":"PERCENT_DAMAGE","seed_source_timestamp":1293160262478255,"circlet_count":0,"master_deck":["AscendersBane","Strike_R","Strike_R","Defend_R","Defend_R","Bash","Heavy Blade+1","Flex+1","Armaments+1","Flex+1","Shrug It Off+1","Offering+1","Uppercut+1","Headbutt","Reaper","Whirlwind+1","Seeing Red","Flex+1"],"special_seed":0,"relics":["Burning Blood","Anchor","Potion Belt","Bottled Lightning","Omamori","Ectoplasm","Necronomicon","War Paint","Sundial","Fusion Hammer","Ginger","Mercury Hourglass","Shuriken"],"potions_floor_usage":[50,50,55,55],"damage_taken":[{"damage":4.0,"enemies":"Small Slimes","floor":1.0,"turns":4.0},{"damage":1.0,"enemies":"Cultist","floor":3.0,"turns":3.0},{"damage":0.0,"enemies":"2 Louse","floor":5.0,"turns":2.0},{"damage":15.0,"enemies":"Gremlin Nob","floor":7.0,"turns":3.0},{"damage":4.0,"enemies":"Exordium Wildlife","floor":8.0,"turns":3.0},{"damage":4.0,"enemies":"Exordium Thugs","floor":10.0,"turns":4.0},{"damage":19.0,"enemies":"Lagavulin","floor":11.0,"turns":5.0},{"damage":0.0,"enemies":"3 Louse","floor":13.0,"turns":4.0},{"damage":28.0,"enemies":"Lagavulin Event","floor":14.0,"turns":4.0},{"damage":24.0,"enemies":"The Guardian","floor":16.0,"turns":6.0},{"damage":14.0,"enemies":"2 Thieves","floor":18.0,"turns":3.0},{"damage":6.0,"enemies":"Spheric Guardian","floor":19.0,"turns":3.0},{"damage":23.0,"enemies":"Book of Stabbing","floor":27.0,"turns":4.0},{"damage":0.0,"enemies":"Snecko","floor":29.0,"turns":2.0},{"damage":6.0,"enemies":"Shelled Parasite and Fungi","floor":31.0,"turns":1.0},{"damage":6.0,"enemies":"Champ","floor":33.0,"turns":3.0},{"damage":10.0,"enemies":"3 Shapes","floor":35.0,"turns":1.0},{"damage":0.0,"enemies":"2 Orb Walkers","floor":37.0,"turns":1.0},{"damage":0.0,"enemies":"Orb Walker","floor":38.0,"turns":1.0},{"damage":0.0,"enemies":"3 Darklings","floor":39.0,"turns":1.0},{"damage":1.0,"enemies":"4 Shapes","floor":42.0,"turns":1.0},{"damage":31.0,"enemies":"Spire Growth","floor":45.0,"turns":3.0},{"damage":49,"enemies":"Time Eater","floor":50,"turns":5},{"damage":20,"enemies":"Shield and Spear","floor":54,"turns":3},{"damage":84,"enemies":"The Heart","floor":55,"turns":3}],"seed_played":"7499987292775088330","potions_obtained":[{"floor":3.0,"key":"AttackPotion"},{"floor":8.0,"key":"PowerPotion"},{"floor":10.0,"key":"Strength Potion"},{"floor":11.0,"key":"Explosive Potion"},{"floor":16.0,"key":"GamblersBrew"},{"floor":18.0,"key":"Ancient Potion"},{"floor":22.0,"key":"AttackPotion"},{"floor":22.0,"key":"Fire Potion"},{"floor":27.0,"key":"PowerPotion"},{"floor":33.0,"key":"Fire Potion"}],"is_trial":false,"path_per_floor":["M","$","M","?","M","R","E","M","T","M","E","R","M","?","R","B",null,"M","M","?","$","?","R","$","R","T","E","R","M","$","M","R","B",null,"M","?","?","M","M","R","?","M","T","R","M","T","$","$","R","B",null,"R","$","E","B"],"character_chosen":"IRONCLAD","items_purchased":["Flex","Armaments"],"campfire_rested":4,"item_purchase_floors":[2,2],"current_hp_per_floor":[52,52,57,57,63,63,54,56,56,58,45,45,51,29,29,11,59,63,63,42,42,42,42,42,42,42,25,47,65,65,75,75,75,75,71,71,75,75,75,75,75,75,75,75,56,56,56,56,75,70,74,75,75,75,0],"gold":42,"neow_bonus":"REMOVE_TWO","is_prod":false,"is_daily":false,"chose_seed":false,"campfire_upgraded":6,"win_rate":0,"timestamp":1550477477,"path_taken":["M","$","M","?","M","R","E","M","T","?","E","R","M","?","R","BOSS","M","M","?","$","?","R","$","R","T","E","R","M","$","M","R","BOSS","M","?","?","M","M","R","?","?","T","R","M","?","?","$","R","BOSS","R","$","E","BOSS"],"build_version":"2019-01-23","purchased_purges":2,"victory":false,"max_hp_per_floor":[75,75,75,75,75,75,75,75,75,75,75,75,75,75,75,75,75,75,75,75,75,75,75,75,75,75,75,75,75,75,75,75,75,75,75,75,75,75,75,75,75,75,75,75,75,75,75,75,75,75,75,75,75,75,75],"card_choices":[{"not_picked":["Headbutt","Rupture"],"picked":"Heavy Blade","floor":1.0},{"not_picked":["Fire Breathing","Clash"],"picked":"Flex","floor":3.0},{"not_picked":["Sever Soul","Havoc","Body Slam"],"picked":"SKIP","floor":5.0},{"not_picked":["Clothesline","Bloodletting"],"picked":"Shrug It Off","floor":7.0},{"not_picked":["Iron Wave","Rupture"],"picked":"Offering","floor":8.0},{"not_picked":["Dropkick","Wild Strike","Anger"],"picked":"SKIP","floor":10.0},{"not_picked":["Cleave","Inflame"],"picked":"Uppercut","floor":11.0},{"not_picked":["Shrug It Off","Clash"],"picked":"Headbutt","floor":13.0},{"not_picked":["Juggernaut","Berserk"],"picked":"Reaper","floor":16.0},{"not_picked":["Twin Strike","Fire Breathing"],"picked":"Whirlwind","floor":18.0},{"not_picked":["Warcry","Twin Strike"],"picked":"Seeing Red","floor":19.0},{"not_picked":["Impervious","Clash+1","Ghostly Armor"],"picked":"SKIP","floor":27.0},{"not_picked":["Perfected Strike+1","Headbutt","Burning Pact"],"picked":"SKIP","floor":29.0},{"not_picked":["Pommel Strike","Flex","Twin Strike"],"picked":"SKIP","floor":31.0},{"not_picked":["Rampage+1","Heavy Blade","Disarm"],"picked":"SKIP","floor":35.0},{"not_picked":["Anger","Headbutt"],"picked":"Flex+1","floor":38.0},{"not_picked":["Iron Wave+1","Perfected Strike+1","Shockwave"],"picked":"SKIP","floor":39.0},{"not_picked":["Feed","True Grit","Clothesline"],"picked":"SKIP","floor":42.0},{"not_picked":["Wild Strike","Carnage","Iron Wave+1"],"picked":"SKIP","floor":45.0},{"not_picked":["Havoc+1","Clash","Thunderclap+1"],"picked":"SKIP","floor":54}],"player_experience":726537,"relics_obtained":[{"floor":7.0,"key":"Anchor"},{"floor":9.0,"key":"Potion Belt"},{"floor":11.0,"key":"Bottled Lightning"},{"floor":14.0,"key":"Omamori"},{"floor":20.0,"key":"Necronomicon"},{"floor":26.0,"key":"War Paint"},{"floor":27.0,"key":"Sundial"},{"floor":37.0,"key":"Ginger"},{"floor":46.0,"key":"Mercury Hourglass"},{"floor":54,"key":"Shuriken"}],"event_choices":[{"damage_healed":0.0,"max_hp_gain":0.0,"max_hp_loss":0.0,"gold_gain":0.0,"event_name":"Match and Keep!","player_choice":"0 cards matched","floor":4.0,"gold_loss":0.0,"damage_taken":0.0,"cards_obtained":[]},{"damage_healed":0.0,"max_hp_gain":0.0,"max_hp_loss":0.0,"gold_gain":30.0,"event_name":"Dead Adventurer","player_choice":"Searched \u00272\u0027 times","floor":14.0,"gold_loss":0.0,"damage_taken":0.0},{"damage_healed":0.0,"max_hp_gain":0.0,"max_hp_loss":0.0,"gold_gain":0.0,"event_name":"Cursed Tome","player_choice":"Obtained Book","floor":20.0,"gold_loss":0.0,"damage_taken":21.0},{"damage_healed":0.0,"max_hp_gain":0.0,"max_hp_loss":0.0,"gold_gain":0.0,"event_name":"Lab","player_choice":"Got Potions","floor":22.0,"gold_loss":0.0,"damage_taken":0.0},{"damage_healed":0.0,"max_hp_gain":0.0,"max_hp_loss":0.0,"gold_gain":0.0,"event_name":"SensoryStone","player_choice":"Memory 1","floor":36.0,"gold_loss":0.0,"damage_taken":0.0},{"damage_healed":0.0,"max_hp_gain":0.0,"max_hp_loss":0.0,"gold_gain":0.0,"event_name":"Mysterious Sphere","player_choice":"Fight","floor":37.0,"gold_loss":0.0,"damage_taken":0.0},{"cards_removed":["Defend_R"],"damage_healed":0.0,"max_hp_gain":0.0,"max_hp_loss":0.0,"gold_gain":0.0,"event_name":"Falling","player_choice":"Removed Skill","floor":41.0,"gold_loss":0.0,"damage_taken":0.0}],"is_beta":false,"boss_relics":[{"not_picked":["Empty Cage","Busted Crown"],"picked":"Ectoplasm"},{"not_picked":["Pandora\u0027s Box","Astrolabe"],"picked":"Fusion Hammer"}],"items_purged_floors":[21,30],"is_endless":false,"potions_floor_spawned":[3,8,10,11,16,18,27,33,35,37,42],"killed_by":"The Heart","ascension_level":16}