{"gold_per_floor":[109,34,109,124,124,124,152,152,152,167,167,177,190,208,208,208],"floor_reached":16,"playtime":654,"items_purged":["Defend_G"],"score":106,"play_id":"3177daa6-b941-4cd9-befc-9a94617f07fa","local_time":"20181029155225","is_ascension_mode":true,"campfire_choices":[{"data":"Neutralize","floor":6,"key":"SMITH"},{"floor":8,"key":"REST"},{"data":"A Thousand Cuts","floor":15,"key":"SMITH"}],"neow_cost":"PERCENT_DAMAGE","seed_source_timestamp":1661176517580491,"circlet_count":0,"master_deck":["Defend_G","Defend_G","Defend_G","Defend_G","Strike_G","Strike_G","Strike_G","Strike_G","Strike_G+1","Survivor","Neutralize+1","Slice","Deflect","Slice+1","A Thousand Cuts+1","Footwork"],"relics":["Ring of the Snake","Unceasing Top","Odd Mushroom","Mummified Hand"],"potions_floor_usage":[16],"damage_taken":[{"damage":0,"enemies":"Cultist","floor":1,"turns":4},{"damage":1,"enemies":"2 Louse","floor":4,"turns":4},{"damage":21,"enemies":"The Mushroom Lair","floor":7,"turns":6},{"damage":0,"enemies":"Jaw Worm","floor":10,"turns":4},{"damage":0,"enemies":"Looter","floor":12,"turns":2},{"damage":0,"enemies":"2 Fungi Beasts","floor":13,"turns":3},{"damage":0,"enemies":"3 Louse","floor":14,"turns":3},{"damage":23,"enemies":"The Guardian","floor":16,"turns":10}],"seed_played":"-5388822097698928051","potions_obtained":[{"floor":4,"key":"Ancient Potion"},{"floor":7,"key":"Poison Potion"},{"floor":13,"key":"SkillPotion"}],"is_trial":false,"path_per_floor":["M","$","?","M","?","R","?","R","T","M","?","M","M","M","R"],"character_chosen":"THE_SILENT","items_purchased":[],"campfire_rested":1,"item_purchase_floors":[],"current_hp_per_floor":[49,49,38,37,37,37,16,37,37,37,23,23,23,23,23,0],"gold":208,"neow_bonus":"ONE_RARE_RELIC","is_prod":false,"is_daily":false,"chose_seed":false,"campfire_upgraded":2,"win_rate":0,"timestamp":1540842745,"path_taken":["M","$","?","M","?","R","?","R","T","M","?","?","M","?","R","BOSS"],"build_version":"2018-10-29","purchased_purges":1,"victory":false,"max_hp_per_floor":[70,70,70,70,70,70,70,70,70,70,70,70,70,70,70,70],"card_choices":[{"not_picked":["Blade Dance","Outmaneuver","Underhanded Strike"],"picked":"SKIP","floor":1},{"not_picked":["Cloak And Dagger","Dagger Spray"],"picked":"Slice","floor":4},{"not_picked":["Riddle With Holes","Backflip"],"picked":"Deflect","floor":7},{"not_picked":["Underhanded Strike","Bane"],"picked":"Slice","floor":10},{"not_picked":["Distraction","Noxious Fumes"],"picked":"A Thousand Cuts","floor":12},{"not_picked":["Dagger Spray","Riddle With Holes"],"picked":"Footwork","floor":13},{"not_picked":["Masterful Stab","Cloak And Dagger","Crippling Poison"],"picked":"SKIP","floor":14}],"player_experience":305545,"relics_obtained":[{"floor":7,"key":"Odd Mushroom"},{"floor":9,"key":"Mummified Hand"}],"event_choices":[{"damage_healed":0,"gold_gain":75,"player_choice":"Gather Gold","damage_taken":11,"max_hp_gain":0,"max_hp_loss":0,"event_name":"World of Goop","floor":3,"gold_loss":0},{"damage_healed":0,"gold_gain":0,"player_choice":"Ignored","damage_taken":0,"max_hp_gain":0,"max_hp_loss":0,"event_name":"Golden Idol","floor":5,"gold_loss":0},{"damage_healed":0,"gold_gain":0,"player_choice":"Fought Mushrooms","damage_taken":0,"max_hp_gain":0,"max_hp_loss":0,"event_name":"Mushrooms","floor":7,"gold_loss":0},{"damage_healed":0,"gold_gain":0,"player_choice":"Entered Light","damage_taken":14,"max_hp_gain":0,"max_hp_loss":0,"event_name":"Shining Light","floor":11,"gold_loss":0,"cards_upgraded":["Strike_G","Slice"]}],"is_beta":true,"boss_relics":[],"items_purged_floors":[2],"is_endless":false,"potions_floor_spawned":[4,7,13],"killed_by":"The Guardian","ascension_level":3}