{"path_per_floor":["M","M","?","M","M","R","M","R","T","R","M","M","?","?","R","B",null,"M","M","?","?","M","R","?","R","T","$","M","R","$","M","R","B",null,"M","?","?","?","M"],"character_chosen":"DEFECT","items_purchased":["Symbiotic Virus","Static Discharge"],"gold_per_floor":[115,133,133,147,166,166,190,190,190,190,210,229,229,229,229,357,357,381,400,400,400,400,400,400,400,400,36,48,48,48,63,63,164,194,212,260,260,260,273,273],"floor_reached":40,"campfire_rested":2,"playtime":1507,"item_purchase_floors":[27,27],"current_hp_per_floor":[69,68,68,68,48,48,48,48,48,48,46,46,46,39,59,9,69,49,44,44,44,44,64,64,64,64,64,60,60,60,65,65,53,74,62,25,25,25,21,0],"items_purged":["Injury"],"gold":273,"score":397,"play_id":"668afee2-2ef5-4b97-a0aa-a6f495592688","local_time":"20180607223002","is_prod":false,"is_daily":false,"chose_seed":false,"is_ascension_mode":true,"campfire_upgraded":4,"win_rate":0,"timestamp":1528374602,"campfire_choices":[{"data":"White Noise","floor":6,"key":"SMITH"},{"data":"Zap","floor":8,"key":"SMITH"},{"data":"Dualcast","floor":10,"key":"SMITH"},{"floor":15,"key":"REST"},{"floor":23,"key":"REST"},{"floor":25,"key":"DIG"},{"floor":29,"key":"DIG"},{"data":"Loop","floor":32,"key":"SMITH"}],"path_taken":["M","M","?","M","M","R","M","R","T","R","M","M","?","?","R","BOSS","M","M","?","?","?","R","?","R","T","?","?","R","$","M","R","BOSS","M","?","?","?","M","E"],"build_version":"2018-06-06","seed_source_timestamp":103148696987328,"purchased_purges":1,"victory":false,"master_deck":["Strike_B","Strike_B","Strike_B","Strike_B","Defend_B","Defend_B","Defend_B","Defend_B","Zap+1","Dualcast+1","Thunder Strike+1","Steam","White Noise+1","Force Field","Heatsinks","Storm+1","Electrodynamics","Loop+1","Static Discharge","Barrage+1","Seek","Barrage","Static Discharge","Cold Snap"],"max_hp_per_floor":[75,75,69,69,69,69,69,69,69,69,69,69,69,69,69,69,69,69,69,69,69,69,69,69,69,69,69,69,69,69,69,69,69,74,74,74,74,74,79,79],"relics":["Cracked Core","Bloody Idol","Dead Branch","Shovel","Inserter","Turnip","Cables","Bottled Lightning","Symbiotic Virus","Bronze Scales","Tiny House","Ice Cream"],"card_choices":[{"not_picked":["Go for the Eyes","Sunder"],"picked":"Steam","floor":1},{"not_picked":["FTL","Redo","Compile Driver"],"picked":"SKIP","floor":2},{"not_picked":["Conserve Battery","Turbo"],"picked":"White Noise","floor":4},{"not_picked":["Gash","BootSequence"],"picked":"Force Field","floor":5},{"not_picked":["Stack","Redo"],"picked":"Heatsinks","floor":7},{"not_picked":["Compile Driver","Sweeping Beam"],"picked":"Storm","floor":11},{"not_picked":["Go for the Eyes","Rainbow","Compile Driver"],"picked":"SKIP","floor":12},{"not_picked":["Thunder Strike","All For One"],"picked":"Electrodynamics","floor":16},{"not_picked":["Redo","Ball Lightning"],"picked":"Loop","floor":18},{"not_picked":["Doom and Gloom","Conserve Battery","Compile Driver"],"picked":"SKIP","floor":19},{"not_picked":["Coolheaded","Chaos"],"picked":"Barrage+1","floor":28},{"not_picked":["Ball Lightning","Redo","Cold Snap"],"picked":"SKIP","floor":31},{"not_picked":["Meteor Strike","Hyperbeam"],"picked":"Seek","floor":33},{"not_picked":["BootSequence","Conserve Battery"],"picked":"Barrage","floor":34},{"not_picked":["Lockon+1","Recycle","Turbo"],"picked":"SKIP","floor":35},{"not_picked":["Gash+1","Genetic Algorithm+1"],"picked":"Static Discharge","floor":36},{"not_picked":["Multi-Cast","Undo+1"],"picked":"Cold Snap","floor":39}],"player_experience":372940,"potions_floor_usage":[18,19,22,22,22,33,35,39,39,40],"damage_taken":[{"damage":6,"enemies":"Jaw Worm","floor":1,"turns":3},{"damage":1,"enemies":"2 Louse","floor":2,"turns":3},{"damage":0,"enemies":"Small Slimes","floor":4,"turns":3},{"damage":20,"enemies":"3 Louse","floor":5,"turns":4},{"damage":0,"enemies":"Looter","floor":7,"turns":4},{"damage":2,"enemies":"Blue Slaver","floor":11,"turns":3},{"damage":0,"enemies":"Exordium Wildlife","floor":12,"turns":3},{"damage":50,"enemies":"Slime Boss","floor":16,"turns":11},{"damage":20,"enemies":"2 Thieves","floor":18,"turns":3},{"damage":12,"enemies":"Shell Parasite","floor":19,"turns":5},{"damage":0,"enemies":"Sentry and Sphere","floor":22,"turns":1},{"damage":9,"enemies":"Centurion and Healer","floor":28,"turns":4},{"damage":0,"enemies":"Snecko","floor":31,"turns":3},{"damage":17,"enemies":"Collector","floor":33,"turns":6},{"damage":17,"enemies":"3 Darklings","floor":35,"turns":2},{"damage":42,"floor":36,"turns":4},{"damage":14,"enemies":"Orb Walker","floor":39,"turns":2},{"damage":30,"enemies":"2 Orb Walkers","floor":40,"turns":2}],"relics_obtained":[{"floor":9,"key":"Dead Branch"},{"floor":25,"key":"Cables"},{"floor":26,"key":"Bottled Lightning"},{"floor":29,"key":"Bronze Scales"},{"floor":36,"key":"Ice Cream"}],"event_choices":[{"event_name":"Golden Idol","player_choice":"Lose Max HP","floor":3,"damage_taken":0},{"event_name":"Accursed Blacksmith","player_choice":"Forge","floor":13,"damage_taken":0},{"event_name":"Scrap Ooze","player_choice":"success","floor":14,"damage_taken":7},{"event_name":"The Mausoleum","player_choice":"Yes","floor":20,"damage_taken":0},{"event_name":"Vampires","player_choice":"Ignored","floor":21,"damage_taken":0},{"event_name":"Forgotten Altar","player_choice":"Gave Idol","floor":24,"damage_taken":0},{"event_name":"Mysterious Sphere","player_choice":"Fight","floor":36,"damage_taken":0},{"event_name":"The Lab","player_choice":"Got Potions","floor":37,"damage_taken":0},{"event_name":"SecretPortal","player_choice":"Rejected Portal.","floor":38,"damage_taken":0}],"boss_relics":[{"not_picked":["Philosopher\u0027s Stone","White Beast Statue"],"picked":"Inserter"},{"not_picked":["Sozu","Velvet Choker"],"picked":"Tiny House"}],"items_purged_floors":[27],"potions_floor_spawned":[2,7,12,16,18,19,22,31,35,36,39],"seed_played":"-2656594745829127250","killed_by":"2 Orb Walkers","ascension_level":1,"potions_obtained":[{"floor":2,"key":"SmokeBomb"},{"floor":7,"key":"SpeedPotion"},{"floor":12,"key":"SmokeBomb"},{"floor":16,"key":"FocusPotion"},{"floor":18,"key":"Swift Potion"},{"floor":19,"key":"LiquidBronze"},{"floor":31,"key":"Energy Potion"},{"floor":34,"key":"FocusPotion"},{"floor":35,"key":"Dexterity Potion"},{"floor":36,"key":"SkillPotion"},{"floor":37,"key":"SneckoOil"},{"floor":37,"key":"Fruit Juice"},{"floor":39,"key":"SkillPotion"}],"is_trial":false}