{"gold_per_floor":[114,114,39,39,57,88,88,123,146,146,174,186,199,215,215,318,318,336,336,336,370,384,414,433,433,486,515,515,542,542,560,560,662,662,680,58,77,77,90,90,117,117,117,150,150,150,178,23,23,23,23,23,23,50,50],"floor_reached":55,"playtime":3380,"items_purged":[],"score":1086,"play_id":"3377d53f-d7f9-4d18-b263-bbbfc08fcbf8","local_time":"20190302113630","is_ascension_mode":true,"campfire_choices":[{"data":"Bash","floor":7,"key":"SMITH"},{"data":"Armaments","floor":10,"key":"SMITH"},{"data":"Inflame","floor":15,"key":"SMITH"},{"data":"Heavy Blade","floor":28,"key":"SMITH"},{"data":"1","floor":30,"key":"LIFT"},{"data":"2","floor":32,"key":"LIFT"},{"data":"3","floor":40,"key":"LIFT"},{"data":"Feel No Pain","floor":42,"key":"SMITH"},{"floor":49,"key":"RECALL"},{"data":"Corruption","floor":52,"key":"SMITH"}],"neow_cost":"NONE","seed_source_timestamp":3809834375507,"circlet_count":0,"master_deck":["Bash+1","Armaments+1","Pommel Strike","Shrug It Off","Corruption+1","Warcry","Shrug It Off","Inflame+1","Shrug It Off","Anger","Fiend Fire","Twin Strike+1","Spot Weakness","Heavy Blade+1","Disarm+1","Fiend Fire+1","Sword Boomerang","Exhume","Seeing Red","Pommel Strike+1","Double Tap","Iron Wave","Fiend Fire","Double Tap","Clash","Demon Form","Feel No Pain+1","Shrug It Off","Whirlwind","Headbutt","Clothesline","Shrug It Off+1","Havoc","Sword Boomerang+1"],"relics":["Burning Blood","Pen Nib","Oddly Smooth Stone","Lantern","Centennial Puzzle","Velvet Choker","MutagenicStrength","Red Mask","Vajra","Girya","Calipers","Pandora\u0027s Box","Lee\u0027s Waffle","Mercury Hourglass","Mummified Hand","Dodecahedron","Omamori","Happy Flower","Whetstone","Bronze Scales"],"potions_floor_usage":[6,11,16,21,33,33,41,41,44,54],"damage_taken":[{"damage":3,"enemies":"2 Louse","floor":1,"turns":3},{"damage":2,"enemies":"Jaw Worm","floor":5,"turns":4},{"damage":29,"enemies":"3 Sentries","floor":6,"turns":11},{"damage":31,"enemies":"Lagavulin","floor":8,"turns":8},{"damage":4,"enemies":"3 Sentries","floor":11,"turns":12},{"damage":0,"enemies":"Cultist","floor":12,"turns":3},{"damage":17,"enemies":"Lots of Slimes","floor":13,"turns":5},{"damage":3,"enemies":"2 Fungi Beasts","floor":14,"turns":4},{"damage":22,"enemies":"The Guardian","floor":16,"turns":10},{"damage":0,"enemies":"Spheric Guardian","floor":18,"turns":3},{"damage":12,"enemies":"Masked Bandits","floor":21,"turns":5},{"damage":0,"enemies":"2 Thieves","floor":22,"turns":3},{"damage":18,"enemies":"Book of Stabbing","floor":23,"turns":4},{"damage":5,"enemies":"Sentry and Sphere","floor":24,"turns":5},{"damage":0,"enemies":"Gremlin Leader","floor":27,"turns":4},{"damage":9,"enemies":"Slavers","floor":29,"turns":3},{"damage":0,"enemies":"Chosen and Byrds","floor":31,"turns":4},{"damage":69,"enemies":"Automaton","floor":33,"turns":9},{"damage":18,"enemies":"3 Darklings","floor":35,"turns":4},{"damage":0,"enemies":"3 Shapes","floor":37,"turns":3},{"damage":0,"enemies":"3 Darklings","floor":39,"turns":3},{"damage":40,"enemies":"Reptomancer","floor":41,"turns":5},{"damage":33,"enemies":"Nemesis","floor":44,"turns":5},{"damage":25,"enemies":"Reptomancer","floor":47,"turns":3},{"damage":18,"enemies":"Time Eater","floor":50,"turns":5},{"damage":26,"enemies":"Shield and Spear","floor":54,"turns":4},{"damage":80,"enemies":"The Heart","floor":55,"turns":5}],"seed_played":"6940535188850353064","potions_obtained":[{"floor":1,"key":"SkillPotion"},{"floor":8,"key":"SpeedPotion"},{"floor":12,"key":"Poison Potion"},{"floor":13,"key":"SpeedPotion"},{"floor":18,"key":"Fire Potion"},{"floor":21,"key":"Block Potion"},{"floor":24,"key":"Weak Potion"},{"floor":33,"key":"Weak Potion"},{"floor":35,"key":"PowerPotion"},{"floor":47,"key":"Energy Potion"}],"is_trial":false,"path_per_floor":["M","?","$","?","M","E","R","E","T","R","E","M","M","M","R","B",null,"M","?","?","?","M","E","M","?","T","E","R","E","R","M","R","B",null,"M","$","M","$","M","R","E","R","T","E","?","?","E","$","R","B",null,"R","$","E","B"],"character_chosen":"IRONCLAD","items_purchased":["Pommel Strike","Shrug It Off","Feel No Pain","Shrug It Off","Whirlwind","Lee\u0027s Waffle","Mercury Hourglass","Whetstone"],"campfire_rested":0,"item_purchase_floors":[3,3,36,36,36,36,36,48],"current_hp_per_floor":[88,93,93,86,90,67,67,42,42,42,44,50,39,42,42,26,76,82,82,82,76,82,70,71,71,71,77,77,74,74,80,80,17,74,62,100,100,100,100,100,66,66,66,39,39,64,45,45,45,33,83,83,83,63,0],"gold":50,"neow_bonus":"TEN_PERCENT_HP_BONUS","is_prod":false,"is_daily":false,"chose_seed":false,"campfire_upgraded":6,"win_rate":0,"timestamp":1551522990,"path_taken":["M","?","$","?","M","E","R","E","T","R","E","M","M","M","R","BOSS","M","?","?","?","M","E","M","?","T","E","R","E","R","M","R","BOSS","M","$","?","?","M","R","E","R","T","E","?","?","E","?","R","BOSS","R","$","E","BOSS"],"build_version":"2019-01-23","purchased_purges":0,"victory":false,"max_hp_per_floor":[88,93,93,93,93,93,93,93,93,93,93,93,93,93,93,93,93,93,93,93,93,93,93,93,93,93,93,93,93,93,93,93,93,93,93,100,100,100,100,100,100,100,100,100,100,100,100,100,100,100,100,100,100,100,100],"card_choices":[{"not_picked":["Seeing Red","Power Through"],"picked":"Armaments","floor":1},{"not_picked":["Power Through","Dual Wield"],"picked":"Corruption","floor":5},{"not_picked":["Body Slam","Second Wind"],"picked":"Warcry","floor":6},{"not_picked":["Flex","Pommel Strike"],"picked":"Shrug It Off","floor":8},{"not_picked":["Heavy Blade","Flex"],"picked":"Inflame","floor":11},{"not_picked":["Wild Strike","Power Through"],"picked":"Shrug It Off","floor":12},{"not_picked":["Perfected Strike","Reckless Charge"],"picked":"Anger","floor":13},{"not_picked":["Sever Soul","Searing Blow","Clash"],"picked":"SKIP","floor":14},{"not_picked":["Dark Embrace","Impervious"],"picked":"Fiend Fire","floor":16},{"not_picked":["Corruption","Reckless Charge+1"],"picked":"Twin Strike+1","floor":18},{"not_picked":["Flame Barrier","Spot Weakness"],"picked":"Heavy Blade","floor":21},{"not_picked":["Warcry","Pommel Strike+1","Anger+1"],"picked":"SKIP","floor":22},{"not_picked":["Heavy Blade","Body Slam+1","Seeing Red"],"picked":"SKIP","floor":23},{"not_picked":["Thunderclap","Anger"],"picked":"Disarm+1","floor":24},{"not_picked":["Dark Embrace","Carnage"],"picked":"Sword Boomerang","floor":27},{"not_picked":["Thunderclap+1","Reckless Charge","Body Slam"],"picked":"SKIP","floor":29},{"not_picked":["Twin Strike","Bloodletting","Corruption+1"],"picked":"SKIP","floor":31},{"not_picked":["Demon Form","Berserk"],"picked":"Exhume","floor":33},{"not_picked":["Rampage+1","Wild Strike+1","Anger+1"],"picked":"SKIP","floor":35},{"not_picked":["Body Slam","Anger+1"],"picked":"Headbutt","floor":37},{"not_picked":["Clash+1","Spot Weakness+1"],"picked":"Clothesline","floor":39},{"not_picked":["Clothesline","Wild Strike+1"],"picked":"Shrug It Off+1","floor":41},{"not_picked":["Wild Strike","Clothesline"],"picked":"Havoc","floor":44},{"not_picked":["Bludgeon","Wild Strike"],"picked":"Sword Boomerang+1","floor":47},{"not_picked":["Bloodletting+1","Rupture","Flex+1"],"picked":"SKIP","floor":54}],"player_experience":1025633,"relics_obtained":[{"floor":6,"key":"Pen Nib"},{"floor":8,"key":"Oddly Smooth Stone"},{"floor":9,"key":"Lantern"},{"floor":11,"key":"Centennial Puzzle"},{"floor":21,"key":"Red Mask"},{"floor":23,"key":"Vajra"},{"floor":27,"key":"Girya"},{"floor":29,"key":"Calipers"},{"floor":41,"key":"Mummified Hand"},{"floor":43,"key":"Dodecahedron"},{"floor":44,"key":"Omamori"},{"floor":47,"key":"Happy Flower"},{"floor":54,"key":"Bronze Scales"}],"event_choices":[{"damage_healed":0,"gold_gain":0,"player_choice":"Donut","damage_taken":0,"max_hp_gain":5,"max_hp_loss":0,"event_name":"Big Fish","floor":2,"gold_loss":0},{"cards_removed":["Strike_R"],"damage_healed":0,"gold_gain":0,"player_choice":"Card Removal","damage_taken":7,"max_hp_gain":0,"max_hp_loss":0,"event_name":"Golden Wing","floor":4,"gold_loss":0},{"damage_healed":0,"gold_gain":0,"player_choice":"Read","damage_taken":0,"max_hp_gain":0,"max_hp_loss":0,"event_name":"The Library","floor":19,"gold_loss":0,"cards_obtained":["Spot Weakness"]},{"damage_healed":0,"gold_gain":0,"player_choice":"Inject Mutagens","damage_taken":0,"relics_obtained":["MutagenicStrength"],"max_hp_gain":0,"max_hp_loss":0,"event_name":"Drug Dealer","floor":20,"gold_loss":0},{"damage_healed":0,"gold_gain":0,"player_choice":"Fought Bandits","damage_taken":0,"max_hp_gain":0,"max_hp_loss":0,"event_name":"Masked Bandits","floor":21,"gold_loss":0},{"damage_healed":0,"gold_gain":0,"player_choice":"Copied","damage_taken":0,"max_hp_gain":0,"max_hp_loss":0,"event_name":"Duplicator","floor":25,"gold_loss":0,"cards_obtained":["Fiend Fire"]},{"damage_healed":0,"gold_gain":0,"player_choice":"Ignored","damage_taken":0,"max_hp_gain":0,"max_hp_loss":0,"event_name":"The Moai Head","floor":45,"gold_loss":0},{"damage_healed":25,"gold_gain":0,"player_choice":"Writhe","damage_taken":0,"max_hp_gain":0,"max_hp_loss":0,"event_name":"Winding Halls","floor":46,"gold_loss":0,"cards_obtained":["Writhe"]}],"is_beta":false,"boss_relics":[{"not_picked":["Sozu","Eternal Feather"],"picked":"Velvet Choker"},{"not_picked":["Philosopher\u0027s Stone","Calling Bell"],"picked":"Pandora\u0027s Box"}],"items_purged_floors":[],"is_endless":false,"potions_floor_spawned":[1,8,12,13,18,21,24,29,33,35,37,47],"killed_by":"The Heart","ascension_level":5}