{"gold_per_floor":[113,128,128,142,154,487,74,86,134,149,149,182,203,247,247,247],"floor_reached":16,"playtime":1153,"items_purged":["Bash"],"score":136,"play_id":"6207c701-e64f-4b36-9402-699300ffeab8","local_time":"20190125165546","is_ascension_mode":true,"campfire_choices":[{"floor":15,"key":"RECALL"}],"neow_cost":"TEN_PERCENT_HP_LOSS","seed_source_timestamp":131457113694167,"circlet_count":0,"master_deck":["Strike_R+1","Strike_R","Strike_R+1","Defend_R","Defend_R","Defend_R","Twin Strike","Thunderclap","Armaments","Rampage","Wild Strike","Pummel","Pommel Strike","Double Tap","Spot Weakness","Carnage","Twin Strike","Burning Pact"],"relics":["Burning Blood","Old Coin","Whetstone","Sling","Golden Idol","Letter Opener","Centennial Puzzle"],"potions_floor_usage":[6,16,16],"damage_taken":[{"damage":0,"enemies":"Small Slimes","floor":1,"turns":2},{"damage":4,"enemies":"2 Louse","floor":2,"turns":2},{"damage":7,"enemies":"Jaw Worm","floor":4,"turns":3},{"damage":12,"enemies":"Looter","floor":5,"turns":3},{"damage":26,"enemies":"3 Sentries","floor":6,"turns":10},{"damage":22,"enemies":"Exordium Wildlife","floor":8,"turns":4},{"damage":25,"enemies":"Gremlin Gang","floor":10,"turns":5},{"damage":18,"enemies":"Lagavulin","floor":12,"turns":5},{"damage":1,"enemies":"2 Fungi Beasts","floor":13,"turns":2},{"damage":8,"enemies":"3 Sentries","floor":14,"turns":4},{"damage":29,"enemies":"Hexaghost","floor":16,"turns":8}],"seed_played":"5774712559685878943","potions_obtained":[{"floor":2,"key":"BloodPotion"},{"floor":5,"key":"Regen Potion"},{"floor":12,"key":"GamblersBrew"},{"floor":13,"key":"BloodPotion"},{"floor":14,"key":"Dexterity Potion"}],"is_trial":false,"path_per_floor":["M","M","?","M","M","E","$","M","T","M","?","E","M","E","R","B"],"character_chosen":"IRONCLAD","items_purchased":["Whetstone","Sling"],"campfire_rested":0,"item_purchase_floors":[7,7],"current_hp_per_floor":[72,72,72,71,65,60,60,44,44,25,25,13,18,16,16,0],"gold":247,"neow_bonus":"TRANSFORM_TWO_CARDS","is_prod":false,"is_daily":false,"chose_seed":false,"campfire_upgraded":0,"win_rate":0,"timestamp":1548453346,"path_taken":["M","M","?","M","M","E","$","M","T","M","?","E","M","E","R","BOSS"],"build_version":"2019-01-23","purchased_purges":1,"victory":false,"max_hp_per_floor":[72,72,72,72,72,72,72,72,72,72,67,67,67,67,67,67],"card_choices":[{"not_picked":["Body Slam","Burning Pact"],"picked":"Armaments","floor":1},{"not_picked":["Anger","Body Slam"],"picked":"Rampage","floor":2},{"not_picked":["Searing Blow","Flame Barrier"],"picked":"Wild Strike","floor":4},{"not_picked":["Clothesline","Metallicize"],"picked":"Pummel","floor":5},{"not_picked":["Wild Strike","Whirlwind"],"picked":"Pommel Strike","floor":6},{"not_picked":["Sentinel","Twin Strike"],"picked":"Double Tap","floor":8},{"not_picked":["Shockwave","Uppercut"],"picked":"Spot Weakness","floor":10},{"not_picked":["Warcry","Searing Blow"],"picked":"Carnage","floor":12},{"not_picked":["Feel No Pain","Havoc"],"picked":"Twin Strike","floor":13},{"not_picked":["Heavy Blade","Inflame"],"picked":"Burning Pact","floor":14}],"player_experience":134295,"relics_obtained":[{"floor":6,"key":"Old Coin"},{"floor":12,"key":"Letter Opener"},{"floor":14,"key":"Centennial Puzzle"}],"event_choices":[{"cards_removed":["Strike_R"],"damage_healed":0,"gold_gain":0,"player_choice":"Forget","damage_taken":0,"max_hp_gain":0,"max_hp_loss":0,"event_name":"Living Wall","floor":3,"gold_loss":0},{"damage_healed":0,"gold_gain":0,"player_choice":"Lose Max HP","damage_taken":0,"relics_obtained":["Golden Idol"],"max_hp_gain":0,"max_hp_loss":5,"event_name":"Golden Idol","floor":11,"gold_loss":0}],"is_beta":false,"boss_relics":[],"items_purged_floors":[7],"is_endless":false,"potions_floor_spawned":[2,5,12,13,14],"killed_by":"Hexaghost","ascension_level":2}