{"path_per_floor":["M","M","M","M","M","R","E","R","T","E","M","E","?","E","R","B",null,"M","$","M","M","?","R","E","R","T","?","M"],"character_chosen":"DEFECT","items_purchased":["Capacitor+1","DataDisk","Block Potion"],"gold_per_floor":[114,130,142,153,173,173,202,202,202,235,249,277,242,277,277,377,377,387,41,52,63,63,63,90,90,90,90,105,105],"floor_reached":29,"campfire_rested":0,"playtime":1833,"item_purchase_floors":[19,19,19],"current_hp_per_floor":[67,67,67,67,67,67,61,61,61,60,57,41,61,70,70,72,78,80,80,80,80,64,64,57,57,57,57,43,0],"items_purged":["Strike_B"],"gold":105,"score":371,"play_id":"75151552-27bb-467d-85d1-2a1adbadd651","local_time":"20180528211846","is_prod":false,"is_daily":false,"chose_seed":false,"is_ascension_mode":true,"campfire_upgraded":5,"win_rate":0,"timestamp":1527535126,"campfire_choices":[{"data":"Zap","floor":6,"key":"SMITH"},{"data":"Hologram","floor":8,"key":"SMITH"},{"data":"Go for the Eyes","floor":15,"key":"SMITH"},{"data":"Turbo","floor":23,"key":"SMITH"},{"data":"Redo","floor":25,"key":"SMITH"}],"path_taken":["M","M","?","M","M","R","E","R","T","E","M","E","?","E","R","BOSS","M","$","M","M","?","R","E","R","T","?","?","E"],"build_version":"2018-05-27","seed_source_timestamp":95860814991896,"purchased_purges":1,"victory":false,"master_deck":["Strike_B","Strike_B+1","Strike_B+1","Defend_B","Defend_B","Defend_B","Defend_B","Zap+1","Dualcast","Coolheaded","Glacier","Ball Lightning","Hologram+1","Ball Lightning","Go for the Eyes+1","Self Repair+1","Turbo+1","Stack","Biased Cognition+1","Buffer+1","Redo+1","Capacitor+1","Creative AI+1","Auto Shields","Necronomicurse"],"max_hp_per_floor":[75,75,75,75,75,75,75,75,75,80,80,80,80,80,80,80,80,80,80,80,80,80,80,80,80,80,80,80,80],"relics":["Cracked Core","Whetstone","Boot","Frozen Egg 2","Ancient Tea Set","Ice Cream","Gremlin Horn","Nuclear Battery","DataDisk","Necronomicon","Question Card","Art of War"],"card_choices":[{"not_picked":["Hologram","Cold Snap"],"picked":"Coolheaded","floor":1},{"not_picked":["Sweeping Beam","Beam Cell"],"picked":"Glacier","floor":2},{"not_picked":["Hologram","Sweeping Beam"],"picked":"Ball Lightning","floor":3},{"not_picked":["Leap","Steam Power"],"picked":"Hologram","floor":4},{"not_picked":["Auto Shields","Double Energy"],"picked":"Ball Lightning","floor":5},{"not_picked":["Turbo","Skim"],"picked":"Go for the Eyes","floor":7},{"not_picked":["Ball Lightning","Rebound"],"picked":"Self Repair+1","floor":10},{"not_picked":["Hologram","Gash"],"picked":"Turbo","floor":11},{"not_picked":["Rebound","Cold Snap"],"picked":"Stack","floor":12},{"not_picked":["Redo","Echo Form+1"],"picked":"Biased Cognition+1","floor":14},{"not_picked":["Hyperbeam","Rainbow"],"picked":"Buffer+1","floor":16},{"not_picked":["Self Repair+1","Go for the Eyes+1"],"picked":"Redo","floor":18},{"not_picked":["Steam+1","BootSequence"],"picked":"Creative AI+1","floor":20},{"not_picked":["Cold Snap","Turbo+1"],"picked":"Auto Shields","floor":21},{"not_picked":["Genetic Algorithm","Biased Cognition+1","Conserve Battery"],"picked":"SKIP","floor":24},{"not_picked":["Conserve Battery","Steam","Hologram","Streamline"],"picked":"SKIP","floor":28}],"player_experience":572224,"potions_floor_usage":[7,10,24,24,24],"damage_taken":[{"damage":1,"enemies":"Cultist","floor":1,"turns":3},{"damage":0,"enemies":"2 Louse","floor":2,"turns":1},{"damage":0,"enemies":"Small Slimes","floor":3,"turns":2},{"damage":0,"enemies":"2 Fungi Beasts","floor":4,"turns":2},{"damage":0,"enemies":"Large Slime","floor":5,"turns":4},{"damage":6,"enemies":"Gremlin Nob","floor":7,"turns":3},{"damage":6,"enemies":"3 Sentries","floor":10,"turns":4},{"damage":3,"enemies":"3 Louse","floor":11,"turns":3},{"damage":16,"enemies":"Gremlin Nob","floor":12,"turns":4},{"damage":1,"enemies":"Lagavulin","floor":14,"turns":7},{"damage":8,"enemies":"The Guardian","floor":16,"turns":10},{"damage":5,"enemies":"Shell Parasite","floor":18,"turns":6},{"damage":0,"enemies":"Spheric Guardian","floor":20,"turns":3},{"damage":0,"enemies":"Snecko","floor":21,"turns":6},{"damage":31,"enemies":"Slavers","floor":24,"turns":6},{"damage":24,"enemies":"Snake Plant","floor":28,"turns":5},{"damage":48,"enemies":"Gremlin Leader","floor":29,"turns":6}],"relics_obtained":[{"floor":7,"key":"Boot"},{"floor":9,"key":"Frozen Egg 2"},{"floor":10,"key":"Ancient Tea Set"},{"floor":12,"key":"Ice Cream"},{"floor":14,"key":"Gremlin Horn"},{"floor":22,"key":"Necronomicon"},{"floor":24,"key":"Question Card"},{"floor":26,"key":"Art of War"}],"event_choices":[{"event_name":"The Cleric","player_choice":"Healed","floor":13,"damage_taken":0},{"event_name":"Cursed Tome","player_choice":"Obtained Book","floor":22,"damage_taken":0},{"event_name":"Vampires","player_choice":"Ignored","floor":27,"damage_taken":0}],"boss_relics":[{"not_picked":["Runic Pyramid","Astrolabe"],"picked":"Nuclear Battery"}],"items_purged_floors":[19],"potions_floor_spawned":[2,3,7,16,21],"seed_played":"8771138628484734523","killed_by":"Gremlin Leader","ascension_level":7,"potions_obtained":[{"floor":2,"key":"Regen Potion"},{"floor":3,"key":"FearPotion"},{"floor":7,"key":"Fruit Juice"},{"floor":16,"key":"Explosive Potion"}],"is_trial":false}