{"gold_per_floor":[115,133,150,14,31,65,79,79,104,104,124,124],"floor_reached":12,"playtime":438,"items_purged":[],"score":160,"play_id":"ee988ac0-faaf-4294-8f3d-93e266007528","local_time":"20190206003357","is_ascension_mode":true,"campfire_choices":[{"floor":10,"key":"REST"}],"neow_cost":"NONE","seed_source_timestamp":281669108729100,"circlet_count":0,"master_deck":["AscendersBane","Strike_B","Strike_B","Strike_B","Strike_B","Defend_B","Defend_B","Defend_B","Defend_B","Zap","Dualcast","Darkness+1","Gash","Stack","Consume","Cold Snap","Coolheaded","Genetic Algorithm","Rainbow","FTL"],"relics":["Cracked Core","Orichalcum","Bronze Scales"],"potions_floor_usage":[7],"damage_taken":[{"damage":2,"enemies":"Jaw Worm","floor":1,"turns":3},{"damage":10,"enemies":"2 Louse","floor":2,"turns":3},{"damage":1,"enemies":"Cultist","floor":3,"turns":3},{"damage":17,"enemies":"2 Fungi Beasts","floor":5,"turns":4},{"damage":23,"enemies":"Lagavulin","floor":6,"turns":10},{"damage":5,"enemies":"Red Slaver","floor":7,"turns":3},{"damage":30,"enemies":"Gremlin Gang","floor":11,"turns":5},{"damage":11,"enemies":"Large Slime","floor":12,"turns":1}],"seed_played":"-6555142769764297813","potions_obtained":[{"floor":3,"key":"Energy Potion"},{"floor":5,"key":"LiquidBronze"}],"is_trial":false,"path_per_floor":["M","M","M","$","M","E","M","?","T","R","M","M"],"character_chosen":"DEFECT","items_purchased":["Consume","Cold Snap"],"campfire_rested":1,"item_purchase_floors":[4,4],"current_hp_per_floor":[69,59,58,58,41,18,13,13,13,36,6,0],"gold":124,"neow_bonus":"TEN_PERCENT_HP_BONUS","is_prod":false,"is_daily":false,"chose_seed":false,"campfire_upgraded":0,"win_rate":0,"timestamp":1549442037,"path_taken":["M","M","M","$","M","E","M","?","T","R","M","M"],"build_version":"2019-01-23","purchased_purges":0,"victory":false,"max_hp_per_floor":[78,78,78,78,78,78,78,78,78,78,78,78],"card_choices":[{"not_picked":["Turbo","Streamline"],"picked":"Darkness","floor":1},{"not_picked":["Sunder","Scrape"],"picked":"Gash","floor":2},{"not_picked":["Barrage","Steam"],"picked":"Stack","floor":3},{"not_picked":["Compile Driver","Leap"],"picked":"Coolheaded","floor":5},{"not_picked":["Coolheaded","Compile Driver"],"picked":"Genetic Algorithm","floor":6},{"not_picked":["Consume","Barrage"],"picked":"Rainbow","floor":7},{"not_picked":["Recycle","Go for the Eyes"],"picked":"FTL","floor":11}],"player_experience":635164,"relics_obtained":[{"floor":6,"key":"Orichalcum"},{"floor":9,"key":"Bronze Scales"}],"event_choices":[{"damage_healed":0,"gold_gain":0,"player_choice":"Grow","damage_taken":0,"max_hp_gain":0,"max_hp_loss":0,"event_name":"Living Wall","floor":8,"gold_loss":0,"cards_upgraded":["Darkness"]}],"is_beta":false,"boss_relics":[],"items_purged_floors":[],"is_endless":false,"potions_floor_spawned":[3,5],"killed_by":"Large Slime","ascension_level":19}