{"gold_per_floor":[117,130,280,20,20,48,48,61,61,92,92,104,29,58,58,58],"floor_reached":16,"playtime":986,"items_purged":[],"score":207,"play_id":"57f09311-0c86-49e8-9ea3-dc3b11d03fc9","local_time":"20180701104924","is_ascension_mode":true,"campfire_choices":[{"floor":7,"key":"REST"},{"floor":15,"key":"REST"}],"neow_cost":"NONE","seed_source_timestamp":1170817187012045,"circlet_count":0,"master_deck":["Defend_G","Defend_G","Defend_G","Defend_G","Defend_G","Strike_G","Strike_G","Strike_G","Strike_G","Survivor","Neutralize+1","AscendersBane","All Out Attack","Dodge and Roll","Dagger Spray","Leg Sweep","Bullet Time","Distraction","PiercingWail","A Thousand Cuts"],"relics":["Ring of the Snake","Strawberry","Paper Crane","Ornamental Fan","Oddly Smooth Stone","Pear","The Courier"],"potions_floor_usage":[6,10,14],"damage_taken":[{"damage":2,"enemies":"2 Louse","floor":1,"turns":4},{"damage":3,"enemies":"Jaw Worm","floor":2,"turns":4},{"damage":25,"enemies":"Gremlin Nob","floor":6,"turns":7},{"damage":0,"enemies":"Cultist","floor":8,"turns":4},{"damage":8,"enemies":"Lagavulin","floor":10,"turns":13},{"damage":4,"enemies":"Exordium Wildlife","floor":12,"turns":8},{"damage":66,"enemies":"Gremlin Nob","floor":14,"turns":9},{"damage":31,"enemies":"Hexaghost","floor":16,"turns":16}],"seed_played":"-101701198407949747","potions_obtained":[{"floor":1,"key":"Block Potion"},{"floor":2,"key":"Regen Potion"},{"floor":6,"key":"AttackPotion"},{"floor":14,"key":"Explosive Potion"}],"is_trial":false,"path_per_floor":["M","M","?","$","?","E","R","M","T","E","?","M","?","E","R"],"character_chosen":"THE_SILENT","items_purchased":["Paper Crane"],"campfire_rested":2,"item_purchase_floors":[4],"current_hp_per_floor":[64,61,61,61,61,36,57,57,57,59,59,55,55,4,28,0],"gold":58,"neow_bonus":"RANDOM_COMMON_RELIC","is_prod":false,"is_daily":false,"chose_seed":false,"campfire_upgraded":0,"win_rate":0,"timestamp":1530434964,"path_taken":["M","M","?","$","?","E","R","?","T","E","?","M","?","E","R","BOSS"],"build_version":"2018-06-28","purchased_purges":0,"victory":false,"max_hp_per_floor":[73,73,73,73,73,73,73,73,73,83,83,83,83,83,83,83],"card_choices":[{"not_picked":["Underhanded Strike","Quick Slash"],"picked":"All Out Attack","floor":1},{"not_picked":["Masterful Stab","Acrobatics"],"picked":"Dodge and Roll","floor":2},{"not_picked":["Flying Knee","Prepared"],"picked":"Dagger Spray","floor":6},{"not_picked":["Dodge and Roll","Prepared"],"picked":"Leg Sweep","floor":8},{"not_picked":["Poisoned Stab","Eviscerate"],"picked":"Bullet Time","floor":10},{"not_picked":["Eviscerate","Reflex"],"picked":"PiercingWail","floor":12},{"not_picked":["Well Laid Plans","Cloak And Dagger"],"picked":"A Thousand Cuts","floor":14}],"player_experience":718257,"relics_obtained":[{"floor":6,"key":"Ornamental Fan"},{"floor":9,"key":"Oddly Smooth Stone"},{"floor":10,"key":"Pear"},{"floor":14,"key":"The Courier"}],"event_choices":[{"event_name":"Liars Game","player_choice":"agreed","floor":3,"damage_taken":0},{"event_name":"Upgrade Shrine","player_choice":"Upgraded","floor":5,"damage_taken":0},{"event_name":"Living Wall","player_choice":"Change","floor":11,"damage_taken":0},{"event_name":"The Cleric","player_choice":"Card Removal","floor":13,"damage_taken":0}],"boss_relics":[],"items_purged_floors":[],"is_endless":false,"potions_floor_spawned":[1,2,6,14],"killed_by":"Hexaghost","ascension_level":15}