{"path_per_floor":["M","M","?","?","?","E","R","M","T","$","?","M","R","?","R","B",null,"M","M","?","?"],"character_chosen":"IRONCLAD","items_purchased":["Jack Of All Trades","Juzu Bracelet"],"gold_per_floor":[117,127,202,202,202,236,236,248,248,14,14,38,38,3,3,126,164,178,203,203,203,203],"floor_reached":22,"campfire_rested":2,"playtime":1063,"current_hp_per_floor":[78,67,56,56,56,16,40,44,44,44,44,36,60,80,80,24,87,65,48,48,48,0],"items_purged":[],"gold":203,"score":207,"play_id":"54c9b9cd-6fe8-4090-9faa-df8461a373b7","local_time":"20180424235743","is_prod":false,"is_daily":false,"chose_seed":false,"is_ascension_mode":false,"campfire_upgraded":1,"timestamp":1524578263,"path_taken":["M","M","?","?","?","E","R","M","T","?","?","M","R","?","R","BOSS","M","M","?","?","M"],"build_version":"2018-04-19","seed_source_timestamp":4929482319512,"purchased_purges":0,"victory":false,"master_deck":["Defend_R","Defend_R","Defend_R","Defend_R","Bash","Anger","Sword Boomerang","Bash","Feed+1","Demon Form+1","Body Slam","Jack Of All Trades+1","Searing Blow","Berserk","Inflame","Shrug It Off+1","Infernal Blade+1","Writhe","Bite","Bite","Bite","Bite","Bite"],"max_hp_per_floor":[80,80,80,80,80,80,80,84,84,84,78,82,82,82,82,82,87,87,87,87,60,64],"relics":["Black Star","Toxic Egg 2","Mummified Hand","Bottled Lightning","Juzu Bracelet","Golden Idol","Tiny House","Centennial Puzzle"],"card_choices":[{"not_picked":["Heavy Blade","Spot Weakness"],"picked":"Anger","floor":1},{"not_picked":["Iron Wave","True Grit"],"picked":"Sword Boomerang","floor":2},{"not_picked":["Heavy Blade","Feed"],"picked":"Demon Form","floor":6},{"not_picked":["Sever Soul","Iron Wave"],"picked":"Body Slam","floor":8},{"not_picked":["Shrug It Off","Warcry"],"picked":"Searing Blow","floor":12},{"not_picked":["Juggernaut","Brutality"],"picked":"Berserk","floor":16},{"not_picked":["Heavy Blade","Thunderclap"],"picked":"Inflame","floor":17},{"not_picked":["Sever Soul","Havoc"],"picked":"Shrug It Off","floor":18},{"not_picked":["Disarm","Wild Strike"],"picked":"Infernal Blade","floor":19}],"player_experience":129062,"potions_floor_usage":[6,12,18,19],"damage_taken":[{"damage":2,"enemies":"Small Slimes","floor":1,"turns":5},{"damage":11,"enemies":"Jaw Worm","floor":2,"turns":3},{"damage":40,"enemies":"Lagavulin","floor":6,"turns":7},{"damage":0,"enemies":"2 Louse","floor":8,"turns":2},{"damage":12,"enemies":"Gremlin Gang","floor":12,"turns":7},{"damage":56,"enemies":"Hexaghost","floor":16,"turns":6},{"damage":22,"enemies":"3 Byrds","floor":18,"turns":7},{"damage":17,"enemies":"Shell Parasite","floor":19,"turns":4},{"damage":74,"enemies":"Centurion and Healer","floor":22,"turns":9}],"event_choices":[{"event_name":"World of Goop","player_choice":"Gather Gold","floor":3,"damage_taken":0},{"event_name":"Match and Keep!","player_choice":"2 cards matched","floor":4,"damage_taken":0},{"event_name":"Living Wall","player_choice":"Grow","floor":5,"damage_taken":0},{"event_name":"Golden Idol","player_choice":"Lose Max HP","floor":11,"damage_taken":0},{"event_name":"The Cleric","player_choice":"Healed","floor":14,"damage_taken":0},{"event_name":"The Mausoleum","player_choice":"Yes","floor":20,"damage_taken":0},{"event_name":"Vampires","player_choice":"Became a vampire","floor":21,"damage_taken":0}],"boss_relics":[{"not_picked":["Sozu","Calling Bell"],"picked":"Tiny House"}],"potions_floor_spawned":[2,6,16],"seed_played":"2040439206018334829","killed_by":"Centurion and Healer","ascension_level":0,"is_trial":false}