{"gold_per_floor":[19,33,43,56,67,92,92,122,149,149,149,179,197,230,230,301,301,318,318,16,31,51,80,108,120,120,131,131,149,174,192,192,263,263,273,273,284,32,432,467,467,478,554,587,587,621,46,80,80,80,80,80,6,35,35],"floor_reached":56,"playtime":4728,"items_purged":["Defend_B","Strike_B"],"score":2325,"play_id":"28e3cdb5-5fe3-4430-9d09-11ded7bf8435","local_time":"20190219044633","is_ascension_mode":true,"campfire_choices":[{"data":"Zap","floor":10.0,"key":"SMITH"},{"data":"Rip and Tear","floor":15.0,"key":"SMITH"},{"data":"Echo Form","floor":28.0,"key":"SMITH"},{"data":"Dualcast","floor":32.0,"key":"SMITH"},{"data":"Scrape","floor":41.0,"key":"SMITH"},{"floor":45.0,"key":"RECALL"},{"data":"Capacitor","floor":49.0,"key":"SMITH"},{"data":"Storm","floor":52.0,"key":"SMITH"}],"neow_cost":"NO_GOLD","seed_source_timestamp":103925929266541,"circlet_count":0,"master_deck":["AscendersBane","Defend_B","Defend_B+1","Defend_B","Zap+1","Dualcast+1","Ball Lightning","Chill+1","Scrape+1","Rebound","Self Repair","Echo Form+1","Tempest+1","Rip and Tear+1","Stack+1","Aggregate+1","Seek+1","Undo+1","Fission+1","Storm+1","Reinforced Body+1","Turbo+1","Genetic Algorithm+1","Reboot+1","Glacier+1","Coolheaded+1","Turbo+1","Consume+1","Aggregate+1","Meteor Strike","Chaos+1","Good Instincts+1","Panache","Skim+1","Thinking Ahead+1","Hello World+1","Cold Snap+1","Redo+1","Capacitor+1","Fission+1","Impatience+1","Defragment","Meteor Strike"],"special_seed":0,"relics":["Cracked Core","WingedGreaves","Orichalcum","Toxic Egg 2","Bag of Marbles","Centennial Puzzle","Dream Catcher","Coffee Dripper","Bronze Scales","Juzu Bracelet","Lantern","Potion Belt","Anchor","Busted Crown","Old Coin","War Paint","Darkstone Periapt","MawBank","Bottled Lightning","Ornamental Fan","Pen Nib"],"potions_floor_usage":[55,55,55],"damage_taken":[{"damage":0.0,"enemies":"Small Slimes","floor":1.0,"turns":3.0},{"damage":1.0,"enemies":"2 Louse","floor":2.0,"turns":3.0},{"damage":2.0,"enemies":"Jaw Worm","floor":3.0,"turns":3.0},{"damage":16.0,"enemies":"Large Slime","floor":4.0,"turns":8.0},{"damage":0.0,"enemies":"Red Slaver","floor":5.0,"turns":3.0},{"damage":34.0,"enemies":"3 Sentries","floor":6.0,"turns":6.0},{"damage":30.0,"enemies":"Gremlin Nob","floor":8.0,"turns":5.0},{"damage":8.0,"enemies":"Lagavulin","floor":12.0,"turns":4.0},{"damage":0.0,"enemies":"2 Fungi Beasts","floor":13.0,"turns":3.0},{"damage":22.0,"enemies":"Gremlin Nob","floor":14.0,"turns":4.0},{"damage":8.0,"enemies":"The Guardian","floor":16.0,"turns":9.0},{"damage":3.0,"enemies":"Spheric Guardian","floor":18.0,"turns":3.0},{"damage":1.0,"enemies":"2 Thieves","floor":21.0,"turns":3.0},{"damage":2.0,"enemies":"3 Cultists","floor":22.0,"turns":3.0},{"damage":2.0,"enemies":"Gremlin Leader","floor":23.0,"turns":5.0},{"damage":29.0,"enemies":"Slavers","floor":24.0,"turns":4.0},{"damage":0.0,"enemies":"Snake Plant","floor":25.0,"turns":3.0},{"damage":0.0,"enemies":"Chosen and Byrds","floor":27.0,"turns":3.0},{"damage":6.0,"enemies":"Shelled Parasite and Fungi","floor":29.0,"turns":4.0},{"damage":10.0,"enemies":"Gremlin Leader","floor":30.0,"turns":7.0},{"damage":0.0,"enemies":"Snecko","floor":31.0,"turns":6.0},{"damage":23.0,"enemies":"Automaton","floor":33.0,"turns":14.0},{"damage":1.0,"enemies":"Orb Walker","floor":35.0,"turns":2.0},{"damage":5.0,"enemies":"3 Darklings","floor":37.0,"turns":3.0},{"damage":0.0,"enemies":"Mind Bloom Boss Battle","floor":39.0,"turns":4.0},{"damage":0.0,"enemies":"Nemesis","floor":40.0,"turns":5.0},{"damage":0.0,"enemies":"Sphere and 2 Shapes","floor":42.0,"turns":3.0},{"damage":0.0,"enemies":"Giant Head","floor":44.0,"turns":7.0},{"damage":0.0,"enemies":"Nemesis","floor":46.0,"turns":5.0},{"damage":2.0,"enemies":"Giant Head","floor":48.0,"turns":5.0},{"damage":20.0,"enemies":"Awakened One","floor":50.0,"turns":10.0},{"damage":0.0,"enemies":"Shield and Spear","floor":54.0,"turns":5.0},{"damage":64,"enemies":"The Heart","floor":55,"turns":9}],"seed_played":"-764507505104813147","potions_obtained":[{"floor":1.0,"key":"Weak Potion"},{"floor":3.0,"key":"Swift Potion"},{"floor":4.0,"key":"Weak Potion"},{"floor":5.0,"key":"SpeedPotion"},{"floor":14.0,"key":"SteroidPotion"},{"floor":16.0,"key":"Fire Potion"},{"floor":21.0,"key":"AttackPotion"},{"floor":22.0,"key":"Swift Potion"},{"floor":27.0,"key":"AttackPotion"},{"floor":29.0,"key":"FearPotion"},{"floor":30.0,"key":"Dexterity Potion"},{"floor":33.0,"key":"SteroidPotion"},{"floor":35.0,"key":"Energy Potion"},{"floor":42.0,"key":"Strength Potion"},{"floor":46.0,"key":"Energy Potion"}],"is_trial":false,"path_per_floor":["M","M","M","M","M","E","?","E","T","R","?","E","M","E","R","B",null,"M","?","$","M","M","E","E","M","T","M","R","M","E","M","R","B",null,"M","?","M","$","?","E","R","M","T","E","R","E","$","E","R","B",null,"R","$","E","B",null],"character_chosen":"DEFECT","items_purchased":["Bronze Scales","Reinforced Body+1","Skim+1","Thinking Ahead+1","Capacitor","Fission+1","Bottled Lightning","Impatience+1","Defragment"],"campfire_rested":0,"item_purchase_floors":[20,20,38,38,47,47,47,47,53],"current_hp_per_floor":[64,63,61,45,45,18,41,18,18,18,11,17,24,16,16,15,57,68,68,68,71,71,71,49,56,56,63,63,64,68,68,68,52,66,65,55,57,57,57,71,71,71,71,71,71,71,71,71,71,58,68,68,68,68,11],"gold":35,"neow_bonus":"ONE_RARE_RELIC","is_prod":false,"is_daily":false,"chose_seed":false,"campfire_upgraded":7,"win_rate":0,"timestamp":1550569593,"path_taken":["M","M","M","M","M","E","?","E","T","R","?","E","M","E","R","BOSS","M","?","$","M","M","E","E","M","T","M","R","M","E","M","R","BOSS","M","?","M","$","?","E","R","M","T","E","R","E","$","E","R","BOSS","R","$","E","BOSS"],"build_version":"2019-01-23","purchased_purges":2,"victory":true,"max_hp_per_floor":[71,71,71,71,71,71,71,71,71,71,71,71,71,71,71,71,71,71,71,71,71,71,71,71,71,71,71,71,71,71,71,71,71,71,71,71,71,71,71,71,71,71,71,71,71,71,71,71,71,71,71,71,71,71,71],"card_choices":[{"not_picked":["Capacitor","Blizzard"],"picked":"Ball Lightning","floor":1.0},{"not_picked":["Loop","Redo"],"picked":"Chill","floor":2.0},{"not_picked":["Steam","Skim"],"picked":"Scrape","floor":3.0},{"not_picked":["Hologram","Coolheaded"],"picked":"Rebound","floor":4.0},{"not_picked":["Doom and Gloom","Fusion"],"picked":"Self Repair","floor":5.0},{"not_picked":["Auto Shields","Cold Snap"],"picked":"Echo Form","floor":6.0},{"not_picked":["Skim","Streamline"],"picked":"Tempest","floor":8.0},{"not_picked":["Buffer","Barrage"],"picked":"Rip and Tear","floor":12.0},{"not_picked":["Rip and Tear","Beam Cell"],"picked":"Stack+1","floor":13.0},{"not_picked":["Compile Driver","Blizzard"],"picked":"Aggregate+1","floor":14.0},{"not_picked":["Creative AI","Fission+1"],"picked":"Seek+1","floor":16.0},{"not_picked":["Sunder","Turbo+1"],"picked":"Undo+1","floor":18.0},{"not_picked":["Barrage","Streamline"],"picked":"Turbo+1","floor":21.0},{"not_picked":["Rip and Tear","Sweeping Beam+1"],"picked":"Genetic Algorithm+1","floor":22.0},{"not_picked":["Hologram+1","Rebound+1"],"picked":"Reboot+1","floor":23.0},{"not_picked":["Sweeping Beam","Hologram+1"],"picked":"Glacier+1","floor":24.0},{"not_picked":["Melter","Steam+1"],"picked":"Coolheaded+1","floor":25.0},{"not_picked":["Darkness+1","Static Discharge"],"picked":"Turbo+1","floor":27.0},{"not_picked":["Reprogram+1","Redo+1"],"picked":"Consume+1","floor":29.0},{"not_picked":["Blizzard","Sweeping Beam","Rebound"],"picked":"SKIP","floor":30.0},{"not_picked":["Stack+1","Barrage"],"picked":"Aggregate+1","floor":31.0},{"not_picked":["Biased Cognition","Echo Form"],"picked":"Meteor Strike","floor":33.0},{"not_picked":[],"picked":"Chaos+1","floor":35.0},{"not_picked":[],"picked":"Good Instincts+1","floor":36.0},{"not_picked":[],"picked":"Panache","floor":36.0},{"not_picked":["Storm+1"],"picked":"SKIP","floor":37.0},{"not_picked":[],"picked":"Hello World+1","floor":39.0},{"not_picked":[],"picked":"Cold Snap+1","floor":40.0},{"not_picked":[],"picked":"Redo+1","floor":42.0},{"not_picked":["Redo+1"],"picked":"SKIP","floor":44.0},{"not_picked":["Melter"],"picked":"SKIP","floor":46.0},{"not_picked":["Turbo+1"],"picked":"SKIP","floor":48.0},{"not_picked":[],"picked":"Meteor Strike","floor":54.0}],"player_experience":484495,"relics_obtained":[{"floor":6.0,"key":"Orichalcum"},{"floor":8.0,"key":"Toxic Egg 2"},{"floor":9.0,"key":"Bag of Marbles"},{"floor":12.0,"key":"Centennial Puzzle"},{"floor":14.0,"key":"Dream Catcher"},{"floor":23.0,"key":"Juzu Bracelet"},{"floor":24.0,"key":"Lantern"},{"floor":26.0,"key":"Potion Belt"},{"floor":30.0,"key":"Anchor"},{"floor":39.0,"key":"Old Coin"},{"floor":40.0,"key":"War Paint"},{"floor":44.0,"key":"Darkstone Periapt"},{"floor":46.0,"key":"MawBank"},{"floor":48.0,"key":"Ornamental Fan"},{"floor":54.0,"key":"Pen Nib"}],"event_choices":[{"damage_healed":23.0,"max_hp_gain":0.0,"max_hp_loss":0.0,"gold_gain":0.0,"event_name":"Big Fish","player_choice":"Banana","floor":7.0,"gold_loss":0.0,"damage_taken":0.0},{"cards_removed":["Strike_B"],"damage_healed":0.0,"max_hp_gain":0.0,"max_hp_loss":0.0,"gold_gain":0.0,"event_name":"Golden Wing","player_choice":"Card Removal","floor":11.0,"gold_loss":0.0,"damage_taken":7.0},{"damage_healed":0.0,"max_hp_gain":0.0,"max_hp_loss":0.0,"gold_gain":0.0,"cards_transformed":["Strike_B","Strike_B"],"event_name":"Drug Dealer","player_choice":"Became Test Subject","floor":19.0,"gold_loss":0.0,"damage_taken":0.0,"cards_obtained":["Fission","Storm"]},{"damage_healed":0.0,"max_hp_gain":0.0,"max_hp_loss":0.0,"gold_gain":0.0,"event_name":"SensoryStone","player_choice":"Memory 3","floor":36.0,"gold_loss":0.0,"damage_taken":10.0},{"damage_healed":0.0,"max_hp_gain":0.0,"max_hp_loss":0.0,"gold_gain":0.0,"event_name":"MindBloom","player_choice":"Fight","floor":39.0,"gold_loss":0.0,"damage_taken":0.0}],"is_beta":false,"boss_relics":[{"not_picked":["White Beast Statue","Cursed Key"],"picked":"Coffee Dripper"},{"not_picked":["Eternal Feather","Snecko Eye"],"picked":"Busted Crown"}],"items_purged_floors":[20,47],"is_endless":false,"potions_floor_spawned":[1,3,4,5,14,16,21,22,27,29,30,33,35,39,42,46],"ascension_level":15}