{"gold_per_floor":[118,135,135,85,109,144,144,144,193,216,216,239,255,269,269,395,395,418,418,418,418,297,297,315,315],"floor_reached":25,"playtime":858,"items_purged":["Strike_R"],"score":203,"play_id":"b9391d54-8718-4cea-81a2-f4aaeb9f8d02","local_time":"20190307221731","is_ascension_mode":false,"campfire_choices":[{"data":"Searing Blow","floor":7,"key":"SMITH"},{"data":"Searing Blow+1","floor":11,"key":"SMITH"},{"data":"Searing Blow+2","floor":15,"key":"SMITH"},{"data":"Searing Blow+3","floor":23,"key":"SMITH"}],"neow_cost":"NONE","seed_source_timestamp":8629568242474,"circlet_count":0,"master_deck":["Defend_R","Defend_R","Defend_R","Defend_R","Bash","Thunderclap","Searing Blow+4","Inflame","Spot Weakness","Armaments","Fiend Fire","Corruption","Warcry","Dual Wield"],"relics":["Burning Blood","NeowsBlessing","Golden Idol","Strawberry","Mercury Hourglass","Empty Cage","Magic Flower","Singing Bowl"],"potions_floor_usage":[6,16,16],"damage_taken":[{"damage":0,"enemies":"2 Louse","floor":1,"turns":1},{"damage":0,"enemies":"Jaw Worm","floor":2,"turns":1},{"damage":0,"enemies":"Cultist","floor":5,"turns":1},{"damage":36,"enemies":"3 Sentries","floor":6,"turns":5},{"damage":10,"enemies":"Looter","floor":10,"turns":2},{"damage":1,"enemies":"Exordium Wildlife","floor":12,"turns":2},{"damage":12,"enemies":"Blue Slaver","floor":13,"turns":2},{"damage":0,"enemies":"2 Fungi Beasts","floor":14,"turns":3},{"damage":33,"enemies":"The Guardian","floor":16,"turns":11},{"damage":5,"enemies":"Chosen","floor":18,"turns":4},{"damage":40,"enemies":"2 Thieves","floor":24,"turns":3},{"damage":62,"enemies":"Slavers","floor":25,"turns":3}],"seed_played":"8320361395633760339","potions_obtained":[{"floor":1,"key":"AttackPotion"},{"floor":6,"key":"Swift Potion"},{"floor":10,"key":"Ancient Potion"},{"floor":13,"key":"Ancient Potion"},{"floor":14,"key":"GamblersBrew"}],"is_trial":false,"path_per_floor":["M","M","?","?","M","E","R","?","T","M","R","M","M","M","R","B",null,"M","?","?","T","$","R","M","E"],"character_chosen":"IRONCLAD","items_purchased":["Warcry"],"campfire_rested":0,"item_purchase_floors":[22],"current_hp_per_floor":[80,80,60,60,66,43,43,43,43,39,39,44,38,44,44,17,87,87,87,87,87,87,87,56,0],"gold":315,"neow_bonus":"THREE_ENEMY_KILL","is_prod":false,"is_daily":false,"chose_seed":false,"campfire_upgraded":4,"win_rate":0,"timestamp":1551964651,"path_taken":["M","M","?","?","M","E","R","?","T","M","R","?","M","M","R","BOSS","M","?","?","?","?","R","M","E"],"build_version":"2019-01-23","purchased_purges":1,"victory":false,"max_hp_per_floor":[80,80,80,80,80,87,87,87,87,87,87,87,87,87,87,87,87,87,87,87,87,87,87,87,87],"card_choices":[{"not_picked":["Combust","True Grit"],"picked":"Infernal Blade","floor":1},{"not_picked":["Headbutt","Sword Boomerang"],"picked":"Thunderclap","floor":2},{"not_picked":["Sword Boomerang","Headbutt"],"picked":"Searing Blow","floor":5},{"not_picked":["Twin Strike","Anger"],"picked":"Inflame","floor":6},{"not_picked":["Feel No Pain","Shockwave","Clash"],"picked":"SKIP","floor":10},{"not_picked":["Searing Blow","Combust"],"picked":"Spot Weakness","floor":12},{"not_picked":["Cleave","Havoc"],"picked":"Armaments","floor":13},{"not_picked":["Havoc","Searing Blow","Sentinel"],"picked":"SKIP","floor":14},{"not_picked":["Berserk","Bludgeon"],"picked":"Fiend Fire","floor":16},{"not_picked":["Shrug It Off+1","Anger"],"picked":"Corruption","floor":18},{"not_picked":["Sword Boomerang","Pummel"],"picked":"Dual Wield","floor":24}],"player_experience":195319,"relics_obtained":[{"floor":6,"key":"Strawberry"},{"floor":21,"key":"Singing Bowl"}],"event_choices":[{"damage_healed":0,"gold_gain":0,"player_choice":"Take Damage","damage_taken":20,"relics_obtained":["Golden Idol"],"max_hp_gain":0,"max_hp_loss":0,"event_name":"Golden Idol","floor":3,"gold_loss":0},{"cards_removed":["Strike_R"],"damage_healed":0,"gold_gain":0,"player_choice":"Card Removal","damage_taken":0,"max_hp_gain":0,"max_hp_loss":0,"event_name":"The Cleric","floor":4,"gold_loss":50},{"cards_removed":["Infernal Blade"],"damage_healed":0,"gold_gain":0,"player_choice":"Gave Card","damage_taken":0,"relics_obtained":["Mercury Hourglass"],"max_hp_gain":0,"max_hp_loss":0,"event_name":"WeMeetAgain","floor":8,"gold_loss":0},{"damage_healed":0,"gold_gain":0,"player_choice":"Opened","damage_taken":0,"relics_obtained":["Magic Flower"],"max_hp_gain":0,"max_hp_loss":0,"event_name":"The Mausoleum","floor":19,"gold_loss":0},{"cards_removed":["Strike_R"],"damage_healed":0,"gold_gain":0,"player_choice":"Elegance","damage_taken":0,"max_hp_gain":0,"max_hp_loss":0,"event_name":"Back to Basics","floor":20,"gold_loss":0}],"is_beta":false,"boss_relics":[{"not_picked":["Mark of Pain","Lizard Tail"],"picked":"Empty Cage"}],"items_purged_floors":[22],"is_endless":false,"potions_floor_spawned":[1,6,10,13,14],"killed_by":"Slavers","ascension_level":0}