{"gold_per_floor":[109,128,128,18,18,18,49,68,68,68,143,143,143,68,68,142,142,159,173,88,88,100,100,115,115],"floor_reached":25,"playtime":1038,"items_purged":["Strike_B"],"score":388,"play_id":"efac80df-821a-445b-b489-c09c3b4f7123","local_time":"20190120190253","is_ascension_mode":true,"campfire_choices":[{"data":"Recycle","floor":6,"key":"SMITH"},{"data":"Zap","floor":10,"key":"SMITH"},{"data":"Dualcast","floor":12,"key":"SMITH"},{"floor":15,"key":"REST"},{"data":"Hyperbeam","floor":23,"key":"SMITH"}],"neow_cost":"NONE","seed_source_timestamp":1006522858744031,"circlet_count":0,"master_deck":["AscendersBane","Defend_B","Defend_B","Defend_B","Zap+1","Dualcast+1","Blind","Scrape","Streamline","Recycle+1","Streamline","Steam","Skim","Hyperbeam+1","Steam","Chill","Aggregate","Loop","Reprogram","FTL"],"relics":["Cracked Core","Unceasing Top","Meat on the Bone","Empty Cage","Orichalcum"],"potions_floor_usage":[16,25],"damage_taken":[{"damage":1,"enemies":"Small Slimes","floor":1,"turns":4},{"damage":7,"enemies":"Jaw Worm","floor":2,"turns":3},{"damage":26,"enemies":"Lagavulin","floor":7,"turns":7},{"damage":0,"enemies":"Cultist","floor":8,"turns":3},{"damage":27,"enemies":"The Guardian","floor":16,"turns":10},{"damage":0,"enemies":"Chosen","floor":18,"turns":3},{"damage":0,"enemies":"Spheric Guardian","floor":19,"turns":3},{"damage":41,"enemies":"Cultist and Chosen","floor":22,"turns":6},{"damage":16,"enemies":"Snecko","floor":24,"turns":4},{"damage":30,"enemies":"Snake Plant","floor":25,"turns":4}],"seed_played":"-5769944512190697879","potions_obtained":[{"floor":2,"key":"Swift Potion"},{"floor":5,"key":"Dexterity Potion"}],"is_trial":false,"path_per_floor":["M","M","?","$","?","R","E","M","T","R","?","R","?","$","R","B",null,"M","M","?","?","M","R","M","M"],"character_chosen":"DEFECT","items_purchased":["Recycle","Streamline"],"campfire_rested":1,"item_purchase_floors":[4,4],"current_hp_per_floor":[63,56,56,56,56,56,30,30,30,30,19,19,19,19,40,25,60,60,60,60,60,31,31,27,0],"gold":115,"neow_bonus":"RANDOM_COLORLESS","is_prod":false,"is_daily":false,"chose_seed":false,"campfire_upgraded":4,"win_rate":0,"timestamp":1548028973,"path_taken":["M","M","?","$","?","R","E","?","T","R","?","R","?","$","R","BOSS","M","M","?","?","M","R","M","M"],"build_version":"2019-01-19","purchased_purges":1,"victory":false,"max_hp_per_floor":[71,71,71,71,71,71,71,71,71,71,71,71,71,71,71,71,71,71,71,71,71,71,71,71,71],"card_choices":[{"not_picked":["Redo","Steam"],"picked":"Scrape","floor":1},{"not_picked":["Redo","Compile Driver"],"picked":"Streamline","floor":2},{"not_picked":["Sweeping Beam","Electrodynamics"],"picked":"Steam","floor":7},{"not_picked":["Compile Driver","Stack"],"picked":"Skim","floor":8},{"not_picked":["Electrodynamics","Machine Learning"],"picked":"Hyperbeam","floor":16},{"not_picked":["Defragment","Barrage"],"picked":"Steam","floor":18},{"not_picked":["Sweeping Beam","Streamline+1"],"picked":"Chill","floor":19},{"not_picked":["Hologram","Storm"],"picked":"Reprogram","floor":22},{"not_picked":["Sweeping Beam","Consume"],"picked":"FTL","floor":24}],"player_experience":467790,"relics_obtained":[{"floor":7,"key":"Unceasing Top"},{"floor":9,"key":"Meat on the Bone"}],"event_choices":[{"damage_healed":0,"gold_gain":0,"player_choice":"Ignored","damage_taken":0,"max_hp_gain":0,"max_hp_loss":0,"event_name":"Golden Idol","floor":3,"gold_loss":0},{"damage_healed":0,"gold_gain":0,"player_choice":"Got Potions","damage_taken":0,"max_hp_gain":0,"max_hp_loss":0,"event_name":"Lab","floor":5,"gold_loss":0},{"damage_healed":0,"gold_gain":75,"player_choice":"Gather Gold","damage_taken":11,"max_hp_gain":0,"max_hp_loss":0,"event_name":"World of Goop","floor":11,"gold_loss":0},{"damage_healed":0,"gold_gain":0,"player_choice":"Ignored","damage_taken":0,"max_hp_gain":0,"max_hp_loss":0,"event_name":"Shining Light","floor":13,"gold_loss":0},{"damage_healed":0,"gold_gain":0,"player_choice":"Obtained Relic","damage_taken":0,"relics_obtained":["Orichalcum"],"max_hp_gain":0,"max_hp_loss":0,"event_name":"Addict","floor":20,"gold_loss":85},{"damage_healed":0,"gold_gain":0,"cards_transformed":["Strike_B","Defend_B"],"player_choice":"Became Test Subject","damage_taken":0,"max_hp_gain":0,"max_hp_loss":0,"event_name":"Drug Dealer","floor":21,"gold_loss":0,"cards_obtained":["Aggregate","Loop"]}],"is_beta":true,"boss_relics":[{"not_picked":["Tiny House","Lizard Tail"],"picked":"Empty Cage"}],"items_purged_floors":[14],"is_endless":false,"potions_floor_spawned":[2,7],"killed_by":"Snake Plant","ascension_level":19}