{"gold_per_floor":[117,130,280,6,6,6,41,41,41,58,90,90,102,102],"floor_reached":14,"playtime":717,"items_purged":[],"score":186,"play_id":"b3ea569e-5d3e-4971-b969-fc6a8aba8d37","local_time":"20190117203526","is_ascension_mode":true,"campfire_choices":[{"data":"Sunder","floor":6,"key":"SMITH"},{"data":"Hologram","floor":8,"key":"SMITH"},{"floor":12,"key":"REST"}],"neow_cost":"NONE","seed_source_timestamp":619935648515500,"circlet_count":0,"master_deck":["AscendersBane","Strike_B","Strike_B","Strike_B","Strike_B","Defend_B","Defend_B","Defend_B","Defend_B","Zap","Dualcast","Thunder Strike","Hologram+1","Sunder+1","Doubt","Streamline","Hologram","Capacitor+1","White Noise+1","Capacitor+1"],"relics":["Cracked Core","TheAbacus","Bottled Flame","Frozen Egg 2","Toxic Egg 2"],"potions_floor_usage":[7,13,14,14],"damage_taken":[{"damage":1,"enemies":"Cultist","floor":1,"turns":3},{"damage":10,"enemies":"Small Slimes","floor":2,"turns":4},{"damage":8,"enemies":"Gremlin Nob","floor":7,"turns":3},{"damage":0,"enemies":"2 Louse","floor":10,"turns":1},{"damage":30,"enemies":"Lagavulin","floor":11,"turns":5},{"damage":15,"enemies":"Gremlin Gang","floor":13,"turns":4},{"damage":30,"enemies":"3 Sentries","floor":14,"turns":6}],"seed_played":"-7684059098136896514","potions_obtained":[{"floor":5,"key":"SteroidPotion"},{"floor":5,"key":"LiquidBronze"},{"floor":10,"key":"Fire Potion"},{"floor":13,"key":"GamblersBrew"}],"is_trial":false,"path_per_floor":["M","M","?","$","?","R","E","R","T","M","E","R","M","E"],"character_chosen":"DEFECT","items_purchased":["TheAbacus","Streamline"],"campfire_rested":1,"item_purchase_floors":[4,4],"current_hp_per_floor":[63,53,53,53,53,53,45,45,45,45,15,36,21,0],"gold":102,"neow_bonus":"ONE_RANDOM_RARE_CARD","is_prod":false,"is_daily":false,"chose_seed":false,"campfire_upgraded":2,"win_rate":0,"timestamp":1547786126,"path_taken":["M","?","?","$","?","R","E","R","T","M","E","R","?","E"],"build_version":"2019-01-17","purchased_purges":0,"victory":false,"max_hp_per_floor":[71,71,71,71,71,71,71,71,71,71,71,71,71,71],"card_choices":[{"not_picked":["Barrage","Sweeping Beam"],"picked":"Hologram","floor":1},{"not_picked":["Go for the Eyes","Steam"],"picked":"Sunder","floor":2},{"not_picked":["Streamline","Go for the Eyes"],"picked":"Hologram","floor":7},{"not_picked":["Streamline","Gash"],"picked":"Capacitor+1","floor":10},{"not_picked":["Compile Driver","Barrage"],"picked":"White Noise","floor":11},{"not_picked":["Chill+1","Gash"],"picked":"Capacitor+1","floor":13}],"player_experience":522897,"relics_obtained":[{"floor":7,"key":"Bottled Flame"},{"floor":9,"key":"Frozen Egg 2"},{"floor":11,"key":"Toxic Egg 2"}],"event_choices":[{"damage_healed":0,"gold_gain":150,"player_choice":"AGREE","damage_taken":0,"max_hp_gain":0,"max_hp_loss":0,"event_name":"Liars Game","floor":3,"gold_loss":0,"cards_obtained":["Doubt"]},{"damage_healed":0,"gold_gain":0,"player_choice":"Got Potions","damage_taken":0,"max_hp_gain":0,"max_hp_loss":0,"event_name":"Lab","floor":5,"gold_loss":0}],"is_beta":false,"boss_relics":[],"items_purged_floors":[],"is_endless":false,"potions_floor_spawned":[10,13],"killed_by":"3 Sentries","ascension_level":18}