{"gold_per_floor":[118,118,118,135,151,151,176,176,201,211,245,265,265,265,265,336,336,355,408,333,353,24,55,55,70,70,97,97,116,116,96,96,168,168,182,193,193,13,25,25,41,41,121,40,40,65,8,8,8,8],"floor_reached":50,"playtime":1958,"items_purged":["Perfected Strike+1"],"score":982,"play_id":"1dbe585c-3d72-43ba-9e39-f8841ccc689f","local_time":"20190209201321","is_ascension_mode":true,"campfire_choices":[{"data":"Uppercut","floor":6.0,"key":"SMITH"},{"data":"Whirlwind","floor":8.0,"key":"SMITH"},{"floor":13.0,"key":"REST"},{"floor":15.0,"key":"REST"},{"data":"Strike_R","floor":24.0,"key":"PURGE"},{"floor":28.0,"key":"REST"},{"data":"Defend_R","floor":30.0,"key":"PURGE"},{"floor":32.0,"key":"REST"},{"data":"Wild Strike+1","floor":40,"key":"PURGE"},{"floor":42,"key":"REST"},{"data":"Demon Form","floor":45,"key":"SMITH"},{"data":"Limit Break","floor":49,"key":"SMITH"}],"neow_cost":"NONE","seed_source_timestamp":0,"circlet_count":0,"master_deck":["AscendersBane","Defend_R+1","Defend_R","Defend_R","Bash","Flex+1","Pummel","Uppercut+1","Flame Barrier","Whirlwind+1","Offering","Demon Form+1","Shrug It Off","Shrug It Off","Feed+1","Intimidate+1","Heavy Blade+1","Limit Break+1","Shrug It Off"],"special_seed":0,"relics":["Black Blood","Happy Flower","War Paint","Oddly Smooth Stone","Peace Pipe","Potion Belt","Membership Card","Bronze Scales","Red Skull","Molten Egg 2","Anchor","Astrolabe","Bag of Marbles","Lantern","Blood Vial"],"potions_floor_usage":[],"damage_taken":[{"damage":9.0,"enemies":"Jaw Worm","floor":1.0,"turns":4.0},{"damage":6.0,"enemies":"2 Louse","floor":4.0,"turns":4.0},{"damage":1.0,"enemies":"Cultist","floor":5.0,"turns":4.0},{"damage":30.0,"enemies":"3 Sentries","floor":7.0,"turns":8.0},{"damage":14.0,"enemies":"Exordium Thugs","floor":10.0,"turns":5.0},{"damage":25.0,"enemies":"Lagavulin","floor":11.0,"turns":5.0},{"damage":0.0,"enemies":"Red Slaver","floor":12.0,"turns":3.0},{"damage":68.0,"enemies":"Slime Boss","floor":16.0,"turns":18.0},{"damage":21.0,"enemies":"Shell Parasite","floor":18.0,"turns":4.0},{"damage":15.0,"enemies":"Chosen","floor":21.0,"turns":3.0},{"damage":42.0,"enemies":"Slavers","floor":23.0,"turns":3.0},{"damage":7.0,"enemies":"Snake Plant","floor":25.0,"turns":3.0},{"damage":6.0,"enemies":"Centurion and Healer","floor":29.0,"turns":4.0},{"damage":39.0,"enemies":"Champ","floor":33.0,"turns":12.0},{"damage":6,"enemies":"3 Shapes","floor":35,"turns":7},{"damage":28,"enemies":"3 Darklings","floor":36,"turns":3},{"damage":36,"enemies":"Maw","floor":39,"turns":7},{"damage":21,"enemies":"Sphere and 2 Shapes","floor":41,"turns":9},{"damage":74,"enemies":"Awakened One","floor":50,"turns":6}],"seed_played":"-7993423872871581614","potions_obtained":[{"floor":4.0,"key":"PowerPotion"},{"floor":5.0,"key":"SpeedPotion"},{"floor":16.0,"key":"Regen Potion"},{"floor":18.0,"key":"Poison Potion"},{"floor":23.0,"key":"Fire Potion"},{"floor":25.0,"key":"SpeedPotion"},{"floor":31.0,"key":"SneckoOil"},{"floor":35,"key":"Explosive Potion"}],"is_trial":false,"path_per_floor":["M","?","?","M","M","R","E","R","T","M","E","M","R","T","R","B",null,"M","T","?","M","$","E","R","M","T","T","R","M","R","?","R","B",null,"M","M","?","$","M","R","M","R","T","$","R","T","$","?","R","B"],"character_chosen":"IRONCLAD","items_purchased":["Membership Card","Shrug It Off","Bronze Scales","Bag of Marbles","FairyPotion","Lantern","Shrug It Off","PowerPotion"],"campfire_rested":5,"item_purchase_floors":[22,22,22,38,38,44,47,47],"current_hp_per_floor":[65,65,65,65,70,70,46,46,46,38,19,25,47,47,69,7,58,47,47,47,42,42,19,19,22,22,22,44,48,48,48,70,41,67,75,57,57,57,35,35,28,54,54,54,54,54,54,54,54,0],"gold":8,"neow_bonus":"TRANSFORM_CARD","is_prod":false,"is_daily":false,"chose_seed":false,"campfire_upgraded":4,"win_rate":0,"timestamp":1549772001,"path_taken":["M","?","?","M","M","R","E","R","T","M","E","?","R","?","R","BOSS","M","?","?","M","$","E","R","M","T","?","R","M","R","?","R","BOSS","M","M","?","$","?","R","M","R","T","?","R","?","$","?","R","BOSS"],"build_version":"2019-01-23","purchased_purges":1,"victory":false,"max_hp_per_floor":[75,75,75,75,75,75,75,75,75,75,75,75,75,75,75,75,75,75,75,75,75,75,75,75,75,75,75,75,75,75,75,75,75,75,79,79,79,79,83,83,87,87,87,87,87,87,87,83,83,83],"card_choices":[{"not_picked":["Wild Strike","Twin Strike"],"picked":"Armaments","floor":1.0},{"not_picked":["Rage","Headbutt"],"picked":"Uppercut","floor":4.0},{"not_picked":["Sword Boomerang","Anger"],"picked":"Flame Barrier","floor":5.0},{"not_picked":["Dark Embrace","Sword Boomerang"],"picked":"Whirlwind","floor":7.0},{"not_picked":["Twin Strike","Anger","Heavy Blade"],"picked":"SKIP","floor":10.0},{"not_picked":["True Grit","Flex"],"picked":"Offering","floor":11.0},{"not_picked":["Feel No Pain","Flex","Havoc"],"picked":"SKIP","floor":12.0},{"not_picked":["Double Tap","Fiend Fire"],"picked":"Demon Form","floor":16.0},{"not_picked":["Hemokinesis","Pommel Strike","Entrench"],"picked":"SKIP","floor":18.0},{"not_picked":["Entrench","Clothesline+1","Sword Boomerang"],"picked":"SKIP","floor":21.0},{"not_picked":["Bloodletting","Rupture","Iron Wave+1"],"picked":"SKIP","floor":23.0},{"not_picked":["Spot Weakness","Perfected Strike","Headbutt"],"picked":"SKIP","floor":25.0},{"not_picked":["Pommel Strike+1","Armaments+1"],"picked":"Shrug It Off","floor":29.0},{"not_picked":["Immolate+1","Barricade"],"picked":"Feed+1","floor":33.0},{"not_picked":["Iron Wave+1","Pommel Strike+1","Warcry+1"],"picked":"SKIP","floor":35},{"not_picked":["Sword Boomerang+1","Warcry"],"picked":"Heavy Blade+1","floor":36},{"not_picked":["Dropkick+1","Rupture","Anger+1"],"picked":"SKIP","floor":39},{"not_picked":["Perfected Strike+1","Clothesline+1","Armaments"],"picked":"SKIP","floor":41}],"player_experience":716038,"relics_obtained":[{"floor":7.0,"key":"Happy Flower"},{"floor":9.0,"key":"War Paint"},{"floor":11.0,"key":"Oddly Smooth Stone"},{"floor":14.0,"key":"Peace Pipe"},{"floor":19.0,"key":"Potion Belt"},{"floor":23.0,"key":"Red Skull"},{"floor":26.0,"key":"Molten Egg 2"},{"floor":27.0,"key":"Anchor"},{"floor":46,"key":"Blood Vial"}],"event_choices":[{"damage_healed":0.0,"max_hp_gain":0.0,"max_hp_loss":0.0,"gold_gain":0.0,"event_name":"Liars Game","player_choice":"Ignored","floor":2.0,"gold_loss":0.0,"damage_taken":0.0},{"damage_healed":0.0,"max_hp_gain":0.0,"max_hp_loss":0.0,"gold_gain":0.0,"event_name":"Match and Keep!","player_choice":"1 cards matched","floor":3.0,"gold_loss":0.0,"damage_taken":0.0,"cards_obtained":["Pummel"]},{"cards_removed":["Strike_R"],"damage_healed":0.0,"max_hp_gain":0.0,"max_hp_loss":0.0,"gold_gain":0.0,"event_name":"Beggar","player_choice":"Gave Gold","floor":20.0,"gold_loss":75.0,"damage_taken":0.0},{"damage_healed":0.0,"max_hp_gain":0.0,"max_hp_loss":0.0,"gold_gain":0.0,"event_name":"The Woman in Blue","player_choice":"Bought 1 Potion","floor":31.0,"gold_loss":0.0,"damage_taken":0.0},{"damage_healed":0,"gold_gain":0,"player_choice":"1 cards matched","damage_taken":0,"max_hp_gain":0,"max_hp_loss":0,"event_name":"Match and Keep!","floor":37,"gold_loss":0,"cards_obtained":["Limit Break"]},{"damage_healed":0,"gold_gain":0,"player_choice":"Max HP","damage_taken":0,"max_hp_gain":0,"max_hp_loss":4,"event_name":"Winding Halls","floor":48,"gold_loss":0}],"is_beta":false,"boss_relics":[{"not_picked":["Runic Dome","Calling Bell"],"picked":"Black Blood"},{"not_picked":["Mark of Pain","Empty Cage"],"picked":"Astrolabe"}],"items_purged_floors":[38],"is_endless":false,"potions_floor_spawned":[4,5,16,18,23,25,35],"killed_by":"Awakened One","ascension_level":20}