{"path_per_floor":["M","$","M","M","M","R","M","E","T","?","M","E","M"],"character_chosen":"THE_SILENT","items_purchased":["Infinite Blades","Sucker Punch"],"gold_per_floor":[219,94,114,129,145,145,162,191,218,218,237,265,279,279],"floor_reached":14,"campfire_rested":0,"playtime":839,"current_hp_per_floor":[54,54,54,47,21,21,21,14,14,14,16,1,3,0],"items_purged":[],"gold":279,"score":182,"play_id":"acf575e6-848f-424d-8a97-e88f88331e89","local_time":"20180425224311","is_prod":false,"is_daily":false,"chose_seed":false,"is_ascension_mode":true,"campfire_upgraded":1,"timestamp":1524688991,"path_taken":["M","$","M","M","M","R","?","E","T","?","M","E","M","E"],"build_version":"2018-04-19","seed_source_timestamp":225515603624846,"purchased_purges":0,"victory":false,"master_deck":["Defend_G","Defend_G","Defend_G","Defend_G","Defend_G","Strike_G","Strike_G","Strike_G","Strike_G","Strike_G","Survivor","Neutralize","AscendersBane","Dagger Spray","Infinite Blades","Sucker Punch","Deadly Poison+1","Bane","Leg Sweep","Backflip","Burst","Finisher","Noxious Fumes","PiercingWail"],"max_hp_per_floor":[66,66,66,66,66,66,66,66,66,66,66,66,66,66],"relics":["Ring of the Snake","Orichalcum","Blood Vial","Vajra"],"card_choices":[{"not_picked":["Flechettes","Dodge and Roll"],"picked":"Dagger Spray","floor":1},{"not_picked":["Bouncing Flask","Dagger Throw"],"picked":"Deadly Poison","floor":3},{"not_picked":["Backflip","Terror"],"picked":"Bane","floor":4},{"not_picked":["Underhanded Strike","Dagger Spray"],"picked":"Leg Sweep","floor":5},{"not_picked":["PiercingWail","Night Terror"],"picked":"Backflip","floor":7},{"not_picked":["Deflect","Poisoned Stab"],"picked":"Burst","floor":8},{"not_picked":["Choke","Blade Dance"],"picked":"Finisher","floor":11},{"not_picked":["Dodge and Roll","Reflex"],"picked":"Noxious Fumes","floor":12},{"not_picked":["Dagger Throw","Dagger Spray"],"picked":"PiercingWail","floor":13}],"player_experience":442366,"potions_floor_usage":[5,8,12,14],"damage_taken":[{"damage":5,"enemies":"Cultist","floor":1,"turns":5},{"damage":0,"enemies":"Jaw Worm","floor":3,"turns":5},{"damage":7,"enemies":"Small Slimes","floor":4,"turns":3},{"damage":38,"enemies":"Exordium Thugs","floor":5,"turns":7},{"damage":0,"enemies":"2 Fungi Beasts","floor":7,"turns":3},{"damage":19,"enemies":"Lagavulin","floor":8,"turns":7},{"damage":0,"enemies":"Large Slime","floor":11,"turns":5},{"damage":17,"enemies":"Gremlin Nob","floor":12,"turns":4},{"damage":0,"enemies":"Gremlin Gang","floor":13,"turns":4},{"damage":5,"enemies":"Lagavulin","floor":14,"turns":2}],"event_choices":[{"event_name":"Liars Game","player_choice":"disagreed","floor":10,"damage_taken":0}],"boss_relics":[],"potions_floor_spawned":[4,5,8,11,12],"seed_played":"-8478641520436501899","killed_by":"Lagavulin","ascension_level":15,"is_trial":false}