{"gold_per_floor":[124,411,144,157,157,182,182,251,277,277,277,351,106,138,138,240,240,256,306,356,419,430,458,458,522,522,552,552,570,570,103,103,103],"floor_reached":33,"playtime":1068,"items_purged":["Regret","Strike_R","Strike_R"],"score":404,"play_id":"115e062b-9816-401a-a8dd-8cc0b7adcfae","local_time":"20190204222930","is_ascension_mode":true,"campfire_choices":[{"floor":11,"key":"REST"},{"floor":15,"key":"REST"},{"data":"Double Tap","floor":24,"key":"SMITH"},{"data":"Immolate","floor":28,"key":"SMITH"},{"data":"Carnage","floor":30,"key":"SMITH"},{"data":"Discovery","floor":32,"key":"SMITH"}],"neow_cost":"NONE","seed_source_timestamp":2329189973595633,"circlet_count":0,"master_deck":["Strike_R","Strike_R","Defend_R","Defend_R","Defend_R","Defend_R","Bash","Cleave","Warcry","Carnage+1","Immolate+1","Cleave","Double Tap+1","Thunderclap+1","Headbutt+1","Warcry","True Grit+1","Thunderclap+1","Discovery+1"],"relics":["Burning Blood","MawBank","HandDrill","Regal Pillow","SsserpentHead","Blood Vial","Oddly Smooth Stone","Strawberry","Mark of Pain","MutagenicStrength","Molten Egg 2","Art of War","Pantograph","PreservedInsect","Kunai"],"potions_floor_usage":[21,25,29,33,33],"damage_taken":[{"damage":11,"enemies":"2 Louse","floor":1,"turns":2},{"damage":6,"enemies":"Cultist","floor":4,"turns":3},{"damage":50,"enemies":"Lagavulin","floor":6,"turns":6},{"damage":4,"enemies":"Jaw Worm","floor":8,"turns":4},{"damage":34,"enemies":"Gremlin Nob","floor":14,"turns":4},{"damage":64,"enemies":"Slime Boss","floor":16,"turns":12},{"damage":11,"enemies":"2 Thieves","floor":18,"turns":2},{"damage":12,"enemies":"Shell Parasite","floor":21,"turns":2},{"damage":0,"enemies":"Snecko","floor":22,"turns":2},{"damage":22,"enemies":"Gremlin Leader","floor":23,"turns":5},{"damage":17,"enemies":"Centurion and Healer","floor":25,"turns":3},{"damage":0,"enemies":"Slavers","floor":27,"turns":1},{"damage":12,"enemies":"Snake Plant","floor":29,"turns":3},{"damage":129,"enemies":"Champ","floor":33,"turns":9}],"seed_played":"9074465547246671693","potions_obtained":[{"floor":4,"key":"Swift Potion"},{"floor":6,"key":"BloodPotion"},{"floor":22,"key":"FearPotion"},{"floor":23,"key":"Explosive Potion"},{"floor":27,"key":"Energy Potion"},{"floor":29,"key":"Regen Potion"}],"is_trial":false,"path_per_floor":["M","?","$","M","?","E","?","M","T","?","R","T","$","E","R","B",null,"M","?","T","M","M","E","R","M","T","E","R","M","R","$","R","B"],"character_chosen":"IRONCLAD","items_purchased":["HandDrill","Immolate","Kunai","Discovery"],"campfire_rested":2,"item_purchase_floors":[3,13,31,31],"current_hp_per_floor":[75,75,75,75,68,24,24,26,26,26,65,65,65,46,87,29,87,82,82,82,78,86,71,71,62,62,70,70,66,66,66,66,0],"gold":103,"neow_bonus":"RANDOM_COMMON_RELIC","is_prod":false,"is_daily":false,"chose_seed":false,"campfire_upgraded":4,"win_rate":0,"timestamp":1549337370,"path_taken":["M","?","?","?","?","E","?","?","T","?","R","?","$","E","R","BOSS","M","?","?","?","M","E","R","?","T","E","R","M","R","$","R","BOSS"],"build_version":"2019-01-23","purchased_purges":3,"victory":false,"max_hp_per_floor":[80,80,80,80,80,80,80,80,80,80,80,80,80,87,87,87,87,87,87,87,87,87,87,87,87,87,87,87,87,87,87,87,87],"card_choices":[{"not_picked":["Perfected Strike","Dual Wield"],"picked":"Cleave","floor":1},{"not_picked":["Battle Trance","Thunderclap"],"picked":"Double Tap","floor":4},{"not_picked":["Thunderclap","Evolve"],"picked":"Warcry","floor":6},{"not_picked":["Cleave","Battle Trance"],"picked":"Carnage","floor":8},{"not_picked":["Havoc","Warcry"],"picked":"Cleave","floor":14},{"not_picked":["Immolate","Exhume"],"picked":"Double Tap","floor":16},{"not_picked":["Heavy Blade","Body Slam","Thunderclap"],"picked":"SKIP","floor":18},{"not_picked":["True Grit","Wild Strike+1"],"picked":"Thunderclap+1","floor":21},{"not_picked":["Intimidate+1","Combust+1"],"picked":"Headbutt+1","floor":22},{"not_picked":["Body Slam+1","Flex","Berserk"],"picked":"SKIP","floor":23},{"not_picked":["Fire Breathing","Flex"],"picked":"Warcry","floor":25},{"not_picked":["Corruption","Combust"],"picked":"True Grit+1","floor":27},{"not_picked":["Flex+1","Perfected Strike+1"],"picked":"Thunderclap+1","floor":29}],"player_experience":146660,"relics_obtained":[{"floor":6,"key":"Regal Pillow"},{"floor":9,"key":"Blood Vial"},{"floor":12,"key":"Oddly Smooth Stone"},{"floor":14,"key":"Strawberry"},{"floor":20,"key":"Molten Egg 2"},{"floor":23,"key":"Art of War"},{"floor":26,"key":"Pantograph"},{"floor":27,"key":"PreservedInsect"}],"event_choices":[{"damage_healed":0,"gold_gain":275,"player_choice":"Desecrate","damage_taken":0,"max_hp_gain":0,"max_hp_loss":0,"event_name":"Golden Shrine","floor":2,"gold_loss":0,"cards_obtained":["Regret"]},{"cards_removed":["Strike_R"],"damage_healed":0,"gold_gain":0,"player_choice":"Card Removal","damage_taken":7,"max_hp_gain":0,"max_hp_loss":0,"event_name":"Golden Wing","floor":5,"gold_loss":0},{"damage_healed":0,"gold_gain":0,"player_choice":"Trade","damage_taken":0,"relics_obtained":["SsserpentHead"],"max_hp_gain":0,"max_hp_loss":0,"event_name":"FaceTrader","floor":7,"gold_loss":0},{"cards_removed":["Double Tap"],"damage_healed":0,"gold_gain":0,"player_choice":"Card Removal","damage_taken":0,"max_hp_gain":0,"max_hp_loss":0,"event_name":"The Cleric","floor":10,"gold_loss":50},{"damage_healed":0,"gold_gain":0,"player_choice":"Inject Mutagens","damage_taken":0,"relics_obtained":["MutagenicStrength"],"max_hp_gain":0,"max_hp_loss":0,"event_name":"Drug Dealer","floor":19,"gold_loss":0}],"is_beta":false,"boss_relics":[{"not_picked":["Tiny House","Eternal Feather"],"picked":"Mark of Pain"}],"items_purged_floors":[3,13,31],"is_endless":false,"potions_floor_spawned":[4,6,22,23,27,29],"killed_by":"Champ","ascension_level":4}