{"gold_per_floor":[114,114,131,141,156,156,187,187,187,187,198,210,226,62,62,164,164,174,89,109,109,109,109,128,148,171,183,110,129,129,149,149,149],"floor_reached":33,"playtime":2192,"items_purged":[],"score":417,"play_id":"6149935c-20d2-48f8-8bef-ee04b5cb8f66","local_time":"20190306050320","is_ascension_mode":true,"campfire_choices":[{"data":"Flame Barrier","floor":6,"key":"SMITH"},{"data":"Bash","floor":8,"key":"SMITH"},{"data":"Twin Strike","floor":10,"key":"SMITH"},{"data":"Clothesline","floor":15,"key":"SMITH"},{"data":"Thinking Ahead","floor":23,"key":"SMITH"},{"data":"Flame Barrier","floor":30,"key":"SMITH"},{"data":"True Grit","floor":32,"key":"SMITH"}],"neow_cost":"TEN_PERCENT_HP_LOSS","seed_source_timestamp":8851538343895,"circlet_count":0,"master_deck":["AscendersBane","Defend_R","Defend_R","Defend_R","Bash+1","Flame Barrier+1","Shrug It Off","Twin Strike+1","Clothesline+1","Thinking Ahead+1","Bite","Bite","Bite","Bite","Bite","Battle Trance","Flame Barrier+1","Shrug It Off","True Grit+1"],"relics":["Burning Blood","Peace Pipe","Meat on the Bone","Velvet Choker","Mango","Dream Catcher","Pen Nib"],"potions_floor_usage":[7,7,16,20,27,29,33],"damage_taken":[{"damage":7,"enemies":"Jaw Worm","floor":1,"turns":3},{"damage":6,"enemies":"Small Slimes","floor":3,"turns":5},{"damage":0,"enemies":"2 Louse","floor":4,"turns":3},{"damage":18,"enemies":"Lots of Slimes","floor":5,"turns":6},{"damage":20,"enemies":"Lagavulin","floor":7,"turns":9},{"damage":7,"enemies":"Large Slime","floor":11,"turns":8},{"damage":13,"enemies":"Blue Slaver","floor":12,"turns":2},{"damage":19,"enemies":"2 Fungi Beasts","floor":13,"turns":4},{"damage":40,"enemies":"The Guardian","floor":16,"turns":10},{"damage":32,"enemies":"2 Thieves","floor":18,"turns":4},{"damage":6,"enemies":"Spheric Guardian","floor":20,"turns":4},{"damage":24,"enemies":"Centurion and Healer","floor":24,"turns":8},{"damage":22,"enemies":"3 Cultists","floor":25,"turns":6},{"damage":14,"enemies":"Snecko","floor":27,"turns":5},{"damage":12,"enemies":"Snake Plant","floor":29,"turns":3},{"damage":0,"enemies":"Chosen and Byrds","floor":31,"turns":4},{"damage":105,"enemies":"Collector","floor":33,"turns":9}],"seed_played":"10295300382808335","potions_obtained":[{"floor":4,"key":"EssenceOfSteel"},{"floor":5,"key":"Energy Potion"},{"floor":12,"key":"FearPotion"},{"floor":13,"key":"Ancient Potion"},{"floor":24,"key":"BloodPotion"},{"floor":25,"key":"LiquidBronze"}],"is_trial":false,"path_per_floor":["M","?","M","M","M","R","E","R","T","R","M","M","M","$","R","B",null,"M","?","M","?","?","R","M","M","T","M","$","M","R","M","R","B"],"character_chosen":"IRONCLAD","items_purchased":["Thinking Ahead","Shrug It Off","Explosive Potion"],"campfire_rested":0,"item_purchase_floors":[14,28,28],"current_hp_per_floor":[71,64,64,70,58,58,44,44,44,44,45,52,53,53,53,33,62,50,64,66,66,66,66,64,66,66,76,76,72,72,86,86,0],"gold":149,"neow_bonus":"ONE_RARE_RELIC","is_prod":false,"is_daily":false,"chose_seed":false,"campfire_upgraded":7,"win_rate":0,"timestamp":1551870200,"path_taken":["M","?","M","M","M","R","E","R","T","R","M","M","M","$","R","BOSS","M","?","M","?","?","R","M","?","T","M","$","M","R","M","R","BOSS"],"build_version":"2019-01-23","purchased_purges":0,"victory":false,"max_hp_per_floor":[72,72,72,72,72,72,72,72,72,72,72,72,72,72,72,72,72,72,86,86,86,86,86,86,86,86,86,86,86,86,86,86,86],"card_choices":[{"not_picked":["Armaments","Perfected Strike"],"picked":"Flame Barrier","floor":1},{"not_picked":["Clash","Pummel"],"picked":"Shrug It Off","floor":3},{"not_picked":["Combust","Entrench"],"picked":"Twin Strike","floor":4},{"not_picked":["Perfected Strike","Pommel Strike","Armaments"],"picked":"SKIP","floor":5},{"not_picked":["Pommel Strike","Juggernaut","Warcry"],"picked":"SKIP","floor":7},{"not_picked":["Seeing Red","Entrench"],"picked":"Clothesline","floor":11},{"not_picked":["Whirlwind","Cleave","Pommel Strike"],"picked":"SKIP","floor":12},{"not_picked":["Corruption","Flex","Whirlwind"],"picked":"SKIP","floor":13},{"not_picked":["Cleave","Body Slam","Heavy Blade"],"picked":"SKIP","floor":18},{"not_picked":["Blood for Blood+1","Sword Boomerang","Armaments"],"picked":"SKIP","floor":20},{"not_picked":["Sever Soul","Reckless Charge","Armaments"],"picked":"SKIP","floor":24},{"not_picked":["Blood for Blood","Havoc"],"picked":"Battle Trance","floor":25},{"not_picked":["Headbutt+1","Juggernaut"],"picked":"Flame Barrier","floor":27},{"not_picked":["Wild Strike+1","Perfected Strike","Dual Wield"],"picked":"SKIP","floor":29},{"not_picked":["Searing Blow+1","Clash+1"],"picked":"True Grit","floor":31}],"player_experience":203095,"relics_obtained":[{"floor":7,"key":"Blood Vial"},{"floor":9,"key":"Meat on the Bone"},{"floor":26,"key":"Pen Nib"}],"event_choices":[{"cards_removed":["Defend_R"],"damage_healed":0,"gold_gain":0,"player_choice":"Card Removal","damage_taken":7,"max_hp_gain":0,"max_hp_loss":0,"event_name":"Golden Wing","floor":2,"gold_loss":0},{"damage_healed":0,"gold_gain":0,"player_choice":"Obtained Relic","damage_taken":0,"relics_obtained":["Mango"],"max_hp_gain":0,"max_hp_loss":0,"event_name":"Addict","floor":19,"gold_loss":85},{"damage_healed":0,"gold_gain":0,"player_choice":"Opened","damage_taken":0,"relics_obtained":["Dream Catcher"],"max_hp_gain":0,"max_hp_loss":0,"event_name":"The Mausoleum","floor":21,"gold_loss":0},{"damage_healed":0,"gold_gain":0,"player_choice":"Became a vampire (Vial)","damage_taken":0,"max_hp_gain":0,"max_hp_loss":0,"event_name":"Vampires","floor":22,"relics_lost":["Blood Vial"],"gold_loss":0,"cards_obtained":["Bite","Bite","Bite","Bite","Bite"]}],"is_beta":false,"boss_relics":[{"not_picked":["Eternal Feather","Cursed Key"],"picked":"Velvet Choker"}],"items_purged_floors":[],"is_endless":false,"potions_floor_spawned":[4,5,12,13,24,25],"killed_by":"Collector","ascension_level":11}