{"gold_per_floor":[11,11,35,35,35,65,85,85,85,98,113,75,75,85,85,85],"floor_reached":16,"playtime":813,"items_purged":[],"score":100,"play_id":"badb791b-462b-4b55-916e-b1f102ee11fd","local_time":"20180918161823","is_ascension_mode":false,"campfire_choices":[{"data":"Hologram","floor":8,"key":"SMITH"},{"data":"Defragment","floor":13,"key":"SMITH"},{"data":"Static Discharge","floor":15,"key":"SMITH"}],"neow_cost":"NO_GOLD","seed_source_timestamp":72877460460268,"circlet_count":0,"master_deck":["Strike_B","Strike_B","Defend_B","Defend_B","Defend_B","Zap+1","Dualcast","Sweeping Beam","Hologram+1","Defragment+1","Auto Shields","Static Discharge+1","Conserve Battery"],"relics":["Cracked Core","Anchor","Kunai","Question Card","Bottled Lightning"],"potions_floor_usage":[],"damage_taken":[{"damage":6,"enemies":"Small Slimes","floor":1,"turns":2},{"damage":35,"enemies":"3 Sentries","floor":6,"turns":8},{"damage":0,"enemies":"Cultist","floor":7,"turns":4},{"damage":0,"enemies":"Jaw Worm","floor":10,"turns":3},{"damage":11,"enemies":"Large Slime","floor":11,"turns":5},{"damage":0,"enemies":"3 Louse","floor":14,"turns":3},{"damage":17,"enemies":"Slime Boss","floor":16,"turns":3}],"seed_played":"3226054838755703658","potions_obtained":[{"floor":6,"key":"Dexterity Potion"},{"floor":11,"key":"EssenceOfSteel"},{"floor":14,"key":"FocusPotion"}],"is_trial":false,"path_per_floor":["M","?","T","?","?","E","M","R","T","M","M","$","R","M","R"],"character_chosen":"DEFECT","items_purchased":["Static Discharge"],"campfire_rested":0,"item_purchase_floors":[12],"current_hp_per_floor":[69,69,69,62,62,27,27,27,27,27,16,16,16,16,16,0],"gold":85,"neow_bonus":"REMOVE_TWO","is_prod":false,"is_daily":false,"chose_seed":false,"campfire_upgraded":3,"win_rate":0,"timestamp":1537312703,"path_taken":["M","?","?","?","?","E","M","R","T","?","M","$","R","M","R","BOSS"],"build_version":"2018-09-06","purchased_purges":0,"victory":false,"max_hp_per_floor":[75,75,75,75,75,75,75,75,75,75,75,75,75,75,75,75],"card_choices":[{"not_picked":["Compile Driver","Rip and Tear"],"picked":"Ball Lightning","floor":1},{"not_picked":["Barrage","Steam"],"picked":"Sweeping Beam","floor":6},{"not_picked":["Reboot","Genetic Algorithm","Scrape"],"picked":"Hologram","floor":7},{"not_picked":["Darkness","Beam Cell","Stack"],"picked":"Defragment","floor":10},{"not_picked":["Cold Snap","Steam","Go for the Eyes"],"picked":"Auto Shields","floor":11},{"not_picked":["Sweeping Beam","Rebound","Go for the Eyes"],"picked":"Conserve Battery","floor":14}],"player_experience":136070,"relics_obtained":[{"floor":3,"key":"Anchor"},{"floor":6,"key":"Question Card"},{"floor":9,"key":"Bottled Lightning"}],"event_choices":[{"event_name":"Upgrade Shrine","player_choice":"Upgraded","floor":2,"damage_taken":0},{"event_name":"Golden Wing","player_choice":"Card Removal","floor":4,"damage_taken":0},{"event_name":"WeMeetAgain","player_choice":"Card","floor":5,"damage_taken":0}],"is_beta":false,"boss_relics":[],"items_purged_floors":[],"is_endless":false,"potions_floor_spawned":[6,11,14],"killed_by":"Slime Boss","ascension_level":0}