{"path_per_floor":["M","?","?","M","?","E","R","$","T","M","E","$","E","M","R","B",null,"M","?","M","$","?","R","?","M","T","E","M","R","E","M","R","B",null,"M","M","?","?","?","B"],"character_chosen":"THE_SILENT","items_purchased":["Finesse","Well Laid Plans","Footwork"],"gold_per_floor":[117,117,217,230,180,213,213,42,42,60,94,25,55,67,67,139,139,154,154,170,91,91,91,91,105,105,137,153,153,180,191,191,268,268,284,294,294,294,294,294],"floor_reached":41,"campfire_rested":0,"playtime":2188,"current_hp_per_floor":[63,63,63,63,63,59,59,59,69,69,45,45,44,44,44,43,71,68,68,59,59,59,59,59,44,44,49,43,43,43,39,39,43,71,48,48,48,48,48,17],"items_purged":["Defend_G"],"gold":294,"score":1118,"play_id":"6bdb5a21-92d6-41b8-99dd-95ecc30f622d","local_time":"20180401070030","is_prod":false,"is_daily":false,"is_ascension_mode":true,"campfire_upgraded":5,"timestamp":1522533630,"path_taken":["M","?","?","M","?","E","R","?","T","M","E","$","E","M","R","BOSS","M","?","M","?","?","R","?","M","T","E","M","R","E","M","R","BOSS","M","M","?","?","?","BOSS"],"build_version":"2018-03-29v2","purchased_purges":1,"victory":true,"master_deck":["Defend_G","Defend_G","Defend_G","Survivor","Neutralize+1","AscendersBane","Dagger Spray+1","Dash","Dash","Finesse","Well Laid Plans+1","Calculated Gamble+1","PiercingWail","After Image","Noxious Fumes+1","Catalyst+1","Underhanded Strike+1","Acrobatics","Bouncing Flask+1","Footwork+1","Bullet Time+1","After Image","Escape Plan"],"max_hp_per_floor":[70,70,70,70,70,70,70,70,80,80,80,80,80,80,80,80,80,80,80,80,80,80,80,80,80,80,80,80,80,80,80,80,80,80,80,80,80,80,80,80],"relics":["Ring of the Snake","Lantern","Pear","Snake Skull","Oddly Smooth Stone","Astrolabe","Bag of Preparation","Whetstone","Ancient Tea Set","The Specimen"],"card_choices":[{"not_picked":["Accuracy","Underhanded Strike"],"picked":"Dagger Spray","floor":1},{"not_picked":["Skewer","Expertise"],"picked":"Dash","floor":4},{"not_picked":["Flechettes","Sucker Punch"],"picked":"Dash","floor":6},{"not_picked":["Prepared","Terror"],"picked":"Calculated Gamble","floor":13},{"not_picked":["Well Laid Plans","Heel Hook"],"picked":"PiercingWail","floor":14},{"not_picked":["Corpse Explosion","Grand Finale"],"picked":"After Image","floor":16},{"not_picked":["Underhanded Strike","Prepared"],"picked":"Bouncing Flask","floor":20},{"not_picked":["Dagger Throw","Bouncing Flask"],"picked":"Bullet Time","floor":30},{"not_picked":["Bullet Time","Glass Knife"],"picked":"After Image","floor":33},{"not_picked":["Catalyst","Slice"],"picked":"Escape Plan","floor":35}],"player_experience":389805,"potions_floor_usage":[6,16,27,27,27,33,33,40],"damage_taken":[{"damage":0,"enemies":"Jaw Worm","floor":1,"turns":5},{"damage":0,"enemies":"Cultist","floor":4,"turns":3},{"damage":4,"enemies":"3 Sentries","floor":6,"turns":6},{"damage":0,"enemies":"2 Louse","floor":10,"turns":1},{"damage":24,"enemies":"Lagavulin","floor":11,"turns":9},{"damage":1,"enemies":"3 Sentries","floor":13,"turns":4},{"damage":0,"enemies":"2 Fungi Beasts","floor":14,"turns":1},{"damage":1,"enemies":"The Guardian","floor":16,"turns":14},{"damage":3,"enemies":"Chosen","floor":18,"turns":5},{"damage":9,"enemies":"Shell Parasite","floor":20,"turns":4},{"damage":15,"enemies":"Snake Plant","floor":25,"turns":6},{"damage":7,"enemies":"Slavers","floor":27,"turns":5},{"damage":6,"enemies":"Chosen and Byrds","floor":28,"turns":5},{"damage":0,"enemies":"Book of Stabbing","floor":30,"turns":5},{"damage":4,"enemies":"Centurion and Healer","floor":31,"turns":5},{"damage":8,"enemies":"Automaton","floor":33,"turns":6},{"damage":23,"enemies":"Orb Walker","floor":35,"turns":5},{"damage":0,"enemies":"3 Shapes","floor":36,"turns":3},{"damage":31,"enemies":"Time Eater","floor":40,"turns":14}],"event_choices":[{"event_name":"Bonfire Elementals","player_choice":"BASIC","floor":2,"damage_taken":0},{"event_name":"Golden Shrine","player_choice":"Pray","floor":3,"damage_taken":0},{"event_name":"The Cleric","player_choice":"Card Removal","floor":5,"damage_taken":0},{"event_name":"The Library","player_choice":"Read","floor":19,"damage_taken":0},{"event_name":"Upgrade Shrine","player_choice":"Upgraded","floor":22,"damage_taken":0},{"event_name":"Beggar","player_choice":"Ignored","floor":24,"damage_taken":0},{"event_name":"The Woman in Blue","player_choice":"Bought 0 Potions","floor":37,"damage_taken":0},{"event_name":"SecretPortal","player_choice":"Took Portal.","floor":39,"damage_taken":0}],"boss_relics":[{"not_picked":["Runic Pyramid","Orrery"],"picked":"Astrolabe"},{"not_picked":["Philosopher\u0027s Stone","Snecko Eye"],"picked":"The Specimen"}],"potions_floor_spawned":[4,10,11,14,18,25,27,30,36],"seed_played":"3656097253659515013","ascension_level":13,"is_trial":false}