{"path_per_floor":["M","?","$","?","M","E","R","$","T","?","R","E","?","M","R","B",null,"M","?","?","?","M","R","M","?","T","M","R","M","R","$","R","B",null,"M","M","$","?","?","R","M","M","T","R","$","M","M"],"character_chosen":"IRONCLAD","items_purchased":["Searing Blow","Double Tap","Champion Belt"],"gold_per_floor":[109,109,35,35,46,73,73,73,73,99,99,125,125,145,145,248,248,260,260,260,260,274,274,287,287,313,325,325,345,345,109,109,206,206,219,230,130,130,130,130,150,169,469,469,41,57,70],"floor_reached":48,"campfire_rested":0,"playtime":1644,"current_hp_per_floor":[80,80,80,64,70,76,76,76,76,62,62,50,50,54,54,20,80,72,72,72,72,48,48,38,64,64,70,70,64,64,64,64,42,82,84,73,73,62,86,86,70,39,39,39,39,20,20],"items_purged":["Strike_R","Wild Strike","Wild Strike"],"gold":70,"score":438,"play_id":"bc53ee9b-7e51-4de9-9805-2537789cb7d6","is_prod":false,"is_daily":false,"is_ascension_mode":false,"campfire_upgraded":9,"path_taken":["M","?","$","?","M","E","R","?","T","?","R","E","?","M","R","BOSS","M","?","?","?","M","R","?","?","T","M","R","M","R","?","R","BOSS","M","M","$","?","?","R","M","M","T","R","$","M","M","M"],"build_version":"2018-02-15-PROD1","purchased_purges":3,"victory":false,"master_deck":["Bash+1","Inflame","Searing Blow+10","Offering","Shockwave","Whirlwind","Berserk","Inflame","Headbutt","Shrug It Off","Double Tap","Exhume","Evolve","Body Slam","True Grit","Body Slam","Battle Trance","Headbutt","Madness","Madness","Seeing Red+1"],"max_hp_per_floor":[80,80,80,80,80,80,80,80,80,80,80,80,80,80,80,80,80,80,80,80,80,80,80,80,80,80,80,80,82,82,82,82,82,82,84,86,86,86,86,86,88,88,88,88,88,90,92],"relics":["Burning Blood","NeowsBlessing","Peace Pipe","Bird Faced Urn","Odd Mushroom","Omamori","Pen Nib","Runic Cube","Regal Pillow","Singing Bowl","Pandora\u0027s Box","Old Coin","Champion Belt"],"card_choices":[{"not_picked":["Armaments","True Grit"],"picked":"Inflame"},{"not_picked":["Hemokinesis","Shrug It Off"],"picked":"Offering"},{"not_picked":["Twin Strike","Body Slam"],"picked":"Shockwave"},{"not_picked":["Uppercut","Clash"],"picked":"Whirlwind"},{"not_picked":["Dark Embrace","Juggernaut"],"picked":"Berserk"},{"not_picked":["Fire Breathing","Burning Pact"],"picked":"Inflame"},{"not_picked":["Pommel Strike","Shrug It Off"],"picked":"Headbutt"},{"not_picked":["Feel No Pain","Sever Soul"],"picked":"Shrug It Off"},{"not_picked":["Juggernaut","Brutality"],"picked":"Exhume"},{"not_picked":["Entrench","Inflame"],"picked":"Seeing Red"}],"player_experience":185849,"potions_floor_usage":[],"damage_taken":[{"damage":0.0,"enemies":"Jaw Worm","floor":1.0,"turns":1.0},{"damage":0.0,"enemies":"2 Louse","floor":5.0,"turns":1.0},{"damage":0.0,"enemies":"Lagavulin","floor":6.0,"turns":1.0},{"damage":22.0,"enemies":"The Mushroom Lair","floor":10.0,"turns":3.0},{"damage":20.0,"enemies":"Gremlin Nob","floor":12.0,"turns":3.0},{"damage":4.0,"enemies":"Cultist","floor":14.0,"turns":2.0},{"damage":42.0,"enemies":"Hexaghost","floor":16.0,"turns":7.0},{"damage":16.0,"enemies":"Shell Parasite","floor":18.0,"turns":3.0},{"damage":32.0,"enemies":"Chosen","floor":22.0,"turns":3.0},{"damage":28.0,"enemies":"Snake Plant","floor":24.0,"turns":3.0},{"damage":0.0,"enemies":"Snecko","floor":27.0,"turns":2.0},{"damage":20.0,"enemies":"Sentry and Sphere","floor":29.0,"turns":4.0},{"damage":34.0,"enemies":"Champ","floor":33.0,"turns":4.0},{"damage":8.0,"enemies":"Orb Walker","floor":35.0,"turns":2.0},{"damage":25.0,"enemies":"3 Shapes","floor":36.0,"turns":4.0},{"damage":28.0,"enemies":"Sphere and 2 Shapes","floor":41.0,"turns":4.0},{"damage":41.0,"enemies":"3 Darklings","floor":42.0,"turns":3.0},{"damage":47.0,"enemies":"4 Shapes","floor":46.0,"turns":8.0},{"damage":16.0,"enemies":"Maw","floor":47.0,"turns":4.0},{"damage":22,"enemies":"3 Darklings","floor":48,"turns":3}],"event_choices":[{"event_name":"The Cleric","player_choice":"Leave","floor":2.0,"damage_taken":0.0},{"event_name":"Shining Light","player_choice":"Entered Light","floor":4.0,"damage_taken":0.0},{"event_name":"Mushrooms","player_choice":"Fought Mushrooms","floor":10.0,"damage_taken":0.0},{"event_name":"Big Fish","player_choice":"Box","floor":13.0,"damage_taken":0.0},{"event_name":"The Mausoleum","player_choice":"Yes","floor":19.0,"damage_taken":0.0},{"event_name":"Upgrade Shrine","player_choice":"Upgraded","floor":20.0,"damage_taken":0.0},{"event_name":"Vampires","player_choice":"Ignored","floor":21.0,"damage_taken":0.0},{"event_name":"The Library","player_choice":"Heal","floor":25.0,"damage_taken":0.0},{"event_name":"Winding Halls","player_choice":"Embrace Madness","floor":38.0,"damage_taken":0.0},{"event_name":"Wheel of Change","player_choice":"Full Heal","floor":39.0,"damage_taken":0.0}],"boss_relics":[],"potions_floor_spawned":[10,12,22,27,29,41,46],"seed_played":"3971651475928041154","killed_by":"3 Darklings","ascension_level":0,"is_trial":false}