{"gold_per_floor":[110,124,137,8,8,37,56,56,111,124,124,134,134,161,161,263,263,279,279,181,201,201,231,244,264,335,8,8],"floor_reached":28,"playtime":4490,"items_purged":[],"score":250,"play_id":"9f6ff6fe-70d9-423a-b16d-8804f4d1d4fe","local_time":"20190304183147","is_ascension_mode":false,"campfire_choices":[{"floor":11,"key":"REST"},{"data":"Dagger Spray","floor":13,"key":"SMITH"},{"floor":15,"key":"REST"}],"neow_cost":"NONE","seed_source_timestamp":3535114989861,"circlet_count":0,"master_deck":["Defend_G","Defend_G","Defend_G","Strike_G","Strike_G","Strike_G","Strike_G","Strike_G","Survivor","Neutralize","Prepared","Underhanded Strike","Dagger Spray+1","Flying Knee","Escape Plan","Backstab","Backflip+1","Adrenaline+1","Deflect+1","Distraction+1","Adrenaline+1","Dagger Throw","Enlightenment+1","Sucker Punch+1","Iron Wave","Infinite Blades+1","Outmaneuver+1","Poisoned Stab+1","Deadly Poison+1","Secret Weapon+1","Blur+1","Well Laid Plans"],"relics":["Ring of the Snake","Toxic Egg 2","Ancient Tea Set","Strawberry","Black Star","Bag of Marbles","Pen Nib","Darkstone Periapt"],"potions_floor_usage":[14,23,25,25,28],"damage_taken":[{"damage":9,"enemies":"Jaw Worm","floor":1,"turns":4},{"damage":0,"enemies":"2 Louse","floor":2,"turns":4},{"damage":10,"enemies":"Small Slimes","floor":3,"turns":3},{"damage":26,"enemies":"3 Sentries","floor":6,"turns":7},{"damage":0,"enemies":"Exordium Wildlife","floor":7,"turns":3},{"damage":0,"enemies":"Gremlin Gang","floor":10,"turns":2},{"damage":2,"enemies":"Looter","floor":12,"turns":2},{"damage":9,"enemies":"Lagavulin","floor":14,"turns":7},{"damage":67,"enemies":"Hexaghost","floor":16,"turns":15},{"damage":21,"enemies":"Spheric Guardian","floor":18,"turns":5},{"damage":10,"enemies":"Shell Parasite","floor":21,"turns":6},{"damage":25,"enemies":"Book of Stabbing","floor":23,"turns":6},{"damage":22,"enemies":"Sentry and Sphere","floor":24,"turns":6},{"damage":5,"enemies":"3 Cultists","floor":25,"turns":4},{"damage":15,"enemies":"Cultist and Chosen","floor":28,"turns":4}],"seed_played":"-916945287418125114","potions_obtained":[{"floor":3,"key":"GamblersBrew"},{"floor":10,"key":"Explosive Potion"},{"floor":12,"key":"Swift Potion"},{"floor":16,"key":"Energy Potion"},{"floor":18,"key":"AttackPotion"},{"floor":24,"key":"Strength Potion"}],"is_trial":false,"path_per_floor":["?","?","?","M","?"],"character_chosen":"THE_SILENT","items_purchased":["Flying Knee","Flash of Steel","Enlightenment+1","Deadly Poison+1","Secret Weapon+1","Blur+1","Well Laid Plans"],"campfire_rested":2,"item_purchase_floors":[4,4,20,27,27,27,27],"current_hp_per_floor":[68,68,58,58,58,32,32,57,57,57,77,75,75,73,84,17,84,63,63,63,53,53,28,6,1,1,1,0],"gold":8,"neow_bonus":"TEN_PERCENT_HP_BONUS","is_prod":false,"is_daily":false,"chose_seed":false,"campfire_upgraded":1,"win_rate":0.0,"timestamp":1551720707,"path_taken":["M","M","M","$","?","E","M","?","T","M","R","M","R","E","R","BOSS","M","?","$","?","?","E","M","M","T","$","M"],"build_version":"2019-01-23","purchased_purges":0,"victory":false,"max_hp_per_floor":[77,77,77,77,77,77,77,77,77,77,77,77,77,84,84,84,84,84,84,84,84,84,84,84,84,84,84,84],"card_choices":[{"not_picked":["Dagger Spray","Dagger Throw"],"picked":"Prepared","floor":1},{"not_picked":["Dagger Throw","Choke"],"picked":"Underhanded Strike","floor":2},{"not_picked":["Skewer","Caltrops"],"picked":"Dagger Spray","floor":3},{"not_picked":["Dash","Eviscerate"],"picked":"Backstab","floor":6},{"not_picked":["Flying Knee","Footwork"],"picked":"Backflip+1","floor":7},{"not_picked":["Dagger Throw","Flying Knee"],"picked":"Adrenaline+1","floor":10},{"not_picked":["Underhanded Strike","Calculated Gamble+1"],"picked":"Deflect+1","floor":12},{"not_picked":["Well Laid Plans","Escape Plan+1"],"picked":"Distraction+1","floor":14},{"not_picked":["Tools of the Trade","Die Die Die"],"picked":"Adrenaline+1","floor":16},{"not_picked":["Poisoned Stab","Sucker Punch"],"picked":"Dagger Throw","floor":18},{"not_picked":["Dagger Spray","Choke"],"picked":"Sucker Punch+1","floor":21},{"not_picked":["Die Die Die","Slice"],"picked":"Infinite Blades+1","floor":23},{"not_picked":["Quick Slash","Blade Dance+1"],"picked":"Outmaneuver+1","floor":24},{"not_picked":["Prepared+1","Leg Sweep+1"],"picked":"Poisoned Stab+1","floor":25}],"player_experience":2170,"relics_obtained":[{"floor":6,"key":"Toxic Egg 2"},{"floor":9,"key":"Ancient Tea Set"},{"floor":14,"key":"Strawberry"},{"floor":23,"key":"Bag of Marbles"},{"floor":23,"key":"Pen Nib"},{"floor":26,"key":"Darkstone Periapt"}],"event_choices":[{"damage_healed":0,"gold_gain":0,"cards_transformed":["Defend_G"],"player_choice":"Change","damage_taken":0,"max_hp_gain":0,"max_hp_loss":0,"event_name":"Living Wall","floor":5,"gold_loss":0,"cards_obtained":["Escape Plan"]},{"damage_healed":25,"gold_gain":0,"player_choice":"Banana","damage_taken":0,"max_hp_gain":0,"max_hp_loss":0,"event_name":"Big Fish","floor":8,"gold_loss":0},{"cards_removed":["Defend_G"],"damage_healed":0,"gold_gain":0,"player_choice":"Offered Basic","damage_taken":0,"max_hp_gain":0,"max_hp_loss":0,"event_name":"Bonfire Elementals","floor":19,"gold_loss":0},{"cards_removed":["Flash of Steel"],"damage_healed":0,"gold_gain":0,"player_choice":"Took Card","damage_taken":0,"max_hp_gain":0,"max_hp_loss":0,"event_name":"NoteForYourself","floor":22,"gold_loss":0,"cards_obtained":["Iron Wave"]}],"is_beta":false,"boss_relics":[{"not_picked":["Snecko Eye","Empty Cage"],"picked":"Black Star"}],"items_purged_floors":[],"is_endless":false,"potions_floor_spawned":[3,10,12,16,18,24],"killed_by":"Cultist and Chosen","ascension_level":0}