{"gold_per_floor":[111,131,146,156,156,196,214,253,323,354,23,23],"floor_reached":12,"playtime":447,"items_purged":["Strike_R"],"score":195,"play_id":"e17cc984-ed1a-47ea-8259-01844d3b5b27","local_time":"20190227042847","is_ascension_mode":true,"campfire_choices":[],"neow_cost":"NONE","seed_source_timestamp":280615989302052,"circlet_count":0,"master_deck":["AscendersBane","Strike_R","Strike_R","Strike_R","Defend_R","Defend_R","Defend_R","Defend_R","Bash","Carnage","Spot Weakness","Twin Strike","Anger","Uppercut","True Grit","Feel No Pain"],"special_seed":0,"relics":["Burning Blood","Golden Idol","Pantograph","Letter Opener","Shuriken","Calipers","Membership Card"],"potions_floor_usage":[12],"damage_taken":[{"damage":2.0,"enemies":"2 Louse","floor":1.0,"turns":5.0},{"damage":7.0,"enemies":"Jaw Worm","floor":2.0,"turns":2.0},{"damage":8.0,"enemies":"Small Slimes","floor":3.0,"turns":4.0},{"damage":7.0,"enemies":"Looter","floor":4.0,"turns":4.0},{"damage":25.0,"enemies":"Lagavulin","floor":6.0,"turns":5.0},{"damage":10.0,"enemies":"2 Fungi Beasts","floor":7.0,"turns":3.0},{"damage":1.0,"enemies":"Gremlin Nob","floor":8.0,"turns":3.0},{"damage":48.0,"enemies":"Lagavulin","floor":10.0,"turns":7.0},{"damage":2,"enemies":"3 Sentries","floor":12,"turns":2}],"seed_played":"-4138411712491111364","potions_obtained":[{"floor":1.0,"key":"SneckoOil"},{"floor":4.0,"key":"Swift Potion"},{"floor":6.0,"key":"AttackPotion"}],"is_trial":false,"path_per_floor":["M","M","M","M","?","E","M","E","T","E","$","E"],"character_chosen":"IRONCLAD","items_purchased":["Membership Card","Feel No Pain","PowerPotion","Explosive Potion"],"campfire_rested":0,"item_purchase_floors":[11,11,11,11],"current_hp_per_floor":[72,71,69,68,68,49,45,50,50,8,8,6],"gold":23,"neow_bonus":"REMOVE_CARD","is_prod":false,"is_daily":false,"chose_seed":false,"campfire_upgraded":0,"win_rate":0,"timestamp":1551259727,"path_taken":["M","M","M","M","?","E","M","E","T","E","$","E"],"build_version":"2019-01-23","purchased_purges":1,"victory":false,"max_hp_per_floor":[75,75,75,75,68,68,68,68,68,68,68,68],"card_choices":[{"not_picked":["Shockwave","Clash"],"picked":"Carnage","floor":1.0},{"not_picked":["Clothesline","Dual Wield"],"picked":"Spot Weakness","floor":2.0},{"not_picked":["Flex","Body Slam"],"picked":"Twin Strike","floor":3.0},{"not_picked":["Second Wind","Warcry"],"picked":"Anger","floor":4.0},{"not_picked":["Pommel Strike","Inflame"],"picked":"Uppercut","floor":6.0},{"not_picked":["Ghostly Armor","Twin Strike"],"picked":"True Grit","floor":7.0},{"not_picked":["Flex","Sentinel","Berserk"],"picked":"SKIP","floor":8.0},{"not_picked":["Sword Boomerang","Body Slam","Warcry"],"picked":"SKIP","floor":10.0}],"player_experience":589184,"relics_obtained":[{"floor":6.0,"key":"Pantograph"},{"floor":8.0,"key":"Letter Opener"},{"floor":9.0,"key":"Shuriken"},{"floor":10.0,"key":"Calipers"}],"event_choices":[{"damage_healed":0.0,"max_hp_gain":0.0,"max_hp_loss":7.0,"gold_gain":0.0,"event_name":"Golden Idol","player_choice":"Lose Max HP","floor":5.0,"gold_loss":0.0,"damage_taken":0.0,"relics_obtained":["Golden Idol"]}],"is_beta":false,"boss_relics":[],"items_purged_floors":[11],"is_endless":false,"potions_floor_spawned":[1,4,6,7],"killed_by":"3 Sentries","ascension_level":19}