{"gold_per_floor":[113,113,288,288,59,88,88,114,114,127,127,137,237,35,35,138,138,151,151,178,178,178,178,194,194],"floor_reached":25,"playtime":722,"items_purged":["Strike_B","Strike_B"],"score":395,"play_id":"979fbf82-5faa-447d-9152-5f90b62ffa28","local_time":"20181103191112","is_ascension_mode":true,"campfire_choices":[{"data":"Hologram","floor":7,"key":"SMITH"},{"data":"Streamline","floor":11,"key":"SMITH"},{"data":"Zap","floor":15,"key":"SMITH"},{"data":"Hologram","floor":23,"key":"SMITH"}],"neow_cost":"NONE","seed_source_timestamp":604645162660452,"circlet_count":0,"master_deck":["AscendersBane","Defend_B","Defend_B","Defend_B","Defend_B","Zap+1","Dualcast","Gash","Hologram+1","Reprogram","Streamline+1","Electrodynamics","Hologram+1","Streamline+1"],"relics":["Cracked Core","NeowsBlessing","Emotion Chip","Orichalcum","Whetstone","Pocketwatch","Smiling Mask","Bronze Scales","Empty Cage","Red Mask"],"potions_floor_usage":[20],"damage_taken":[{"damage":0,"enemies":"Small Slimes","floor":1,"turns":1},{"damage":0,"enemies":"Gremlin Nob","floor":6,"turns":1},{"damage":0,"enemies":"Lagavulin","floor":8,"turns":1},{"damage":0,"enemies":"2 Louse","floor":10,"turns":1},{"damage":0,"enemies":"Jaw Worm","floor":12,"turns":4},{"damage":28,"enemies":"Hexaghost","floor":16,"turns":7},{"damage":0,"enemies":"Spheric Guardian","floor":18,"turns":3},{"damage":19,"enemies":"Masked Bandits","floor":20,"turns":3},{"damage":8,"enemies":"Colosseum Slavers","floor":21,"turns":4},{"damage":16,"enemies":"2 Thieves","floor":24,"turns":4},{"damage":22,"enemies":"Snake Plant","floor":25,"turns":2}],"seed_played":"-4833037164465843005","potions_obtained":[{"floor":8,"key":"GamblersBrew"},{"floor":10,"key":"EssenceOfSteel"},{"floor":16,"key":"Block Potion"},{"floor":24,"key":"AttackPotion"}],"is_trial":false,"path_per_floor":["M","?","?","?","$","E","R","E","T","M","R","M","?","$","R","B",null,"M","?","?","?","?","R","M","M"],"character_chosen":"DEFECT","items_purchased":["Orichalcum","Bronze Scales"],"campfire_rested":0,"item_purchase_floors":[5,14],"current_hp_per_floor":[68,56,56,56,56,56,56,56,56,56,56,56,56,56,56,28,63,63,63,44,36,36,36,20,0],"gold":194,"neow_bonus":"THREE_ENEMY_KILL","is_prod":false,"is_daily":false,"chose_seed":false,"campfire_upgraded":4,"win_rate":0,"timestamp":1541297472,"path_taken":["M","?","?","?","?","E","R","E","T","M","R","?","?","?","R","BOSS","M","?","?","?","?","R","M","M"],"build_version":"2018-11-01","purchased_purges":2,"victory":false,"max_hp_per_floor":[75,75,75,75,75,75,75,75,75,75,75,75,75,75,75,75,75,75,75,75,75,75,75,75,75],"card_choices":[{"not_picked":["Barrage","Sweeping Beam"],"picked":"Gash","floor":1},{"not_picked":["Steam","Stack"],"picked":"Hologram","floor":6},{"not_picked":["Ball Lightning","Tempest"],"picked":"Reprogram","floor":8},{"not_picked":["Cold Snap","Barrage"],"picked":"Streamline","floor":10},{"not_picked":["Barrage","Chaos","Force Field"],"picked":"SKIP","floor":12},{"not_picked":["Fission","Biased Cognition"],"picked":"Electrodynamics","floor":16},{"not_picked":["Consume","Redo+1"],"picked":"Hologram","floor":18},{"not_picked":["Redo+1","Steam"],"picked":"Streamline+1","floor":20},{"not_picked":["Cold Snap","Melter","Compile Driver"],"picked":"SKIP","floor":24}],"player_experience":339115,"relics_obtained":[{"floor":6,"key":"Whetstone"},{"floor":8,"key":"Pocketwatch"},{"floor":9,"key":"Smiling Mask"},{"floor":20,"key":"Red Mask"}],"event_choices":[{"damage_healed":0,"gold_gain":0,"player_choice":"Success","damage_taken":12,"relics_obtained":["Emotion Chip"],"max_hp_gain":0,"max_hp_loss":0,"event_name":"Scrap Ooze","floor":2,"gold_loss":0},{"damage_healed":0,"gold_gain":175,"player_choice":"AGREE","damage_taken":0,"max_hp_gain":0,"max_hp_loss":0,"event_name":"Liars Game","floor":3,"gold_loss":0,"cards_obtained":["Doubt"]},{"cards_removed":["Doubt"],"damage_healed":0,"gold_gain":0,"player_choice":"Forget","damage_taken":0,"max_hp_gain":0,"max_hp_loss":0,"event_name":"Living Wall","floor":4,"gold_loss":0},{"damage_healed":0,"gold_gain":100,"player_choice":"Pray","damage_taken":0,"max_hp_gain":0,"max_hp_loss":0,"event_name":"Golden Shrine","floor":13,"gold_loss":0},{"damage_healed":0,"gold_gain":0,"player_choice":"Ignored","damage_taken":0,"max_hp_gain":0,"max_hp_loss":0,"event_name":"Ghosts","floor":19,"gold_loss":0},{"damage_healed":0,"gold_gain":0,"player_choice":"Fought Bandits","damage_taken":0,"max_hp_gain":0,"max_hp_loss":0,"event_name":"Masked Bandits","floor":20,"gold_loss":0},{"damage_healed":0,"gold_gain":0,"player_choice":"Fight","damage_taken":0,"max_hp_gain":0,"max_hp_loss":0,"event_name":"Colosseum","floor":21,"gold_loss":0},{"damage_healed":0,"gold_gain":0,"player_choice":"Fled From Nobs","damage_taken":0,"max_hp_gain":0,"max_hp_loss":0,"event_name":"Colosseum","floor":21,"gold_loss":0},{"damage_healed":0,"gold_gain":0,"player_choice":"Ignored","damage_taken":0,"max_hp_gain":0,"max_hp_loss":0,"event_name":"Vampires","floor":22,"gold_loss":0}],"is_beta":false,"boss_relics":[{"not_picked":["Astrolabe","Inserter"],"picked":"Empty Cage"}],"items_purged_floors":[5,14],"is_endless":false,"potions_floor_spawned":[8,10,16,18,24],"killed_by":"Snake Plant","ascension_level":11}