{"gold_per_floor":[112,124,124,139,158,158,185,185,215,215,215,234,277,301,301,301],"floor_reached":16,"playtime":719,"items_purged":[],"score":171,"play_id":"e8125a1c-71a6-4148-951f-b25721bd293c","local_time":"20180930040357","is_ascension_mode":true,"campfire_choices":[{"data":"Zap","floor":6,"key":"SMITH"},{"data":"Zap","floor":8,"key":"SMITH"},{"floor":10,"key":"REST"},{"data":"Defragment","floor":15,"key":"SMITH"}],"neow_cost":"NONE","seed_source_timestamp":562391849061275,"circlet_count":0,"master_deck":["Strike_B","Strike_B","Strike_B","Strike_B","Defend_B","Defend_B","Defend_B","Defend_B","Zap+1","Dualcast","Genetic Algorithm","Storm","Zap+1","Redo","Tempest","Melter","Conserve Battery","Beam Cell","Leap","Defragment+1"],"relics":["Cracked Core","Pen Nib","Regal Pillow","Tiny Chest","Golden Idol","Sundial"],"potions_floor_usage":[13,13,16,16],"damage_taken":[{"damage":5,"enemies":"Small Slimes","floor":1,"turns":3},{"damage":0,"enemies":"Cultist","floor":2,"turns":3},{"damage":12,"enemies":"2 Louse","floor":4,"turns":3},{"damage":12,"enemies":"2 Fungi Beasts","floor":5,"turns":3},{"damage":35,"enemies":"Lagavulin","floor":7,"turns":5},{"damage":0,"enemies":"3 Louse","floor":12,"turns":2},{"damage":0,"enemies":"Gremlin Nob","floor":13,"turns":2},{"damage":6,"enemies":"Exordium Thugs","floor":14,"turns":4},{"damage":24,"enemies":"Hexaghost","floor":16,"turns":7}],"seed_played":"-8873304708121112925","potions_obtained":[{"floor":2,"key":"Explosive Potion"},{"floor":4,"key":"AttackPotion"},{"floor":7,"key":"Explosive Potion"},{"floor":13,"key":"Explosive Potion"}],"is_trial":false,"path_per_floor":["M","M","?","M","M","R","E","R","T","R","?","M","E","M","R"],"character_chosen":"DEFECT","items_purchased":[],"campfire_rested":1,"item_purchase_floors":[],"current_hp_per_floor":[70,70,70,58,46,46,11,11,11,48,30,30,30,24,24,0],"gold":301,"neow_bonus":"RANDOM_COMMON_RELIC","is_prod":false,"is_daily":false,"chose_seed":false,"campfire_upgraded":3,"win_rate":0,"timestamp":1538305437,"path_taken":["M","M","?","M","M","R","E","R","T","R","?","M","E","M","R","BOSS"],"build_version":"2018-09-27","purchased_purges":0,"victory":false,"max_hp_per_floor":[75,75,75,75,75,75,75,75,75,75,75,75,75,75,75,75],"card_choices":[{"not_picked":["Sweeping Beam","Steam"],"picked":"Genetic Algorithm","floor":1},{"not_picked":["Reprogram","Ball Lightning"],"picked":"Storm","floor":2},{"not_picked":["Beam Cell","Streamline"],"picked":"Tempest","floor":4},{"not_picked":["Recycle","Hologram"],"picked":"Melter","floor":5},{"not_picked":["Skim","Darkness"],"picked":"Conserve Battery","floor":7},{"not_picked":["Ball Lightning","Rainbow"],"picked":"Beam Cell","floor":12},{"not_picked":["Coolheaded","Recycle"],"picked":"Leap","floor":13},{"not_picked":["Blizzard","Rip and Tear"],"picked":"Defragment","floor":14}],"player_experience":204855,"relics_obtained":[{"floor":7,"key":"Regal Pillow"},{"floor":9,"key":"Tiny Chest"},{"floor":13,"key":"Sundial"}],"event_choices":[{"event_name":"Match and Keep!","player_choice":"2 cards matched","floor":3,"damage_taken":0},{"event_name":"Golden Idol","player_choice":"Take Damage","floor":11,"damage_taken":0}],"is_beta":false,"boss_relics":[],"items_purged_floors":[],"is_endless":false,"potions_floor_spawned":[2,4,7,13],"killed_by":"Hexaghost","ascension_level":5}