{"gold_per_floor":[114,114,80,80,95,125,140,140,165,180,180,180,255,270,270,370,370,385,385,363,65,140,170,170,200,250,265,265,280,295,295,295,395,395,410,335,341,173,1172,1202,1202,1202,1202,1217,449,0,30,60,60,60],"floor_reached":51,"playtime":3641,"items_purged":["Regret","Slice","Normality"],"score":942,"play_id":"65b3b47a-85b2-4453-9606-d9410cf03344","local_time":"20181103024753","daily_mods":["SealedDeck","Flight","Careless"],"is_ascension_mode":false,"campfire_choices":[{"data":"Catalyst","floor":8.0,"key":"SMITH"},{"floor":15.0,"key":"REST"},{"floor":24.0,"key":"REST"},{"floor":32.0,"key":"REST"},{"data":"Burst","floor":49,"key":"SMITH"}],"neow_cost":"","seed_source_timestamp":0,"circlet_count":0,"master_deck":["Bouncing Flask","Poisoned Stab","Bane","Quick Slash","PiercingWail","Deflect","Backflip","Poisoned Stab+1","Bouncing Flask+1","Bouncing Flask","Catalyst+1","Backflip","After Image","Venomology+1","Leg Sweep","PiercingWail","Noxious Fumes","Catalyst+1","Crippling Poison","Deflect","Burst+1","Malaise","Noxious Fumes+1","Well Laid Plans","Clumsy","Mayhem","Good Instincts","Malaise","Expertise+1"],"special_seed":17837,"relics":["Ring of the Snake","Singing Bowl","Paper Crane","Potion Belt","Cursed Key","DollysMirror","Sundial","Snake Skull","Dream Catcher","HoveringKite","Tough Bandages","Bottled Tornado","Mercury Hourglass","Turnip","Red Mask","FossilizedHelix","Anchor"],"potions_floor_usage":[35,40,40,48,50,50],"damage_taken":[{"damage":0.0,"enemies":"2 Louse","floor":1.0,"turns":2.0},{"damage":0.0,"enemies":"Jaw Worm","floor":5.0,"turns":3.0},{"damage":21.0,"enemies":"Lagavulin","floor":6.0,"turns":5.0},{"damage":0.0,"enemies":"Cultist","floor":7.0,"turns":2.0},{"damage":2.0,"enemies":"Lots of Slimes","floor":10.0,"turns":4.0},{"damage":0.0,"enemies":"3 Louse","floor":14.0,"turns":3.0},{"damage":18.0,"enemies":"Hexaghost","floor":16.0,"turns":5.0},{"damage":16.0,"enemies":"2 Thieves","floor":18.0,"turns":4.0},{"damage":27.0,"enemies":"Gremlin Leader","floor":23.0,"turns":5.0},{"damage":0.0,"enemies":"Book of Stabbing","floor":25.0,"turns":5.0},{"damage":8.0,"enemies":"3 Byrds","floor":27.0,"turns":4.0},{"damage":1.0,"enemies":"Shelled Parasite and Fungi","floor":29.0,"turns":4.0},{"damage":0.0,"enemies":"Snecko","floor":30.0,"turns":2.0},{"damage":18.0,"enemies":"Champ","floor":33.0,"turns":4.0},{"damage":1,"enemies":"Orb Walker","floor":35,"turns":2},{"damage":14,"enemies":"2 Orb Walkers","floor":37,"turns":4},{"damage":0,"enemies":"Nemesis","floor":40,"turns":5},{"damage":0,"enemies":"3 Shapes","floor":44,"turns":3},{"damage":0,"enemies":"Giant Head","floor":47,"turns":4},{"damage":30,"enemies":"Reptomancer","floor":48,"turns":3},{"damage":0,"enemies":"Time Eater","floor":50,"turns":5}],"seed_played":"-6540096800640784622","potions_obtained":[{"floor":1.0,"key":"Explosive Potion"},{"floor":6.0,"key":"Ancient Potion"},{"floor":14.0,"key":"SkillPotion"},{"floor":18.0,"key":"Explosive Potion"},{"floor":23.0,"key":"LiquidBronze"},{"floor":30.0,"key":"Weak Potion"},{"floor":37,"key":"SkillPotion"},{"floor":48,"key":"Energy Potion"}],"is_trial":false,"path_per_floor":["M","?","$","?","M","E","M","R","T","M","?","$","?","M","R","B",null,"M","?","$","$","?","E","R","E","T","M","?","M","M","?","R","B",null,"M","$","?","$","?","E","?","?","T","M","$","?","E","E","R","B",null],"character_chosen":"THE_SILENT","items_purchased":["Bouncing Flask","PiercingWail","Noxious Fumes","DollysMirror","Bane","Well Laid Plans","Mayhem","Turnip","Good Instincts","Malaise"],"campfire_rested":3,"item_purchase_floors":[3,20,21,21,21,38,45,45,45,45],"current_hp_per_floor":[70,63,63,63,65,44,46,46,46,44,29,29,18,18,40,22,74,58,58,58,58,51,26,48,48,48,42,42,43,43,43,67,49,80,79,79,67,67,67,67,67,67,67,69,69,69,69,41,41,56],"gold":60,"neow_bonus":"","is_prod":false,"is_daily":true,"chose_seed":false,"campfire_upgraded":2,"win_rate":0,"timestamp":1541209673,"path_taken":["M","?","$","?","?","E","M","R","T","?","?","$","?","?","R","BOSS","M","?","$","$","?","E","R","E","T","?","?","M","?","?","R","BOSS","M","$","?","$","?","E","?","?","T","?","?","?","E","E","R","BOSS"],"build_version":"2018-11-01v2","purchased_purges":3,"victory":true,"max_hp_per_floor":[70,70,70,70,72,72,74,74,74,74,74,74,74,74,74,74,74,74,74,74,74,74,76,76,76,76,78,78,80,80,80,80,80,80,80,80,82,82,82,82,82,82,82,84,84,84,84,86,86,86],"card_choices":[{"not_picked":["Outmaneuver","Poisoned Stab"],"picked":"Bouncing Flask","floor":1.0},{"not_picked":["Slice","Deadly Poison","Deflect"],"picked":"Singing Bowl","floor":5.0},{"not_picked":["Quick Slash","Adrenaline"],"picked":"Catalyst","floor":6.0},{"not_picked":["Underhanded Strike","Prepared","Sucker Punch"],"picked":"Singing Bowl","floor":7.0},{"not_picked":["Deflect","Blade Dance"],"picked":"Backflip","floor":10.0},{"not_picked":["Endless Agony","Underhanded Strike"],"picked":"After Image","floor":14.0},{"not_picked":["Storm of Steel","Doppelganger"],"picked":"Venomology","floor":16.0},{"not_picked":["Dagger Spray","Dash"],"picked":"Leg Sweep","floor":18.0},{"not_picked":["Cloak And Dagger+1","Flying Knee+1","Dodge and Roll"],"picked":"Singing Bowl","floor":23.0},{"not_picked":["PiercingWail","Setup"],"picked":"Crippling Poison","floor":25.0},{"not_picked":["Riddle With Holes","Dodge and Roll","Quick Slash"],"picked":"Singing Bowl","floor":27.0},{"not_picked":["Eviscerate+1","Quick Slash","Bane"],"picked":"Singing Bowl","floor":29.0},{"not_picked":["Poisoned Stab+1","Underhanded Strike"],"picked":"Deflect","floor":30.0},{"not_picked":["Reflex+1","Bane"],"picked":"Burst","floor":32.0},{"not_picked":["Grand Finale","Glass Knife"],"picked":"Malaise","floor":33.0},{"not_picked":["Deadly Poison","Calculated Gamble"],"picked":"Noxious Fumes+1","floor":35},{"not_picked":["Sucker Punch+1","Prepared+1","Outmaneuver+1"],"picked":"Singing Bowl","floor":37},{"not_picked":["Deflect+1","All Out Attack","Infinite Blades+1"],"picked":"SKIP","floor":40},{"not_picked":["Dodge and Roll","Infinite Blades","Leg Sweep"],"picked":"Singing Bowl","floor":44},{"not_picked":["Flechettes","Terror"],"picked":"Expertise+1","floor":47},{"not_picked":["Concentrate+1","Backflip","Predator+1"],"picked":"Singing Bowl","floor":48}],"player_experience":215891,"relics_obtained":[{"floor":6.0,"key":"Paper Crane"},{"floor":9.0,"key":"Potion Belt"},{"floor":23.0,"key":"Sundial"},{"floor":25.0,"key":"Snake Skull"},{"floor":26.0,"key":"Dream Catcher"},{"floor":37,"key":"Tough Bandages"},{"floor":40,"key":"Bottled Tornado"},{"floor":43,"key":"Mercury Hourglass"},{"floor":47,"key":"FossilizedHelix"},{"floor":48,"key":"Anchor"}],"event_choices":[{"cards_removed":["Deadly Poison"],"damage_healed":0.0,"max_hp_gain":0.0,"max_hp_loss":0.0,"gold_gain":0.0,"event_name":"Golden Wing","player_choice":"Card Removal","floor":2.0,"gold_loss":0.0,"damage_taken":7.0},{"damage_healed":0.0,"max_hp_gain":0.0,"max_hp_loss":0.0,"gold_gain":0.0,"event_name":"WeMeetAgain","player_choice":"Gave Potion","floor":4.0,"gold_loss":0.0,"damage_taken":0.0,"relics_obtained":["Singing Bowl"]},{"damage_healed":0.0,"max_hp_gain":0.0,"max_hp_loss":0.0,"gold_gain":0.0,"event_name":"Shining Light","player_choice":"Entered Light","floor":11.0,"gold_loss":0.0,"damage_taken":15.0,"cards_upgraded":["Poisoned Stab","Bouncing Flask"]},{"damage_healed":0.0,"max_hp_gain":0.0,"max_hp_loss":0.0,"gold_gain":75.0,"event_name":"World of Goop","player_choice":"Gather Gold","floor":13.0,"gold_loss":0.0,"damage_taken":11.0},{"damage_healed":0.0,"max_hp_gain":0.0,"max_hp_loss":0.0,"gold_gain":0.0,"event_name":"Beggar","player_choice":"Ignored","floor":19.0,"gold_loss":0.0,"damage_taken":0.0},{"damage_healed":0.0,"max_hp_gain":0.0,"max_hp_loss":0.0,"gold_gain":75.0,"event_name":"FaceTrader","player_choice":"Touch","floor":22.0,"gold_loss":0.0,"damage_taken":7.0},{"damage_healed":0.0,"max_hp_gain":0.0,"max_hp_loss":0.0,"gold_gain":0.0,"event_name":"Upgrade Shrine","player_choice":"Upgraded","floor":28.0,"gold_loss":0.0,"damage_taken":0.0,"cards_upgraded":["Venomology"]},{"damage_healed":0.0,"max_hp_gain":0.0,"max_hp_loss":0.0,"gold_gain":0.0,"cards_transformed":["Doubt","Poisoned Stab"],"event_name":"Drug Dealer","player_choice":"Became Test Subject","floor":31.0,"gold_loss":0.0,"damage_taken":0.0,"cards_obtained":["Regret","Slice"]},{"damage_healed":0,"gold_gain":0,"player_choice":"Fight","damage_taken":0,"max_hp_gain":0,"max_hp_loss":0,"event_name":"Mysterious Sphere","floor":37,"gold_loss":0},{"damage_healed":0,"gold_gain":999,"player_choice":"Gold","damage_taken":0,"max_hp_gain":0,"max_hp_loss":0,"event_name":"MindBloom","floor":39,"gold_loss":0,"cards_obtained":["Normality","Normality"]},{"cards_removed":["Bane"],"damage_healed":0,"gold_gain":0,"player_choice":"Removed Attack","damage_taken":0,"max_hp_gain":0,"max_hp_loss":0,"event_name":"Falling","floor":41,"gold_loss":0},{"cards_removed":["Normality"],"damage_healed":0,"gold_gain":0,"player_choice":"Purged","damage_taken":0,"max_hp_gain":0,"max_hp_loss":0,"event_name":"Purifier","floor":42,"gold_loss":0},{"damage_healed":0,"gold_gain":0,"player_choice":"Paid","damage_taken":0,"relics_obtained":["Red Mask"],"max_hp_gain":0,"max_hp_loss":0,"event_name":"Tomb of Lord Red Mask","floor":46,"gold_loss":449}],"is_beta":true,"boss_relics":[{"not_picked":["Runic Dome","Black Star"],"picked":"Cursed Key"},{"not_picked":["Calling Bell","Empty Cage"],"picked":"HoveringKite"}],"items_purged_floors":[36,38,45],"is_endless":false,"potions_floor_spawned":[1,6,14,18,23,30,37,48],"ascension_level":0}