{"gold_per_floor":[110,110,124,137,151,151,166,166,191,266,295,295,310,156,156,156],"floor_reached":16,"playtime":680,"items_purged":["Strike_R"],"score":173,"play_id":"d9211d56-94c9-4c75-9ccf-2229c4f1609a","local_time":"20181117183702","is_ascension_mode":true,"campfire_choices":[{"data":"Body Slam","floor":6,"key":"SMITH"},{"data":"Entrench","floor":8,"key":"SMITH"},{"data":"Bash","floor":12,"key":"SMITH"},{"data":"Battle Trance","floor":15,"key":"SMITH"}],"neow_cost":"NONE","seed_source_timestamp":204371924426635,"circlet_count":0,"master_deck":["AscendersBane","Strike_R","Strike_R","Defend_R","Defend_R","Defend_R+1","Defend_R+1","Bash+1","Entrench+1","Headbutt","Warcry","Body Slam+1","Feel No Pain","Shockwave","Battle Trance+1"],"relics":["Burning Blood","Strawberry","War Paint"],"potions_floor_usage":[7,13,16],"damage_taken":[{"damage":10,"enemies":"Small Slimes","floor":1,"turns":4},{"damage":1,"enemies":"Cultist","floor":3,"turns":3},{"damage":2,"enemies":"Jaw Worm","floor":4,"turns":4},{"damage":17,"enemies":"Blue Slaver","floor":5,"turns":5},{"damage":5,"enemies":"Gremlin Gang","floor":7,"turns":3},{"damage":34,"enemies":"3 Sentries","floor":11,"turns":14},{"damage":6,"enemies":"Exordium Thugs","floor":13,"turns":3},{"damage":59,"enemies":"The Guardian","floor":16,"turns":8}],"seed_played":"3521617408357686478","potions_obtained":[{"floor":1,"key":"SkillPotion"},{"floor":3,"key":"Explosive Potion"},{"floor":11,"key":"Explosive Potion"},{"floor":13,"key":"GamblersBrew"}],"is_trial":false,"path_per_floor":["M","?","M","M","M","R","M","R","T","?","E","R","M","$","R","B"],"character_chosen":"IRONCLAD","items_purchased":["Battle Trance"],"campfire_rested":0,"item_purchase_floors":[14],"current_hp_per_floor":[64,64,69,73,62,62,63,63,70,59,31,31,31,31,31,0],"gold":156,"neow_bonus":"TRANSFORM_CARD","is_prod":false,"is_daily":false,"chose_seed":false,"campfire_upgraded":4,"win_rate":0,"timestamp":1542497822,"path_taken":["M","?","M","M","?","R","M","R","T","?","E","R","M","$","R","BOSS"],"build_version":"2018-11-15","purchased_purges":1,"victory":false,"max_hp_per_floor":[75,75,75,75,75,75,75,75,82,82,82,82,82,82,82,82],"card_choices":[{"not_picked":["Bloodletting","Iron Wave"],"picked":"Headbutt","floor":1},{"not_picked":["Intimidate","Twin Strike"],"picked":"Warcry","floor":3},{"not_picked":["Thunderclap","Combust"],"picked":"Body Slam","floor":4},{"not_picked":["Clash","Corruption"],"picked":"Feel No Pain","floor":5},{"not_picked":["Pommel Strike","Flex","Heavy Blade"],"picked":"SKIP","floor":7},{"not_picked":["Wild Strike","Immolate","Sword Boomerang"],"picked":"SKIP","floor":11},{"not_picked":["Hemokinesis","Warcry"],"picked":"Shockwave","floor":13}],"player_experience":391000,"relics_obtained":[{"floor":9,"key":"Strawberry"},{"floor":11,"key":"War Paint"}],"event_choices":[{"cards_removed":["Strike_R"],"damage_healed":0,"gold_gain":0,"player_choice":"Purged","damage_taken":0,"max_hp_gain":0,"max_hp_loss":0,"event_name":"Purifier","floor":2,"gold_loss":0},{"damage_healed":0,"gold_gain":75,"player_choice":"Gather Gold","damage_taken":11,"max_hp_gain":0,"max_hp_loss":0,"event_name":"World of Goop","floor":10,"gold_loss":0}],"is_beta":true,"boss_relics":[],"items_purged_floors":[14],"is_endless":false,"potions_floor_spawned":[1,3,11,13],"killed_by":"The Guardian","ascension_level":14}