{"gold_per_floor":[113,124,124,46,221,221,253,253,279,299,299,317,297,311,311,413,413,433,413,173,185,145,145,174,124,192,204,216,216,230,250,250,346,346,361,361,374,374,387,416,428,460,524,547,559,589,212,212,212,212],"floor_reached":50,"playtime":6779,"items_purged":["Doubt"],"score":571,"play_id":"01a16ba4-4ace-4915-b3a0-d9ff61cc9236","local_time":"20190105023338","is_ascension_mode":false,"campfire_choices":[{"data":"Crippling Poison","floor":6,"key":"SMITH"},{"data":"Dash","floor":8,"key":"SMITH"},{"data":"Leg Sweep","floor":11,"key":"SMITH"},{"floor":15,"key":"REST"},{"floor":23,"key":"REST"},{"floor":29,"key":"REST"},{"floor":32,"key":"REST"},{"floor":41,"key":"REST"},{"floor":49,"key":"REST"}],"neow_cost":"NONE","seed_source_timestamp":0,"circlet_count":0,"master_deck":["Defend_G","Defend_G","Defend_G","Defend_G","Defend_G","Strike_G","Strike_G","Strike_G","Strike_G","Strike_G","Survivor","Neutralize","Trip","Crippling Poison+1","Terror","Dash+1","Doubt","Predator","Leg Sweep+1","Slice","Prepared","Wraith Form v2+1","Dodge and Roll+1","Dagger Throw+1","Distraction","Endless Agony+1","Well Laid Plans","Footwork","Dagger Throw","Prepared+1","Dash","Deflect","Dagger Spray+1","Die Die Die","Clumsy","Parasite","Dash+1","Prepared+1","Caltrops+1","Dagger Spray+1","Parasite","Quick Slash+1","PiercingWail","Finisher"],"special_seed":0,"relics":["Ring of the Snake","Regal Pillow","Pen Nib","Velvet Choker","HandDrill","StoneCalendar","Darkstone Periapt","Calling Bell","WingedGreaves","Sundial","Anchor","Ninja Scroll","MawBank","Bag of Marbles","Ice Cream"],"potions_floor_usage":[27,28,40],"damage_taken":[{"damage":0.0,"enemies":"2 Louse","floor":1.0,"turns":3.0},{"damage":0.0,"enemies":"Jaw Worm","floor":2.0,"turns":5.0},{"damage":15,"enemies":"Lagavulin","floor":7,"turns":8},{"damage":0,"enemies":"Cultist","floor":10,"turns":3},{"damage":11,"enemies":"Lots of Slimes","floor":12,"turns":4},{"damage":0,"enemies":"Looter","floor":14,"turns":3},{"damage":55,"enemies":"Slime Boss","floor":16,"turns":16},{"damage":10,"enemies":"Shell Parasite","floor":18,"turns":7},{"damage":10,"enemies":"2 Thieves","floor":19,"turns":4},{"damage":1,"enemies":"Snecko","floor":21,"turns":6},{"damage":43,"enemies":"Gremlin Leader","floor":24,"turns":11},{"damage":26,"enemies":"Sentry and Sphere","floor":27,"turns":7},{"damage":12,"enemies":"Centurion and Healer","floor":28,"turns":7},{"damage":5,"enemies":"Cultist and Chosen","floor":30,"turns":6},{"damage":0,"enemies":"3 Cultists","floor":31,"turns":6},{"damage":83,"enemies":"Automaton","floor":33,"turns":14},{"damage":18,"enemies":"3 Darklings","floor":35,"turns":4},{"damage":0,"enemies":"Orb Walker","floor":37,"turns":4},{"damage":10,"enemies":"Jaw Worm Horde","floor":39,"turns":3},{"damage":40,"enemies":"Nemesis","floor":40,"turns":7},{"damage":22,"enemies":"Writhing Mass","floor":42,"turns":7},{"damage":5,"enemies":"Transient","floor":44,"turns":5},{"damage":1,"enemies":"Maw","floor":46,"turns":8},{"damage":91,"enemies":"Awakened One","floor":50,"turns":17}],"seed_played":"-8951902890900633780","potions_obtained":[{"floor":1.0,"key":"Weak Potion"},{"floor":2.0,"key":"EssenceOfSteel"},{"floor":13,"key":"FairyPotion"},{"floor":16,"key":"SkillPotion"},{"floor":24,"key":"Regen Potion"},{"floor":27,"key":"Regen Potion"},{"floor":31,"key":"GamblersBrew"},{"floor":33,"key":"Weak Potion"},{"floor":37,"key":"Dexterity Potion"},{"floor":40,"key":"Energy Potion"},{"floor":44,"key":"EssenceOfSteel"}],"is_trial":false,"path_per_floor":["M","M","?","$","?","R","E","R","T","M","R","M","?","M","R","B",null,"M","M","$","M","$","R","E","$","T","M","M","R","M","M","R","B",null,"M","?","M","T","M","E","R","M","T","M","?","M","$","?","R","B"],"character_chosen":"THE_SILENT","items_purchased":["Dash","HandDrill","Distraction","Well Laid Plans","Dagger Throw","Ice Cream"],"campfire_rested":6,"item_purchase_floors":[4,20,20,22,25,47],"current_hp_per_floor":[70,70,70,70,70,70,55,55,55,55,55,44,44,44,70,15,70,60,50,50,49,49,70,27,27,27,16,19,55,50,50,70,6,88,70,70,70,70,60,20,61,45,45,40,40,39,39,39,82,0],"gold":212,"neow_bonus":"RANDOM_COLORLESS","is_prod":false,"is_daily":false,"chose_seed":false,"campfire_upgraded":3,"win_rate":0.0,"timestamp":1546673618,"path_taken":["M","M","?","$","?","R","E","R","T","M","R","M","?","M","R","BOSS","M","?","$","M","$","R","E","?","T","M","M","R","M","M","R","BOSS","M","?","?","?","M","E","R","M","T","M","?","?","$","?","R","BOSS"],"build_version":"2019-01-03v4","purchased_purges":1,"victory":false,"max_hp_per_floor":[70,70,70,70,70,70,70,70,70,70,70,70,70,70,70,70,70,70,70,70,70,70,70,70,70,70,70,70,70,70,70,70,70,88,88,88,88,88,88,88,88,94,94,94,94,94,94,94,94,94],"card_choices":[{"not_picked":["Heel Hook","Blur"],"picked":"Crippling Poison","floor":1.0},{"not_picked":["Reflex","Flying Knee"],"picked":"Terror","floor":2.0},{"not_picked":["Deadly Poison","Escape Plan"],"picked":"Predator","floor":7},{"not_picked":["Dodge and Roll","Deadly Poison"],"picked":"Leg Sweep","floor":10},{"not_picked":["Expertise","Dodge and Roll"],"picked":"Slice","floor":12},{"not_picked":["Quick Slash","Terror"],"picked":"Prepared","floor":14},{"not_picked":["Burst","A Thousand Cuts"],"picked":"Wraith Form v2","floor":16},{"not_picked":["Terror+1","Quick Slash"],"picked":"Dodge and Roll+1","floor":18},{"not_picked":["Blur+1","Flying Knee"],"picked":"Dagger Throw+1","floor":19},{"not_picked":["Calculated Gamble","Leg Sweep"],"picked":"Endless Agony+1","floor":21},{"not_picked":["Endless Agony","Wraith Form v2"],"picked":"Footwork","floor":24},{"not_picked":["Dodge and Roll","Poisoned Stab"],"picked":"Prepared+1","floor":27},{"not_picked":["Predator+1","Flying Knee+1"],"picked":"Dash","floor":28},{"not_picked":["Crippling Poison","Deadly Poison"],"picked":"Deflect","floor":30},{"not_picked":["Deadly Poison","Escape Plan"],"picked":"Dagger Spray+1","floor":31},{"not_picked":["Malaise","Unload"],"picked":"Die Die Die","floor":33},{"not_picked":["Dodge and Roll","Caltrops+1"],"picked":"Dash+1","floor":35},{"not_picked":["Skewer","Outmaneuver"],"picked":"Prepared+1","floor":37},{"not_picked":["Flying Knee","Quick Slash"],"picked":"Caltrops+1","floor":39},{"not_picked":["All Out Attack+1","Flying Knee"],"picked":"Dagger Spray+1","floor":40},{"not_picked":["Acrobatics+1","Terror"],"picked":"Quick Slash+1","floor":42},{"not_picked":["Footwork+1","Underhanded Strike+1"],"picked":"PiercingWail","floor":44},{"not_picked":["Underhanded Strike","Deadly Poison+1"],"picked":"Finisher","floor":46}],"player_experience":7029,"relics_obtained":[{"floor":7,"key":"Regal Pillow"},{"floor":9,"key":"Pen Nib"},{"floor":24,"key":"StoneCalendar"},{"floor":26,"key":"Darkstone Periapt"},{"floor":34,"key":"WingedGreaves"},{"floor":34,"key":"Sundial"},{"floor":34,"key":"Anchor"},{"floor":38,"key":"Ninja Scroll"},{"floor":40,"key":"MawBank"},{"floor":43,"key":"Bag of Marbles"}],"event_choices":[{"damage_healed":0.0,"max_hp_gain":0.0,"max_hp_loss":0.0,"gold_gain":0.0,"event_name":"Golden Wing","player_choice":"Ignored","floor":3.0,"gold_loss":0.0,"damage_taken":0.0},{"damage_healed":0,"gold_gain":175,"player_choice":"AGREE","damage_taken":0,"max_hp_gain":0,"max_hp_loss":0,"event_name":"Liars Game","floor":5,"gold_loss":0,"cards_obtained":["Doubt"]},{"damage_healed":0,"gold_gain":0,"player_choice":"Bought 1 Potion","damage_taken":0,"max_hp_gain":0,"max_hp_loss":0,"event_name":"The Woman in Blue","floor":13,"gold_loss":0},{"damage_healed":0,"gold_gain":0,"player_choice":"Ignored","damage_taken":0,"max_hp_gain":0,"max_hp_loss":0,"event_name":"SecretPortal","floor":36,"gold_loss":0},{"damage_healed":0,"gold_gain":0,"player_choice":"Upgraded","damage_taken":0,"max_hp_gain":0,"max_hp_loss":0,"event_name":"Upgrade Shrine","floor":45,"gold_loss":0,"cards_upgraded":["Wraith Form v2"]},{"damage_healed":0,"gold_gain":0,"player_choice":"Ignored","damage_taken":0,"max_hp_gain":0,"max_hp_loss":0,"event_name":"Tomb of Lord Red Mask","floor":48,"gold_loss":0}],"is_beta":false,"boss_relics":[{"not_picked":["Fusion Hammer","Philosopher\u0027s Stone"],"picked":"Velvet Choker"},{"not_picked":["Astrolabe","Eternal Feather"],"picked":"Calling Bell"}],"items_purged_floors":[47],"is_endless":false,"potions_floor_spawned":[1,2,14,16,21,24,27,31,33,37,40,44],"killed_by":"Awakened One","ascension_level":0}