{"gold_per_floor":[117,133,148,148,80,80,112,132,132,144,144,144,144,196,208,317,329,361,288,317,32,44,44,44],"floor_reached":24,"playtime":1142,"items_purged":[],"score":265,"play_id":"cb537413-2208-4b82-8376-a7cacb45e351","local_time":"20181017010910","is_ascension_mode":true,"campfire_choices":[{"data":"Echo Form","floor":6,"key":"SMITH"},{"data":"Zap","floor":12,"key":"SMITH"},{"floor":15,"key":"REST"},{"data":"Fission","floor":23,"key":"SMITH"}],"neow_cost":"TEN_PERCENT_HP_LOSS","seed_source_timestamp":193958724089594,"circlet_count":0,"master_deck":["Strike_B","Strike_B","Strike_B","Strike_B","Defend_B","Defend_B","Defend_B","Defend_B","Zap+1","Dualcast","BootSequence","Rebound","Conserve Battery","Zap+1","Echo Form+1","Loop","Storm","Coolheaded","Beam Cell","Fission+1","Decay","Injury","Decay","Coolheaded+1","Stack+1","Self Repair","Ball Lightning+1","Cold Snap+1","Conserve Battery"],"relics":["Cracked Core","Du-Vu Doll","Gambling Chip","Bird Faced Urn","MawBank","Calling Bell","Anchor","Letter Opener","Incense Burner","Molten Egg 2","Bronze Scales"],"potions_floor_usage":[10,16,22,24,24],"damage_taken":[{"damage":0,"enemies":"2 Louse","floor":1,"turns":2},{"damage":1,"enemies":"Cultist","floor":2,"turns":3},{"damage":0,"enemies":"Jaw Worm","floor":3,"turns":3},{"damage":41,"enemies":"3 Sentries","floor":7,"turns":9},{"damage":15,"enemies":"Gremlin Gang","floor":8,"turns":5},{"damage":4,"enemies":"Looter","floor":10,"turns":4},{"damage":16,"enemies":"Hexaghost","floor":16,"turns":11},{"damage":38,"enemies":"3 Byrds","floor":18,"turns":4},{"damage":2,"enemies":"Chosen","floor":20,"turns":4},{"damage":12,"enemies":"Snake Plant","floor":22,"turns":4},{"damage":38,"enemies":"Slavers","floor":24,"turns":3}],"seed_played":"4668868735167163573","potions_obtained":[{"floor":1,"key":"Weak Potion"},{"floor":7,"key":"Strength Potion"},{"floor":8,"key":"SpeedPotion"},{"floor":11,"key":"Weak Potion"},{"floor":16,"key":"Ancient Potion"},{"floor":18,"key":"Weak Potion"}],"is_trial":false,"path_per_floor":["M","M","M","?","$","R","E","M","T","M","?","R","?","T","R","B",null,"M","?","M","$","M","R"],"character_chosen":"DEFECT","items_purchased":["Loop","Self Repair","Ball Lightning+1","Cold Snap+1","Bronze Scales"],"campfire_rested":1,"item_purchase_floors":[5,21,21,21,21],"current_hp_per_floor":[68,67,67,67,67,67,26,11,11,13,13,13,13,13,33,23,57,23,23,27,27,26,26,0],"gold":44,"neow_bonus":"ONE_RARE_RELIC","is_prod":false,"is_daily":false,"chose_seed":false,"campfire_upgraded":3,"win_rate":0,"timestamp":1539763750,"path_taken":["M","M","M","?","$","R","E","M","T","M","?","R","?","?","R","BOSS","M","?","M","$","M","R","E"],"build_version":"2018-10-11","purchased_purges":0,"victory":false,"max_hp_per_floor":[68,68,68,68,68,68,68,68,68,68,68,68,68,68,68,68,68,68,68,68,68,68,68,68],"card_choices":[{"not_picked":["Recycle","Force Field"],"picked":"BootSequence","floor":1},{"not_picked":["Steam Power","Compile Driver"],"picked":"Rebound","floor":2},{"not_picked":["Sweeping Beam","Redo"],"picked":"Conserve Battery","floor":3},{"not_picked":["Beam Cell","Stack"],"picked":"Storm","floor":7},{"not_picked":["Steam","Rebound"],"picked":"Coolheaded","floor":8},{"not_picked":["Steam","Double Energy"],"picked":"Beam Cell","floor":10},{"not_picked":["Core Surge","Reboot"],"picked":"Fission","floor":16},{"not_picked":["Stack+1","Auto Shields"],"picked":"Coolheaded+1","floor":18},{"not_picked":["Barrage+1","Rebound+1"],"picked":"Stack+1","floor":20},{"not_picked":["Cold Snap+1","Steam"],"picked":"Conserve Battery","floor":22}],"player_experience":284853,"relics_obtained":[{"floor":7,"key":"Gambling Chip"},{"floor":9,"key":"Bird Faced Urn"},{"floor":14,"key":"MawBank"},{"floor":17,"key":"Anchor"},{"floor":17,"key":"Letter Opener"},{"floor":17,"key":"Incense Burner"}],"event_choices":[{"event_name":"Match and Keep!","player_choice":"2 cards matched","floor":4,"damage_taken":0},{"event_name":"The Lab","player_choice":"Got Potions","floor":11,"damage_taken":0},{"event_name":"Living Wall","player_choice":"Grow","floor":13,"damage_taken":0},{"event_name":"Addict","player_choice":"Obtained Relic","floor":19,"damage_taken":0}],"is_beta":false,"boss_relics":[{"not_picked":["Philosopher\u0027s Stone","Busted Crown"],"picked":"Calling Bell"}],"items_purged_floors":[],"is_endless":false,"potions_floor_spawned":[1,7,8,16,18],"killed_by":"Slavers","ascension_level":7}