{"gold_per_floor":[119,131,146,161,10,37,37,70,116,133,143,143,158,188,188,283,283,297,312,327,341,22,54,54,80,80,80],"floor_reached":27,"playtime":1906,"items_purged":["Strike_G"],"score":427,"play_id":"fcb8e434-3479-4e9e-9501-e33cd0078f7d","local_time":"20190226144208","is_ascension_mode":true,"campfire_choices":[{"data":"Glass Knife","floor":7.0,"key":"SMITH"},{"data":"Calculated Gamble","floor":12.0,"key":"SMITH"},{"data":"Neutralize","floor":15.0,"key":"SMITH"},{"floor":24,"key":"REST"}],"neow_cost":"NONE","seed_source_timestamp":0,"circlet_count":0,"master_deck":["Defend_G","Defend_G","Defend_G","Defend_G","Defend_G","Strike_G","Strike_G","Strike_G","Strike_G","Survivor","Neutralize+1","Deflect","Dodge and Roll","Backflip","Glass Knife+1","Blur","Well Laid Plans","Blur","Slice","Calculated Gamble+1","Poisoned Stab","Terror","Deflect","After Image","Deadly Poison","Blur","Blur","Crippling Poison","Slice"],"special_seed":0,"relics":["Ring of the Snake","Blood Vial","Mercury Hourglass","Happy Flower","Bag of Marbles","Sozu","Gremlin Horn","Tingsha","Letter Opener"],"potions_floor_usage":[],"damage_taken":[{"damage":4.0,"enemies":"Cultist","floor":1.0,"turns":5.0},{"damage":0.0,"enemies":"2 Louse","floor":2.0,"turns":5.0},{"damage":2.0,"enemies":"Jaw Worm","floor":3.0,"turns":7.0},{"damage":13.0,"enemies":"3 Louse","floor":4.0,"turns":6.0},{"damage":22.0,"enemies":"Gremlin Nob","floor":6.0,"turns":6.0},{"damage":12.0,"enemies":"Lagavulin","floor":8.0,"turns":8.0},{"damage":0.0,"enemies":"Large Slime","floor":10.0,"turns":7.0},{"damage":2.0,"enemies":"Looter","floor":11.0,"turns":3.0},{"damage":8.0,"enemies":"Lots of Slimes","floor":13.0,"turns":5.0},{"damage":1.0,"enemies":"3 Sentries","floor":14.0,"turns":8.0},{"damage":8.0,"enemies":"Hexaghost","floor":16.0,"turns":12.0},{"damage":4.0,"enemies":"2 Thieves","floor":18.0,"turns":4.0},{"damage":1.0,"enemies":"3 Byrds","floor":19.0,"turns":4.0},{"damage":9.0,"enemies":"Centurion and Healer","floor":20.0,"turns":9.0},{"damage":0.0,"enemies":"Sentry and Sphere","floor":21.0,"turns":9.0},{"damage":43.0,"enemies":"Slavers","floor":23.0,"turns":11.0},{"damage":18,"enemies":"Book of Stabbing","floor":25,"turns":7},{"damage":26,"enemies":"Slavers","floor":27,"turns":2}],"seed_played":"-32015513328247620","potions_obtained":[{"floor":2.0,"key":"Strength Potion"},{"floor":4.0,"key":"Block Potion"},{"floor":6.0,"key":"Strength Potion"},{"floor":16.0,"key":"Block Potion"}],"is_trial":false,"path_per_floor":["M","M","M","M","$","E","R","E","T","M","M","R","M","E","R","B",null,"M","M","M","M","$","E","R","E","T","E"],"character_chosen":"THE_SILENT","items_purchased":["Blur","Well Laid Plans","Gremlin Horn"],"campfire_rested":1,"item_purchase_floors":[5,5,22],"current_hp_per_floor":[66,66,64,51,51,29,29,19,19,21,21,21,15,16,16,10,60,58,59,52,54,54,13,36,20,20,0],"gold":80,"neow_bonus":"TEN_PERCENT_HP_BONUS","is_prod":false,"is_daily":false,"chose_seed":false,"campfire_upgraded":3,"win_rate":0,"timestamp":1551181328,"path_taken":["M","M","?","M","$","E","R","E","T","M","M","R","M","E","R","BOSS","M","M","M","M","$","E","R","E","T","E"],"build_version":"2019-01-23","purchased_purges":1,"victory":false,"max_hp_per_floor":[77,77,77,77,77,77,77,77,77,77,77,77,77,77,77,77,77,77,77,77,77,77,77,77,77,77,77],"card_choices":[{"not_picked":["Acrobatics","Terror"],"picked":"Deflect","floor":1.0},{"not_picked":["Underhanded Strike","PiercingWail"],"picked":"Dodge and Roll","floor":2.0},{"not_picked":["Acrobatics","Blade Dance"],"picked":"Backflip","floor":3.0},{"not_picked":["Bane","Choke"],"picked":"Glass Knife","floor":4.0},{"not_picked":["Dagger Spray","Dash"],"picked":"Blur","floor":6.0},{"not_picked":["Choke","Skewer"],"picked":"Slice","floor":8.0},{"not_picked":["Bouncing Flask","Blade Dance"],"picked":"Calculated Gamble","floor":10.0},{"not_picked":["Bane","Dagger Spray"],"picked":"Poisoned Stab","floor":11.0},{"not_picked":["Masterful Stab","Setup"],"picked":"Terror","floor":13.0},{"not_picked":["Underhanded Strike","Blade Dance"],"picked":"Deflect","floor":14.0},{"not_picked":["A Thousand Cuts","Die Die Die"],"picked":"After Image","floor":16.0},{"not_picked":["Cloak And Dagger","Dagger Spray+1"],"picked":"Deadly Poison","floor":18.0},{"not_picked":["Setup","Backflip"],"picked":"Blur","floor":19.0},{"not_picked":["Dagger Spray","Prepared+1"],"picked":"Blur","floor":20.0},{"not_picked":["Bane","Quick Slash","Outmaneuver"],"picked":"SKIP","floor":21.0},{"not_picked":["Die Die Die","Reflex"],"picked":"Crippling Poison","floor":23.0},{"not_picked":["Wraith Form v2","Riddle With Holes"],"picked":"Slice","floor":25}],"player_experience":350907,"relics_obtained":[{"floor":6.0,"key":"Blood Vial"},{"floor":8.0,"key":"Mercury Hourglass"},{"floor":9.0,"key":"Happy Flower"},{"floor":14.0,"key":"Bag of Marbles"},{"floor":23.0,"key":"Tingsha"},{"floor":25,"key":"Letter Opener"}],"event_choices":[],"is_beta":false,"boss_relics":[{"not_picked":["WristBlade","Pandora\u0027s Box"],"picked":"Sozu"}],"items_purged_floors":[22],"is_endless":false,"potions_floor_spawned":[2,4,6,16,20,25],"killed_by":"Slavers","ascension_level":9}