{"gold_per_floor":[112,123,133,148,167,167,177,195,195,195,167,179,190,206,206,307,307,307,307,307,307,307,307,307,80,80,80,80,80,80,80,80,80],"floor_reached":33,"playtime":2069,"items_purged":[],"score":255,"play_id":"3c6fdecf-8609-4535-b594-8bcfb1735f8f","local_time":"20180910130202","is_ascension_mode":false,"campfire_choices":[{"data":"Impervious","floor":6,"key":"SMITH"},{"data":"Headbutt","floor":10,"key":"SMITH"},{"floor":15,"key":"REST"},{"floor":23,"key":"REST"},{"floor":32,"key":"REST"}],"neow_cost":"NONE","seed_source_timestamp":313526745984154,"circlet_count":0,"master_deck":["Strike_R+1","Strike_R","Strike_R+1","Strike_R","Strike_R","Defend_R","Defend_R","Defend_R","Defend_R","Bash","Flex","Impervious+1","Headbutt","Headbutt+1","Twin Strike","Flex","Headbutt","Cleave","Anger","Armaments+1","Cleave","Warcry","Seeing Red+1","Warcry","Pommel Strike"],"relics":["Burning Blood","Shuriken","Ectoplasm","Whetstone","Ornamental Fan"],"potions_floor_usage":[5,8,8,13,14,31,31,33,33],"damage_taken":[{"damage":5,"enemies":"Cultist","floor":1,"turns":4},{"damage":6,"enemies":"2 Louse","floor":2,"turns":2},{"damage":5,"enemies":"Jaw Worm","floor":3,"turns":4},{"damage":11,"enemies":"Red Slaver","floor":4,"turns":3},{"damage":19,"enemies":"2 Fungi Beasts","floor":5,"turns":5},{"damage":12,"enemies":"3 Louse","floor":7,"turns":4},{"damage":25,"enemies":"Exordium Thugs","floor":8,"turns":8},{"damage":2,"enemies":"2 Fungi Beasts","floor":12,"turns":4},{"damage":5,"enemies":"Looter","floor":13,"turns":3},{"damage":10,"enemies":"Exordium Wildlife","floor":14,"turns":3},{"damage":18,"enemies":"Slime Boss","floor":16,"turns":7},{"damage":17,"enemies":"Spheric Guardian","floor":18,"turns":4},{"damage":0,"enemies":"Chosen","floor":19,"turns":3},{"damage":32,"enemies":"Centurion and Healer","floor":20,"turns":6},{"damage":20,"enemies":"Sentry and Sphere","floor":21,"turns":4},{"damage":16,"enemies":"3 Cultists","floor":22,"turns":4},{"damage":5,"enemies":"Centurion and Healer","floor":24,"turns":4},{"damage":26,"enemies":"Snake Plant","floor":27,"turns":4},{"damage":11,"enemies":"Chosen and Byrds","floor":29,"turns":5},{"damage":11,"enemies":"3 Cultists","floor":30,"turns":5},{"damage":14,"enemies":"Shelled Parasite and Fungi","floor":31,"turns":5},{"damage":32,"enemies":"Collector","floor":33,"turns":6}],"seed_played":"7593311704510285448","potions_obtained":[{"floor":3,"key":"AttackPotion"},{"floor":5,"key":"SpeedPotion"},{"floor":7,"key":"Dexterity Potion"},{"floor":8,"key":"Regen Potion"},{"floor":12,"key":"Weak Potion"},{"floor":21,"key":"GamblersBrew"},{"floor":22,"key":"Dexterity Potion"},{"floor":30,"key":"Weak Potion"},{"floor":31,"key":"Block Potion"}],"is_trial":false,"path_per_floor":["M","M","M","M","M","R","M","M","T","R","?","M","M","M","R","B",null,"M","M","M","M","M","R","M","$","T","M","?","M","M","M","R"],"character_chosen":"IRONCLAD","items_purchased":["Cleave","Warcry","Whetstone"],"campfire_rested":3,"item_purchase_floors":[25,25,25],"current_hp_per_floor":[88,88,88,83,70,70,64,45,45,45,45,49,59,55,81,69,88,77,83,57,43,33,59,60,60,60,40,40,35,30,22,48,16],"gold":80,"neow_bonus":"TEN_PERCENT_HP_BONUS","is_prod":false,"is_daily":false,"chose_seed":false,"campfire_upgraded":2,"win_rate":0.0,"timestamp":1536598922,"path_taken":["M","M","M","M","M","R","M","?","T","R","?","?","M","M","R","BOSS","M","M","M","M","M","R","M","$","T","M","?","M","M","M","R","BOSS"],"build_version":"2018-09-06","purchased_purges":0,"victory":false,"max_hp_per_floor":[88,88,88,88,88,88,88,88,88,88,88,88,88,88,88,88,88,88,88,88,88,88,88,88,88,88,88,88,88,88,88,88,88],"card_choices":[{"not_picked":["Clothesline","Sentinel","Sword Boomerang"],"picked":"SKIP","floor":1},{"not_picked":["Rampage","Thunderclap","Body Slam"],"picked":"SKIP","floor":2},{"not_picked":["Disarm","Rampage","Ghostly Armor"],"picked":"SKIP","floor":3},{"not_picked":["True Grit","Burning Pact"],"picked":"Flex","floor":4},{"not_picked":["Disarm","Shrug It Off"],"picked":"Impervious","floor":5},{"not_picked":["Sword Boomerang","True Grit"],"picked":"Headbutt","floor":7},{"not_picked":["Iron Wave","Rupture"],"picked":"Headbutt","floor":8},{"not_picked":["Seeing Red","Anger"],"picked":"Twin Strike","floor":12},{"not_picked":["Searing Blow","Thunderclap"],"picked":"Flex","floor":13},{"not_picked":["Flex","Combust"],"picked":"Headbutt","floor":14},{"not_picked":["Dual Wield+1","Thunderclap","Intimidate"],"picked":"SKIP","floor":18},{"not_picked":["Disarm","Dropkick+1","True Grit"],"picked":"SKIP","floor":19},{"not_picked":["Clothesline","True Grit+1"],"picked":"Cleave","floor":20},{"not_picked":["Perfected Strike","Sword Boomerang"],"picked":"Anger","floor":21},{"not_picked":["Iron Wave","True Grit"],"picked":"Armaments+1","floor":22},{"not_picked":["Juggernaut","Sentinel","Wild Strike"],"picked":"SKIP","floor":24},{"not_picked":["Dual Wield+1","Burning Pact"],"picked":"Seeing Red+1","floor":27},{"not_picked":["Havoc","Shockwave"],"picked":"Warcry","floor":29},{"not_picked":["Disarm","Clash+1"],"picked":"Pommel Strike","floor":30},{"not_picked":["Clash","Uppercut+1","Rupture"],"picked":"SKIP","floor":31}],"player_experience":59435,"relics_obtained":[{"floor":9,"key":"Shuriken"},{"floor":26,"key":"Ornamental Fan"}],"event_choices":[{"event_name":"World of Goop","player_choice":"Left","floor":11,"damage_taken":0},{"event_name":"The Mausoleum","player_choice":"No","floor":28,"damage_taken":0}],"is_beta":false,"boss_relics":[{"not_picked":["Fusion Hammer","Runic Pyramid"],"picked":"Ectoplasm"}],"items_purged_floors":[],"is_endless":false,"potions_floor_spawned":[3,5,7,8,12,21,22,30,31],"killed_by":"Collector","ascension_level":0}