{"gold_per_floor":[19,38,38,53,128,162,162,189,258,277,277,277,277,296,296,296],"floor_reached":16,"playtime":657,"items_purged":[],"score":216,"play_id":"3f7df3f2-f549-4050-b033-9deb1ec82119","local_time":"20181220212734","is_ascension_mode":true,"campfire_choices":[{"floor":7.0,"key":"REST"},{"data":"Armaments","floor":11.0,"key":"SMITH"},{"data":"Perfected Strike","floor":15.0,"key":"SMITH"}],"neow_cost":"NO_GOLD","seed_source_timestamp":0,"circlet_count":0,"master_deck":["AscendersBane","Strike_R","Strike_R","Strike_R","Strike_R","Strike_R","Defend_R","Defend_R","Defend_R","Defend_R","Bash","Evolve+1","Wild Strike","Armaments+1","Power Through","Perfected Strike+1"],"special_seed":0,"relics":["Burning Blood","Gambling Chip","Turnip","Ancient Tea Set","Meat on the Bone"],"potions_floor_usage":[],"damage_taken":[{"damage":4.0,"enemies":"Jaw Worm","floor":1.0,"turns":4.0},{"damage":3.0,"enemies":"2 Louse","floor":2.0,"turns":3.0},{"damage":14.0,"enemies":"Small Slimes","floor":4.0,"turns":4.0},{"damage":48.0,"enemies":"Lagavulin","floor":6.0,"turns":10.0},{"damage":30.0,"enemies":"3 Sentries","floor":8.0,"turns":14.0},{"damage":5.0,"enemies":"Exordium Thugs","floor":10.0,"turns":4.0},{"damage":0.0,"enemies":"Gremlin Nob","floor":12.0,"turns":1.0},{"damage":10.0,"enemies":"Red Slaver","floor":14.0,"turns":5.0},{"damage":62,"enemies":"Hexaghost","floor":16,"turns":11}],"seed_played":"-9048412122957007345","potions_obtained":[{"floor":1.0,"key":"Weak Potion"},{"floor":6.0,"key":"SmokeBomb"},{"floor":8.0,"key":"SpeedPotion"}],"is_trial":false,"path_per_floor":["M","M","?","M","?","E","R","E","T","M","R","E","?","M","R","B"],"character_chosen":"IRONCLAD","items_purchased":[],"campfire_rested":1,"item_purchase_floors":[],"current_hp_per_floor":[70,73,78,70,59,17,41,17,17,30,30,48,48,56,56,0],"gold":296,"neow_bonus":"ONE_RARE_RELIC","is_prod":false,"is_daily":false,"chose_seed":false,"campfire_upgraded":2,"win_rate":0,"timestamp":1545308854,"path_taken":["M","M","?","M","?","E","R","E","T","M","R","E","?","M","R","BOSS"],"build_version":"2018-12-13","purchased_purges":0,"victory":false,"max_hp_per_floor":[75,75,80,80,80,80,80,80,80,80,80,80,80,80,80,80],"card_choices":[{"not_picked":["Reckless Charge","Dropkick"],"picked":"Evolve","floor":1.0},{"not_picked":["Pommel Strike","Armaments"],"picked":"Wild Strike","floor":2.0},{"not_picked":["Iron Wave","Wild Strike"],"picked":"Armaments","floor":4.0},{"not_picked":["Headbutt","Sever Soul"],"picked":"Power Through","floor":6.0},{"not_picked":["Limit Break","Juggernaut","Exhume"],"picked":"SKIP","floor":8.0},{"not_picked":["Thunderclap","Infernal Blade","Carnage"],"picked":"SKIP","floor":10.0},{"not_picked":["True Grit","Flame Barrier"],"picked":"Perfected Strike","floor":14.0}],"player_experience":750308,"relics_obtained":[{"floor":6.0,"key":"Turnip"},{"floor":8.0,"key":"Ancient Tea Set"},{"floor":9.0,"key":"Meat on the Bone"}],"event_choices":[{"damage_healed":0.0,"max_hp_gain":5.0,"max_hp_loss":0.0,"gold_gain":0.0,"event_name":"Big Fish","player_choice":"Donut","floor":3.0,"gold_loss":0.0,"damage_taken":0.0},{"damage_healed":0.0,"max_hp_gain":0.0,"max_hp_loss":0.0,"gold_gain":75.0,"event_name":"World of Goop","player_choice":"Gather Gold","floor":5.0,"gold_loss":0.0,"damage_taken":11.0},{"damage_healed":0.0,"max_hp_gain":0.0,"max_hp_loss":0.0,"gold_gain":0.0,"event_name":"Accursed Blacksmith","player_choice":"Forge","floor":13.0,"gold_loss":0.0,"damage_taken":0.0,"cards_upgraded":["Evolve"]}],"is_beta":false,"boss_relics":[],"items_purged_floors":[],"is_endless":false,"potions_floor_spawned":[1,6,8],"killed_by":"Hexaghost","ascension_level":16}