{"gold_per_floor":[109,109,109,127,139,139,164,164,164,164,174,133,159,144],"floor_reached":14,"playtime":312,"items_purged":[],"score":152,"play_id":"25013104-3d6b-4f97-a053-6ad21e9a2d01","local_time":"20180707185453","is_ascension_mode":true,"campfire_choices":[{"data":"Coolheaded","floor":6,"key":"SMITH"},{"data":"Zap","floor":10,"key":"SMITH"}],"neow_cost":"","seed_source_timestamp":1111352283834328,"circlet_count":0,"master_deck":["Strike_B","Strike_B","Defend_B","Defend_B","Defend_B","Defend_B","Zap+1","Dualcast","AscendersBane","Compile Driver","Reinforced Body","Thunder Strike","Coolheaded+1","Ball Lightning","Beam Cell","Go for the Eyes"],"relics":["Cracked Core","Turnip","Darkstone Periapt","Boot"],"potions_floor_usage":[],"damage_taken":[{"damage":8,"enemies":"2 Louse","floor":1,"turns":3},{"damage":0,"enemies":"Cultist","floor":4,"turns":4},{"damage":10,"enemies":"Jaw Worm","floor":5,"turns":3},{"damage":22,"enemies":"3 Sentries","floor":7,"turns":8},{"damage":6,"enemies":"Looter","floor":11,"turns":3},{"damage":17,"enemies":"Gremlin Nob","floor":13,"turns":4},{"damage":6,"enemies":"Exordium Thugs","floor":14,"turns":1}],"seed_played":"-8991224922698629461","potions_obtained":[{"floor":5,"key":"Dexterity Potion"}],"is_trial":false,"path_per_floor":["M","?","?","M","M","R","E","?","T","R","M","?","E"],"character_chosen":"DEFECT","items_purchased":[],"campfire_rested":0,"item_purchase_floors":[],"current_hp_per_floor":[60,60,60,60,50,50,28,28,28,28,22,22,5,0],"gold":144,"neow_bonus":"","is_prod":false,"is_daily":false,"chose_seed":false,"campfire_upgraded":2,"win_rate":0,"timestamp":1530957293,"path_taken":["M","?","?","M","?","R","E","?","T","R","M","?","E","M"],"build_version":"2018-07-05","purchased_purges":0,"victory":false,"max_hp_per_floor":[75,75,75,75,75,75,75,75,75,75,75,75,75,75],"card_choices":[{"not_picked":["Stack","Capacitor"],"picked":"Compile Driver","floor":1},{"not_picked":["Cold Snap","Hologram"],"picked":"Coolheaded","floor":4},{"not_picked":["Compile Driver","Sweeping Beam"],"picked":"Ball Lightning","floor":5},{"not_picked":["Force Field","Steam"],"picked":"Beam Cell","floor":7},{"not_picked":["Genetic Algorithm","Coolheaded"],"picked":"Go for the Eyes","floor":11},{"not_picked":["Fission","Ball Lightning","Sweeping Beam"],"picked":"SKIP","floor":13}],"player_experience":536250,"relics_obtained":[{"floor":7,"key":"Turnip"},{"floor":9,"key":"Darkstone Periapt"},{"floor":13,"key":"Boot"}],"event_choices":[{"event_name":"Transmorgrifier","player_choice":"Transform","floor":2,"damage_taken":0},{"event_name":"Living Wall","player_choice":"Change","floor":3,"damage_taken":0},{"event_name":"Dead Adventurer","player_choice":"Searched \u00271\u0027 times","floor":8,"damage_taken":0},{"event_name":"World of Goop","player_choice":"Left","floor":12,"damage_taken":0}],"boss_relics":[],"items_purged_floors":[],"is_endless":false,"potions_floor_spawned":[5],"killed_by":"Exordium Thugs","ascension_level":11}