{"gold_per_floor":[115,127,48,68,86,86,115,115,115,147,162,180,231,247,247,247],"floor_reached":16,"playtime":451,"items_purged":[],"score":208,"play_id":"3522b220-cb79-4e6f-8287-0a4b8a2e2465","local_time":"20190224071018","is_ascension_mode":true,"campfire_choices":[{"data":"Defragment","floor":6,"key":"SMITH"},{"data":"Zap","floor":8,"key":"SMITH"},{"data":"Fission","floor":15,"key":"SMITH"}],"neow_cost":"NONE","seed_source_timestamp":1545338467149400,"circlet_count":0,"master_deck":["AscendersBane","Strike_B","Strike_B","Strike_B","Strike_B","Defend_B","Defend_B","Defend_B","Defend_B","Zap+1","Dualcast","Ball Lightning","Sweeping Beam","Defragment+1","Rip and Tear","Seek","Ball Lightning","Go for the Eyes","Fission+1","Sunder","FTL"],"relics":["Cracked Core","Odd Mushroom","Lantern","Sundial","Strawberry"],"potions_floor_usage":[7,16,16],"damage_taken":[{"damage":1,"enemies":"Cultist","floor":1,"turns":3},{"damage":2,"enemies":"2 Louse","floor":2,"turns":2},{"damage":7,"enemies":"Jaw Worm","floor":4,"turns":2},{"damage":6,"enemies":"Lots of Slimes","floor":5,"turns":2},{"damage":7,"enemies":"The Mushroom Lair","floor":7,"turns":2},{"damage":11,"enemies":"Gremlin Nob","floor":10,"turns":3},{"damage":7,"enemies":"Exordium Wildlife","floor":11,"turns":2},{"damage":19,"enemies":"3 Louse","floor":12,"turns":2},{"damage":0,"enemies":"2 Fungi Beasts","floor":14,"turns":2},{"damage":19,"enemies":"The Guardian","floor":16,"turns":6}],"seed_played":"3475814629836179257","potions_obtained":[{"floor":2,"key":"FocusPotion"},{"floor":4,"key":"Explosive Potion"},{"floor":10,"key":"AttackPotion"}],"is_trial":false,"path_per_floor":["M","M","$","M","M","R","?","R","T","E","M","M","T","M","R","B"],"character_chosen":"DEFECT","items_purchased":["Defragment"],"campfire_rested":0,"item_purchase_floors":[3],"current_hp_per_floor":[70,68,68,61,55,55,48,48,48,37,30,11,18,18,18,0],"gold":247,"neow_bonus":"TEN_PERCENT_HP_BONUS","is_prod":false,"is_daily":false,"chose_seed":false,"campfire_upgraded":3,"win_rate":0,"timestamp":1551021018,"path_taken":["M","M","?","M","M","R","?","R","T","E","M","M","?","?","R","BOSS"],"build_version":"2019-01-23","purchased_purges":0,"victory":false,"max_hp_per_floor":[78,78,78,78,78,78,78,78,78,78,78,78,85,85,85,85],"card_choices":[{"not_picked":["Steam","Scrape"],"picked":"Ball Lightning","floor":1},{"not_picked":["Beam Cell","Streamline"],"picked":"Sweeping Beam","floor":2},{"not_picked":["Streamline","Go for the Eyes"],"picked":"Rip and Tear","floor":4},{"not_picked":["Conserve Battery","Sweeping Beam"],"picked":"Seek","floor":5},{"not_picked":["Redo","Steam"],"picked":"Ball Lightning","floor":7},{"not_picked":["Redo","Barrage"],"picked":"Go for the Eyes","floor":10},{"not_picked":["Cold Snap","Heatsinks"],"picked":"Fission","floor":11},{"not_picked":["Heatsinks","Fusion"],"picked":"Sunder","floor":12},{"not_picked":["Doom and Gloom","Turbo"],"picked":"FTL","floor":14}],"player_experience":766192,"relics_obtained":[{"floor":7,"key":"Odd Mushroom"},{"floor":9,"key":"Lantern"},{"floor":10,"key":"Sundial"},{"floor":13,"key":"Strawberry"}],"event_choices":[{"damage_healed":0,"gold_gain":0,"player_choice":"Fought Mushrooms","damage_taken":0,"max_hp_gain":0,"max_hp_loss":0,"event_name":"Mushrooms","floor":7,"gold_loss":0}],"is_beta":false,"boss_relics":[],"items_purged_floors":[],"is_endless":false,"potions_floor_spawned":[2,4,10],"killed_by":"The Guardian","ascension_level":20}