{"gold_per_floor":[115,115,115,40,57,57,71,89,89,100,100,118,118,128,128,128],"floor_reached":16,"playtime":543,"items_purged":["Defend_B"],"score":94,"play_id":"7bb4e7ec-0da8-45bc-9b4b-d7e71341d518","local_time":"20180701213627","is_ascension_mode":false,"campfire_choices":[{"data":"Dualcast","floor":6,"key":"SMITH"},{"data":"Streamline","floor":11,"key":"SMITH"},{"floor":13,"key":"REST"},{"floor":15,"key":"REST"}],"neow_cost":"","seed_source_timestamp":0,"circlet_count":0,"master_deck":["Strike_B","Strike_B","Strike_B","Defend_B","Defend_B","Defend_B","Zap","Dualcast+1","Streamline+1","Beam Cell"],"relics":["Unceasing Top","Toolbox"],"potions_floor_usage":[16,16],"damage_taken":[{"damage":1,"enemies":"Jaw Worm","floor":1,"turns":4},{"damage":0,"enemies":"Small Slimes","floor":5,"turns":3},{"damage":7,"enemies":"2 Louse","floor":7,"turns":2},{"damage":3,"enemies":"Exordium Wildlife","floor":8,"turns":3},{"damage":12,"enemies":"Exordium Thugs","floor":10,"turns":5},{"damage":31,"enemies":"Gremlin Gang","floor":12,"turns":4},{"damage":0,"enemies":"Looter","floor":14,"turns":2},{"damage":59,"enemies":"The Guardian","floor":16,"turns":9}],"seed_played":"-4345761483998483435","potions_obtained":[{"floor":1,"key":"FearPotion"},{"floor":7,"key":"Ancient Potion"},{"floor":12,"key":"FocusPotion"}],"is_trial":true,"path_per_floor":["M","?","?","$","M","R","M","M","T","M","R","M","R","M","R"],"character_chosen":"DEFECT","items_purchased":[],"campfire_rested":2,"item_purchase_floors":[],"current_hp_per_floor":[74,74,67,67,67,67,60,57,57,45,45,14,36,36,58,0],"gold":128,"neow_bonus":"","is_prod":false,"is_daily":false,"chose_seed":false,"campfire_upgraded":2,"win_rate":0,"timestamp":1530444987,"path_taken":["M","?","?","$","M","R","M","M","T","?","R","M","R","M","R","BOSS"],"build_version":"2018-06-29","purchased_purges":1,"victory":false,"max_hp_per_floor":[75,75,75,75,75,75,75,75,75,75,75,75,75,75,75,75],"card_choices":[{"not_picked":["Self Repair","Rip and Tear","Sweeping Beam"],"picked":"SKIP","floor":1},{"not_picked":["Double Energy","Chaos","Steam"],"picked":"SKIP","floor":5},{"not_picked":["Rebound","Double Energy","Sweeping Beam"],"picked":"SKIP","floor":7},{"not_picked":["Conserve Battery","Capacitor","Turbo"],"picked":"SKIP","floor":8},{"not_picked":["Compile Driver","Sweeping Beam"],"picked":"Streamline","floor":10},{"not_picked":["Stack","Rip and Tear","Hologram"],"picked":"SKIP","floor":12},{"not_picked":["Redo","Sweeping Beam"],"picked":"Beam Cell","floor":14}],"player_experience":474967,"relics_obtained":[{"floor":9,"key":"Toolbox"}],"event_choices":[{"event_name":"Shining Light","player_choice":"Ignored","floor":2,"damage_taken":0},{"event_name":"Golden Wing","player_choice":"Card Removal","floor":3,"damage_taken":0}],"boss_relics":[],"items_purged_floors":[4],"is_endless":false,"potions_floor_spawned":[1,7,12,14],"killed_by":"The Guardian","ascension_level":0}