{"gold_per_floor":[110,60,60,73,148,176,188,188],"floor_reached":8,"playtime":5215,"items_purged":[],"score":64,"play_id":"be551a68-6fec-4c65-99e1-4306800ba9f5","local_time":"20190205195631","is_ascension_mode":true,"campfire_choices":[],"neow_cost":"NONE","seed_source_timestamp":331460938348260,"circlet_count":0,"master_deck":["Defend_G","Defend_G","Defend_G","Defend_G","Defend_G","Strike_G","Strike_G","Strike_G","Strike_G","Survivor","Neutralize","PiercingWail","Infinite Blades","Backflip","Flying Knee"],"relics":["Ring of the Snake","Omamori"],"potions_floor_usage":[8,8],"damage_taken":[{"damage":7,"enemies":"Jaw Worm","floor":1,"turns":5},{"damage":1,"enemies":"Small Slimes","floor":4,"turns":4},{"damage":51,"enemies":"3 Sentries","floor":6,"turns":12},{"damage":0,"enemies":"2 Louse","floor":7,"turns":3},{"damage":18,"enemies":"Gremlin Nob","floor":8,"turns":5}],"seed_played":"-6029640185958015205","potions_obtained":[{"floor":6,"key":"PowerPotion"},{"floor":7,"key":"Weak Potion"}],"is_trial":false,"path_per_floor":["M","?","?","M","?","E","M","E"],"character_chosen":"THE_SILENT","items_purchased":[],"campfire_rested":0,"item_purchase_floors":[],"current_hp_per_floor":[70,70,75,74,63,12,12,0],"gold":188,"neow_bonus":"TEN_PERCENT_HP_BONUS","is_prod":false,"is_daily":false,"chose_seed":false,"campfire_upgraded":0,"win_rate":0,"timestamp":1549385791,"path_taken":["M","?","?","?","?","E","M","E"],"build_version":"2019-01-23","purchased_purges":0,"victory":false,"max_hp_per_floor":[77,77,82,82,82,82,82,82],"card_choices":[{"not_picked":["Acrobatics","Dagger Throw"],"picked":"PiercingWail","floor":1},{"not_picked":["Deadly Poison","Prepared"],"picked":"Infinite Blades","floor":4},{"not_picked":["Masterful Stab","Envenom"],"picked":"Backflip","floor":6},{"not_picked":["Well Laid Plans","Bane"],"picked":"Flying Knee","floor":7}],"player_experience":250608,"relics_obtained":[{"floor":6,"key":"Omamori"}],"event_choices":[{"cards_removed":["Strike_G"],"damage_healed":0,"gold_gain":0,"player_choice":"Card Removal","damage_taken":0,"max_hp_gain":0,"max_hp_loss":0,"event_name":"The Cleric","floor":2,"gold_loss":50},{"damage_healed":0,"gold_gain":0,"player_choice":"Donut","damage_taken":0,"max_hp_gain":5,"max_hp_loss":0,"event_name":"Big Fish","floor":3,"gold_loss":0},{"damage_healed":0,"gold_gain":75,"player_choice":"Gather Gold","damage_taken":11,"max_hp_gain":0,"max_hp_loss":0,"event_name":"World of Goop","floor":5,"gold_loss":0}],"is_beta":false,"boss_relics":[],"items_purged_floors":[],"is_endless":false,"potions_floor_spawned":[6,7],"killed_by":"Gremlin Nob","ascension_level":3}