{"gold_per_floor":[366,382,397,397,168,199,199,229,229,247,275,45,65,10,10,10],"floor_reached":16,"playtime":510,"items_purged":["Strike_R"],"score":240,"play_id":"7f672f5a-49e6-4b8d-a787-c705e8fe1179","local_time":"20190203214939","is_ascension_mode":true,"campfire_choices":[{"floor":7,"key":"REST"},{"data":"1","floor":15,"key":"LIFT"}],"neow_cost":"TEN_PERCENT_HP_LOSS","seed_source_timestamp":121727214253924,"circlet_count":0,"master_deck":["AscendersBane","Strike_R","Strike_R","Strike_R","Strike_R","Defend_R","Defend_R","Defend_R","Defend_R","Bash","Battle Trance","Pummel","Whirlwind","Inflame","Spot Weakness","Shrug It Off","Whirlwind"],"special_seed":0,"relics":["Burning Blood","Centennial Puzzle","Incense Burner","Girya","Singing Bowl","PreservedInsect","Oddly Smooth Stone"],"potions_floor_usage":[6,11,11,16],"damage_taken":[{"damage":1.0,"enemies":"Cultist","floor":1.0,"turns":3.0},{"damage":12,"enemies":"Jaw Worm","floor":2,"turns":3},{"damage":10,"enemies":"2 Louse","floor":3,"turns":3},{"damage":40,"enemies":"Lagavulin","floor":6,"turns":6},{"damage":20,"enemies":"3 Sentries","floor":8,"turns":3},{"damage":0,"enemies":"Large Slime","floor":10,"turns":3},{"damage":20,"enemies":"Lagavulin","floor":11,"turns":6},{"damage":0,"enemies":"3 Louse","floor":13,"turns":1},{"damage":34,"enemies":"The Guardian","floor":16,"turns":10}],"seed_played":"-707515967728857542","potions_obtained":[{"floor":2,"key":"AttackPotion"},{"floor":3,"key":"PowerPotion"},{"floor":8,"key":"SpeedPotion"},{"floor":10,"key":"Ancient Potion"}],"is_trial":false,"path_per_floor":["M","M","M","?","$","E","R","E","T","M","E","$","M","$","R","B"],"character_chosen":"IRONCLAD","items_purchased":["Whirlwind","Inflame","Oddly Smooth Stone","Shrug It Off","SkillPotion"],"campfire_rested":1,"item_purchase_floors":[5,5,12,12,14],"current_hp_per_floor":[68,62,58,58,58,24,44,30,30,38,26,26,32,32,32,0],"gold":10,"neow_bonus":"TWO_FIFTY_GOLD","is_prod":false,"is_daily":false,"chose_seed":false,"campfire_upgraded":0,"win_rate":0,"timestamp":1549259379,"path_taken":["M","?","M","?","$","E","R","E","T","M","E","$","M","?","R","BOSS"],"build_version":"2019-01-23","purchased_purges":1,"victory":false,"max_hp_per_floor":[68,68,68,68,68,68,68,68,68,70,72,72,72,72,72,72],"card_choices":[{"not_picked":["Sword Boomerang","Rage"],"picked":"Battle Trance","floor":1.0},{"not_picked":["Anger","Armaments"],"picked":"Pummel","floor":2},{"not_picked":["Dropkick","Hemokinesis","Intimidate"],"picked":"SKIP","floor":3},{"not_picked":["Sword Boomerang","Anger"],"picked":"Spot Weakness","floor":6},{"not_picked":["Intimidate","Pommel Strike","Warcry"],"picked":"SKIP","floor":8},{"not_picked":["Flex","Perfected Strike","Clothesline"],"picked":"Singing Bowl","floor":10},{"not_picked":["Warcry","Pommel Strike","Fire Breathing"],"picked":"Singing Bowl","floor":11},{"not_picked":["Twin Strike","Rupture"],"picked":"Whirlwind","floor":13}],"player_experience":708750,"relics_obtained":[{"floor":6,"key":"Incense Burner"},{"floor":8,"key":"Girya"},{"floor":9,"key":"Singing Bowl"},{"floor":11,"key":"PreservedInsect"}],"event_choices":[{"damage_healed":0,"gold_gain":0,"player_choice":"Gave Potion","damage_taken":0,"relics_obtained":["Centennial Puzzle"],"max_hp_gain":0,"max_hp_loss":0,"event_name":"WeMeetAgain","floor":4,"gold_loss":0}],"is_beta":false,"boss_relics":[],"items_purged_floors":[5],"is_endless":false,"potions_floor_spawned":[2,3,8,10],"killed_by":"The Guardian","ascension_level":20}