{"gold_per_floor":[111,121,132,132,142,173,173,173,173,191,191,209,209,241,241,318,318,308,318,157,157,157,157,191,204,504,536,554,554,573,573,573,652,652,666,676,550,550,550,550,550,550,550,550,22,39,64,64,64,64],"floor_reached":50,"playtime":2779,"items_purged":["Strike_R","Strike_R","Strike_R"],"score":986,"play_id":"c191d2ca-8b31-46d5-bd2f-5b08c551a0cd","local_time":"20190110195354","is_ascension_mode":true,"campfire_choices":[{"data":"True Grit","floor":8,"key":"SMITH"},{"data":"Bash","floor":11,"key":"SMITH"},{"data":"Headbutt","floor":15,"key":"SMITH"},{"data":"Flame Barrier","floor":23,"key":"SMITH"},{"floor":29,"key":"REST"},{"data":"Disarm","floor":32,"key":"SMITH"},{"data":"Shrug It Off","floor":40,"key":"SMITH"},{"data":"Burning Pact","floor":42,"key":"SMITH"},{"data":"Defend_R","floor":44,"key":"SMITH"},{"floor":49,"key":"REST"}],"neow_cost":"NONE","seed_source_timestamp":143774758973241,"circlet_count":0,"master_deck":["AscendersBane","Strike_R","Defend_R+1","Defend_R","Defend_R","Defend_R","Bash+1","Wild Strike+1","Burning Pact+1","Shrug It Off+1","True Grit+1","Headbutt+1","Disarm+1","Demon Form+1","Pommel Strike+1","Corruption+1","Flame Barrier+1","Evolve+1","Burning Pact+1","Battle Trance+1","True Grit+1","Secret Weapon+1","Panacea+1","Rampage","Heavy Blade"],"relics":["Burning Blood","Bronze Scales","Bag of Preparation","Frozen Egg 2","Charon\u0027s Ashes","Busted Crown","Shuriken","Old Coin","Toxic Egg 2","Eternal Feather","Self Forming Clay","Paper Frog","Mercury Hourglass"],"potions_floor_usage":[6,16,41,47,50,50],"damage_taken":[{"damage":14,"enemies":"Jaw Worm","floor":1,"turns":5},{"damage":0,"enemies":"Cultist","floor":2,"turns":4},{"damage":6,"enemies":"2 Louse","floor":3,"turns":3},{"damage":1,"enemies":"2 Fungi Beasts","floor":5,"turns":4},{"damage":20,"enemies":"Gremlin Nob","floor":6,"turns":4},{"damage":0,"enemies":"3 Louse","floor":10,"turns":4},{"damage":17,"enemies":"Gremlin Gang","floor":12,"turns":4},{"damage":19,"enemies":"3 Sentries","floor":14,"turns":8},{"damage":43,"enemies":"Slime Boss","floor":16,"turns":7},{"damage":18,"enemies":"2 Thieves","floor":18,"turns":4},{"damage":4,"enemies":"3 Byrds","floor":19,"turns":3},{"damage":17,"enemies":"Slavers","floor":24,"turns":4},{"damage":0,"enemies":"Snake Plant","floor":25,"turns":3},{"damage":26,"enemies":"Book of Stabbing","floor":27,"turns":5},{"damage":10,"enemies":"Centurion and Healer","floor":28,"turns":5},{"damage":3,"enemies":"3 Cultists","floor":30,"turns":3},{"damage":31,"enemies":"Champ","floor":33,"turns":9},{"damage":0,"enemies":"3 Shapes","floor":35,"turns":3},{"damage":26,"enemies":"3 Darklings","floor":36,"turns":6},{"damage":0,"enemies":"Reptomancer","floor":41,"turns":2},{"damage":8,"enemies":"4 Shapes","floor":46,"turns":5},{"damage":70,"enemies":"Giant Head","floor":47,"turns":8},{"damage":49,"enemies":"Donu and Deca","floor":50,"turns":6}],"seed_played":"3922222366881759318","potions_obtained":[{"floor":1,"key":"SteroidPotion"},{"floor":10,"key":"Poison Potion"},{"floor":25,"key":"Ancient Potion"},{"floor":27,"key":"SpeedPotion"},{"floor":31,"key":"SmokeBomb"},{"floor":47,"key":"Weak Potion"}],"is_trial":false,"path_per_floor":["M","M","M","?","M","E","?","R","T","M","R","M","?","E","R","B",null,"M","M","$","?","?","R","E","M","T","E","M","R","M","?","R","B",null,"M","M","$","?","?","R","E","R","T","R","$","M","E","?","R","B"],"character_chosen":"IRONCLAD","items_purchased":["Corruption+1","True Grit+1","Rampage","Paper Frog","SkillPotion"],"campfire_rested":2,"item_purchase_floors":[20,37,45,45,45],"current_hp_per_floor":[60,66,66,66,71,57,57,57,57,63,63,52,75,62,62,25,63,51,53,53,53,53,53,42,48,48,28,24,46,49,49,49,24,62,68,48,48,38,38,50,56,68,68,75,75,73,9,9,46,0],"gold":64,"neow_bonus":"RANDOM_COMMON_RELIC","is_prod":false,"is_daily":false,"chose_seed":false,"campfire_upgraded":8,"win_rate":0,"timestamp":1547168034,"path_taken":["M","M","M","?","?","E","?","R","T","M","R","?","?","E","R","BOSS","M","M","$","?","?","R","E","M","T","E","M","R","M","?","R","BOSS","M","?","$","?","?","R","E","R","T","R","$","M","E","?","R","BOSS"],"build_version":"2019-01-09","purchased_purges":3,"victory":false,"max_hp_per_floor":[75,75,75,75,75,75,75,75,75,75,75,75,75,75,75,75,75,75,75,75,75,75,75,75,75,75,75,75,75,75,75,75,75,75,75,75,75,75,75,75,75,75,75,75,75,75,75,75,75,75],"card_choices":[{"not_picked":["Seeing Red","Body Slam"],"picked":"Wild Strike","floor":1},{"not_picked":["Twin Strike","Sword Boomerang"],"picked":"Burning Pact","floor":2},{"not_picked":["Cleave","Warcry"],"picked":"Shrug It Off","floor":3},{"not_picked":["Heavy Blade","Twin Strike","Burning Pact"],"picked":"SKIP","floor":5},{"not_picked":["Second Wind","Perfected Strike"],"picked":"True Grit","floor":6},{"not_picked":["Clothesline","Second Wind"],"picked":"Headbutt","floor":10},{"not_picked":["Evolve+1","Heavy Blade"],"picked":"Disarm","floor":12},{"not_picked":["Clothesline","Impervious","Dropkick"],"picked":"SKIP","floor":14},{"not_picked":["Dark Embrace+1","Reaper"],"picked":"Demon Form+1","floor":16},{"not_picked":[],"picked":"Pommel Strike+1","floor":18},{"not_picked":["Armaments"],"picked":"SKIP","floor":19},{"not_picked":["Ghostly Armor"],"picked":"SKIP","floor":24},{"not_picked":[],"picked":"Evolve+1","floor":25},{"not_picked":["Evolve+1"],"picked":"SKIP","floor":27},{"not_picked":[],"picked":"Burning Pact+1","floor":28},{"not_picked":["Anger"],"picked":"SKIP","floor":30},{"not_picked":["Flex+1"],"picked":"SKIP","floor":35},{"not_picked":[],"picked":"Battle Trance+1","floor":36},{"not_picked":[],"picked":"Secret Weapon+1","floor":38},{"not_picked":[],"picked":"Panacea+1","floor":38},{"not_picked":["Infernal Blade+1"],"picked":"SKIP","floor":46},{"not_picked":[],"picked":"Heavy Blade","floor":47}],"player_experience":447517,"relics_obtained":[{"floor":6,"key":"Bag of Preparation"},{"floor":9,"key":"Frozen Egg 2"},{"floor":14,"key":"Charon\u0027s Ashes"},{"floor":24,"key":"Shuriken"},{"floor":26,"key":"Old Coin"},{"floor":27,"key":"Toxic Egg 2"},{"floor":43,"key":"Self Forming Clay"},{"floor":47,"key":"Mercury Hourglass"}],"event_choices":[{"damage_healed":0,"gold_gain":0,"player_choice":"Forge","damage_taken":0,"max_hp_gain":0,"max_hp_loss":0,"event_name":"Accursed Blacksmith","floor":4,"gold_loss":0,"cards_upgraded":["Wild Strike"]},{"cards_removed":["Strike_R"],"damage_healed":0,"gold_gain":0,"player_choice":"Offered Basic","damage_taken":0,"max_hp_gain":0,"max_hp_loss":0,"event_name":"Bonfire Elementals","floor":7,"gold_loss":0},{"damage_healed":25,"gold_gain":0,"player_choice":"Banana","damage_taken":0,"max_hp_gain":0,"max_hp_loss":0,"event_name":"Big Fish","floor":13,"gold_loss":0},{"damage_healed":0,"gold_gain":0,"player_choice":"Read","damage_taken":0,"max_hp_gain":0,"max_hp_loss":0,"event_name":"The Library","floor":21,"gold_loss":0,"cards_obtained":["Flame Barrier"]},{"damage_healed":0,"gold_gain":0,"player_choice":"Ignored","damage_taken":0,"max_hp_gain":0,"max_hp_loss":0,"event_name":"Ghosts","floor":22,"gold_loss":0},{"damage_healed":0,"gold_gain":0,"player_choice":"Got Potions","damage_taken":0,"max_hp_gain":0,"max_hp_loss":0,"event_name":"Lab","floor":31,"gold_loss":0},{"damage_healed":0,"gold_gain":0,"player_choice":"Memory 3","damage_taken":10,"max_hp_gain":0,"max_hp_loss":0,"event_name":"SensoryStone","floor":38,"gold_loss":0},{"damage_healed":0,"gold_gain":0,"player_choice":"Ignored","damage_taken":0,"max_hp_gain":0,"max_hp_loss":0,"event_name":"Tomb of Lord Red Mask","floor":39,"gold_loss":0},{"damage_healed":0,"gold_gain":0,"player_choice":"Ignored","damage_taken":0,"max_hp_gain":0,"max_hp_loss":0,"event_name":"Mysterious Sphere","floor":48,"gold_loss":0}],"is_beta":true,"boss_relics":[{"not_picked":["Runic Pyramid","Black Star"],"picked":"Busted Crown"},{"not_picked":["Lizard Tail","Orrery"],"picked":"Eternal Feather"}],"items_purged_floors":[20,37,45],"is_endless":false,"potions_floor_spawned":[1,10,25,27,30,41,47],"killed_by":"Donu and Deca","ascension_level":16}