{"gold_per_floor":[115,128,78,78,90,119,134,59,59,59,59,74,74,74,74,177,177,197,296,310,329,329,329],"floor_reached":23,"playtime":1353,"items_purged":["Strike_B"],"score":239,"play_id":"62d17ac0-0c80-4640-bbff-7a13256e2b38","local_time":"20181014192259","is_ascension_mode":true,"campfire_choices":[{"data":"Go for the Eyes","floor":13,"key":"SMITH"},{"data":"Hello World","floor":15,"key":"SMITH"}],"neow_cost":"NONE","seed_source_timestamp":175127683258,"circlet_count":0,"master_deck":["Strike_B","Strike_B","Defend_B","Defend_B+1","Defend_B","Defend_B","Zap","Dualcast","Hello World+1","Gash+1","Leap","Go for the Eyes+1","Hyperbeam","Gash","Leap","Echo Form","Skim","Reinforced Body+1","Conserve Battery","Hyperbeam"],"relics":["Cracked Core","Gremlin Horn","Meat on the Bone","GremlinMask","Orrery","MutagenicStrength"],"potions_floor_usage":[16,23,23],"damage_taken":[{"damage":0,"enemies":"Cultist","floor":1,"turns":3},{"damage":6,"enemies":"2 Louse","floor":2,"turns":2},{"damage":0,"enemies":"Small Slimes","floor":5,"turns":3},{"damage":36,"enemies":"Gremlin Nob","floor":6,"turns":4},{"damage":0,"enemies":"Blue Slaver","floor":7,"turns":3},{"damage":1,"enemies":"3 Louse","floor":12,"turns":4},{"damage":22,"enemies":"Hexaghost","floor":16,"turns":9},{"damage":19,"enemies":"Chosen","floor":18,"turns":6},{"damage":22,"enemies":"3 Byrds","floor":20,"turns":3},{"damage":33,"enemies":"Snake Plant","floor":21,"turns":6},{"damage":18,"enemies":"Gremlin Leader","floor":23,"turns":5}],"seed_played":"5354279508749485583","potions_obtained":[{"floor":1,"key":"Poison Potion"},{"floor":5,"key":"SpeedPotion"},{"floor":7,"key":"GamblersBrew"},{"floor":16,"key":"SkillPotion"},{"floor":21,"key":"SkillPotion"}],"is_trial":false,"path_per_floor":["M","M","?","?","M","E","M","$","T","$","?","M","R","$","R","B",null,"M","?","M","M","?"],"character_chosen":"DEFECT","items_purchased":[],"campfire_rested":0,"item_purchase_floors":[],"current_hp_per_floor":[82,76,76,60,60,24,24,24,24,24,24,35,35,35,35,25,68,49,49,39,18,18,0],"gold":329,"neow_bonus":"TEN_PERCENT_HP_BONUS","is_prod":false,"is_daily":false,"chose_seed":false,"campfire_upgraded":2,"win_rate":0,"timestamp":1539570179,"path_taken":["M","M","?","?","M","E","?","$","T","?","?","M","R","$","R","BOSS","M","?","M","?","?","E"],"build_version":"2018-10-11","purchased_purges":1,"victory":false,"max_hp_per_floor":[82,82,82,82,82,82,82,82,82,82,82,82,82,82,82,82,82,82,82,82,82,82,82],"card_choices":[{"not_picked":["Force Field","BootSequence"],"picked":"Hello World","floor":1},{"not_picked":["Sweeping Beam","Blizzard"],"picked":"Gash","floor":2},{"not_picked":["Redo","Barrage"],"picked":"Leap","floor":5},{"not_picked":["Static Discharge","Darkness"],"picked":"Go for the Eyes","floor":6},{"not_picked":["Glacier","Coolheaded","Barrage"],"picked":"SKIP","floor":7},{"not_picked":["Cold Snap","Stack","Rebound"],"picked":"SKIP","floor":12},{"not_picked":["Core Surge","Amplify"],"picked":"Hyperbeam","floor":16},{"not_picked":["Genetic Algorithm","Compile Driver"],"picked":"Gash","floor":17},{"not_picked":["Coolheaded","Steam Power"],"picked":"Leap","floor":17},{"not_picked":["Beam Cell","Steam"],"picked":"Echo Form","floor":17},{"not_picked":["Steam","Blizzard"],"picked":"Skim","floor":17},{"not_picked":["Beam Cell","Blizzard"],"picked":"Reinforced Body+1","floor":18},{"not_picked":["Barrage","Streamline"],"picked":"Conserve Battery","floor":20},{"not_picked":["Coolheaded+1","Ball Lightning+1"],"picked":"Hyperbeam","floor":21}],"player_experience":257356,"relics_obtained":[{"floor":6,"key":"Gremlin Horn"},{"floor":9,"key":"Meat on the Bone"}],"event_choices":[{"event_name":"The Cleric","player_choice":"Card Removal","floor":3,"damage_taken":0},{"event_name":"Shining Light","player_choice":"Entered Light","floor":4,"damage_taken":0},{"event_name":"FaceTrader","player_choice":"Trade","floor":11,"damage_taken":0},{"event_name":"Nest","player_choice":"Stole From Cult","floor":19,"damage_taken":0},{"event_name":"Drug Dealer","player_choice":"Inject Mutagens","floor":22,"damage_taken":0}],"is_beta":false,"boss_relics":[{"not_picked":["Pandora\u0027s Box","Coffee Dripper"],"picked":"Orrery"}],"items_purged_floors":[8],"is_endless":false,"potions_floor_spawned":[1,5,7,16,21],"killed_by":"Gremlin Leader","ascension_level":5}