{"path_per_floor":["M","M","$","?","M","R","E","R","T","E","T","M","R","M","R","B",null,"M","$","?","M","M","R","?","E","T","E","?","$","?","M","R","B",null,"M","?","M","M","?","R","E","R","T","M","$","M","R","E","R","B"],"character_chosen":"DEFECT","items_purchased":["Glacier","Capacitor","Frozen Egg 2","Capacitor"],"gold_per_floor":[115,133,63,63,73,73,101,101,101,126,153,164,164,184,184,284,284,297,248,163,173,189,189,189,219,297,323,323,25,25,40,40,143,143,160,160,170,181,181,181,206,206,206,217,167,182,182,212,212,212],"floor_reached":51,"campfire_rested":0,"playtime":3119,"current_hp_per_floor":[75,72,72,77,77,77,71,71,71,71,71,77,77,80,80,63,76,80,80,80,80,77,77,77,80,80,62,62,62,62,74,74,78,80,80,70,80,75,75,75,65,65,65,69,69,80,80,80,80,76],"items_purged":["Madness"],"gold":212,"score":935,"play_id":"a73eb90e-7881-4ae8-acec-0fd8c7d501e6","local_time":"20180510183105","is_prod":false,"is_daily":false,"chose_seed":false,"is_ascension_mode":true,"campfire_upgraded":1,"timestamp":1525969865,"path_taken":["M","M","$","?","M","R","E","R","T","E","?","M","R","M","R","BOSS","M","$","?","?","M","R","?","E","T","E","?","$","?","M","R","BOSS","M","?","M","M","?","R","E","R","T","M","?","M","R","E","R","BOSS"],"build_version":"2018-05-09","seed_source_timestamp":32197511679732,"purchased_purges":1,"victory":true,"master_deck":["Zap+1","Dualcast","Reprogram","Sweeping Beam","Beam Cell","Barrage","BootSequence+1","Turbo","Hologram+1","Loop","Storm","Hello World","Glacier","Lockon","Reinforced Body+1","Self Repair","Steam Power","Meteor Strike","Creative AI","Skim","Capacitor","Conserve Battery","BootSequence","White Noise","Aggregate+1","Capacitor+1","Echo Form+1","Redo","Fusion","Defragment+1","Madness","Hologram+1","Sunder+1","Skim+1"],"max_hp_per_floor":[75,75,75,80,80,80,80,80,80,80,80,80,80,80,80,80,80,80,80,80,80,80,80,80,80,80,80,80,80,80,80,80,80,80,80,80,80,80,80,80,80,80,80,80,80,80,80,80,80,80],"relics":["Pandora\u0027s Box","Shovel","Mercury Hourglass","Emotion Chip","War Paint","Vajra","Bag of Marbles","Orichalcum","Nuclear Battery","Shuriken","Toolbox","Pen Nib","Symbiotic Virus","Bird Faced Urn","Frozen Egg 2","Bottled Flame","Snecko Eye","Smiling Mask","Peace Pipe","Omamori","Question Card","Sundial","Blood Vial","Dodecahedron"],"card_choices":[{"not_picked":["Aggregate","Turbo"],"picked":"Storm","floor":1},{"not_picked":["Hologram","Leap"],"picked":"Hello World","floor":2},{"not_picked":["Axe Kick","Cold Snap"],"picked":"Lockon","floor":5},{"not_picked":["Reprogram","Tempest"],"picked":"Reinforced Body","floor":7},{"not_picked":["Tempest","Sweeping Beam"],"picked":"Self Repair","floor":10},{"not_picked":["Redo","Blizzard"],"picked":"Steam Power","floor":12},{"not_picked":["Conserve Battery","Sweeping Beam"],"picked":"Meteor Strike","floor":14},{"not_picked":["Buffer","Biased Cognition"],"picked":"Creative AI","floor":16},{"not_picked":["Force Field","Sunder"],"picked":"Skim","floor":18},{"not_picked":["Capacitor","Beam Cell"],"picked":"Conserve Battery","floor":21},{"not_picked":["Stack","Force Field"],"picked":"BootSequence","floor":22},{"not_picked":["Go for the Eyes","Hologram"],"picked":"White Noise","floor":25},{"not_picked":["Axe Kick","Coolheaded"],"picked":"Aggregate","floor":27},{"not_picked":["Axe Kick","Leap"],"picked":"Redo","floor":31},{"not_picked":["Biased Cognition","Fission"],"picked":"Fusion","floor":33},{"not_picked":["Capacitor","Axe Kick"],"picked":"Defragment","floor":35},{"not_picked":["Undo","Axe Kick"],"picked":"Hologram","floor":37},{"not_picked":["Conserve Battery","Reprogram"],"picked":"Sunder","floor":41},{"not_picked":["Rainbow","Steam","Go for the Eyes"],"picked":"Skim","floor":48}],"player_experience":546243,"potions_floor_usage":[7,16,25,25,38,48,50,50],"damage_taken":[{"damage":0,"enemies":"Jaw Worm","floor":1,"turns":2},{"damage":3,"enemies":"Cultist","floor":2,"turns":4},{"damage":0,"enemies":"2 Louse","floor":5,"turns":4},{"damage":6,"enemies":"3 Sentries","floor":7,"turns":6},{"damage":0,"enemies":"Lagavulin","floor":10,"turns":5},{"damage":1,"enemies":"Blue Slaver","floor":12,"turns":4},{"damage":0,"enemies":"Red Slaver","floor":14,"turns":2},{"damage":24,"enemies":"The Guardian","floor":16,"turns":11},{"damage":0,"enemies":"3 Byrds","floor":18,"turns":3},{"damage":0,"enemies":"Spheric Guardian","floor":21,"turns":3},{"damage":10,"enemies":"Centurion and Healer","floor":22,"turns":6},{"damage":1,"enemies":"Slavers","floor":25,"turns":4},{"damage":18,"enemies":"Book of Stabbing","floor":27,"turns":4},{"damage":15,"enemies":"3 Cultists","floor":31,"turns":5},{"damage":19,"enemies":"Champ","floor":33,"turns":8},{"damage":0,"enemies":"3 Shapes","floor":35,"turns":3},{"damage":8,"enemies":"3 Darklings","floor":37,"turns":4},{"damage":26,"enemies":"Maw","floor":38,"turns":5},{"damage":15,"enemies":"Nemesis","floor":41,"turns":3},{"damage":4,"enemies":"Sphere and 2 Shapes","floor":44,"turns":2},{"damage":3,"enemies":"4 Shapes","floor":46,"turns":3},{"damage":12,"enemies":"2 Orb Walkers","floor":48,"turns":3},{"damage":21,"enemies":"Time Eater","floor":50,"turns":7}],"event_choices":[{"event_name":"Big Fish","player_choice":"Donut","floor":4,"damage_taken":0},{"event_name":"Addict","player_choice":"Obtained Relic","floor":20,"damage_taken":0},{"event_name":"Vampires","player_choice":"Ignored","floor":24,"damage_taken":0},{"event_name":"Upgrade Shrine","player_choice":"Upgraded","floor":28,"damage_taken":0},{"event_name":"The Library","player_choice":"Read","floor":30,"damage_taken":0},{"event_name":"Winding Halls","player_choice":"Embrace Madness","floor":36,"damage_taken":0},{"event_name":"SensoryStone","player_choice":"Memory 1","floor":39,"damage_taken":0}],"boss_relics":[{"not_picked":["Runic Dome","Lizard Tail"],"picked":"Nuclear Battery"},{"not_picked":["Cursed Key","Runic Pyramid"],"picked":"Snecko Eye"}],"potions_floor_spawned":[1,2,10,16,21,22,25,33,38,41,46],"seed_played":"-3049082913011833202","ascension_level":5,"is_trial":false}