{"gold_per_floor":[117,131,131,148,167,196,214,240,291,291,3,37,37,56,56,129,129,146,146,162,182,182],"floor_reached":22,"playtime":939,"items_purged":["Strike_B"],"score":490,"play_id":"ef0904eb-af92-4dbb-98bc-416928586d1a","local_time":"20190120000635","is_ascension_mode":true,"campfire_choices":[{"data":"Defragment","floor":15,"key":"SMITH"}],"neow_cost":"NONE","seed_source_timestamp":805181843044400,"circlet_count":0,"master_deck":["AscendersBane","Strike_B","Strike_B","Defend_B","Defend_B","Defend_B","Defend_B","Zap","Dualcast","Compile Driver","Defragment+1","Rainbow","Cold Snap","Seek","Ball Lightning","Conserve Battery","Defragment+1","Seek","Ball Lightning","White Noise","Self Repair","Coolheaded"],"relics":["Cracked Core","Nunchaku","Pear","Art of War","Runic Capacitor","Matryoshka","DataDisk","Runic Pyramid"],"potions_floor_usage":[6,14,16,22],"damage_taken":[{"damage":0,"enemies":"Small Slimes","floor":1,"turns":2},{"damage":1,"enemies":"Cultist","floor":2,"turns":3},{"damage":2,"enemies":"Jaw Worm","floor":4,"turns":3},{"damage":1,"enemies":"Blue Slaver","floor":5,"turns":4},{"damage":10,"enemies":"3 Sentries","floor":6,"turns":5},{"damage":8,"enemies":"Exordium Wildlife","floor":7,"turns":4},{"damage":4,"enemies":"Gremlin Nob","floor":8,"turns":3},{"damage":18,"enemies":"3 Sentries","floor":12,"turns":6},{"damage":10,"enemies":"Large Slime","floor":14,"turns":3},{"damage":0,"enemies":"The Guardian","floor":16,"turns":7},{"damage":0,"enemies":"Spheric Guardian","floor":18,"turns":4},{"damage":23,"enemies":"3 Byrds","floor":20,"turns":3},{"damage":40,"enemies":"Shelled Parasite and Fungi","floor":21,"turns":4},{"damage":22,"enemies":"Colosseum Slavers","floor":22,"turns":1}],"seed_played":"2709938161145784961","potions_obtained":[{"floor":5,"key":"Dexterity Potion"},{"floor":12,"key":"AttackPotion"},{"floor":14,"key":"Explosive Potion"},{"floor":16,"key":"SteroidPotion"},{"floor":21,"key":"Explosive Potion"}],"is_trial":false,"path_per_floor":["M","M","?","M","M","E","M","E","T","?","$","E","?","M","R","B",null,"M","?","M","M","?"],"character_chosen":"DEFECT","items_purchased":["Runic Capacitor"],"campfire_rested":0,"item_purchase_floors":[11],"current_hp_per_floor":[71,70,70,68,67,57,49,55,55,48,48,30,25,15,15,15,70,70,70,47,14,0],"gold":182,"neow_bonus":"TEN_PERCENT_HP_BONUS","is_prod":false,"is_daily":false,"chose_seed":false,"campfire_upgraded":1,"win_rate":0,"timestamp":1547971595,"path_taken":["M","M","?","M","M","E","?","E","T","?","$","E","?","M","R","BOSS","M","?","M","M","?"],"build_version":"2019-01-17v2","purchased_purges":1,"victory":false,"max_hp_per_floor":[78,78,78,78,78,78,78,88,88,88,88,88,88,88,88,88,88,88,88,88,88,88],"card_choices":[{"not_picked":["Coolheaded","Stack"],"picked":"Compile Driver","floor":1},{"not_picked":["Beam Cell","Ball Lightning"],"picked":"Defragment","floor":2},{"not_picked":["Blizzard","Darkness"],"picked":"Rainbow","floor":4},{"not_picked":["Stack","Go for the Eyes"],"picked":"Cold Snap","floor":5},{"not_picked":["Conserve Battery","White Noise"],"picked":"Seek","floor":6},{"not_picked":["Leap","Cold Snap"],"picked":"Ball Lightning","floor":7},{"not_picked":["Recycle","Gash"],"picked":"Conserve Battery","floor":8},{"not_picked":["Static Discharge","Ball Lightning"],"picked":"Defragment","floor":12},{"not_picked":["Scrape","Beam Cell","Hologram"],"picked":"SKIP","floor":14},{"not_picked":["Core Surge","Reboot"],"picked":"Seek","floor":16},{"not_picked":["Go for the Eyes","Rebound"],"picked":"Ball Lightning","floor":18},{"not_picked":["Turbo","Gash"],"picked":"Self Repair","floor":20},{"not_picked":["Barrage","Gash"],"picked":"Coolheaded","floor":21}],"player_experience":561236,"relics_obtained":[{"floor":6,"key":"Nunchaku"},{"floor":8,"key":"Pear"},{"floor":9,"key":"Art of War"},{"floor":12,"key":"Matryoshka"}],"event_choices":[{"damage_healed":0,"gold_gain":0,"player_choice":"Forge","damage_taken":0,"max_hp_gain":0,"max_hp_loss":0,"event_name":"Accursed Blacksmith","floor":3,"gold_loss":0,"cards_upgraded":["Defragment"]},{"cards_removed":["Strike_B"],"damage_healed":0,"gold_gain":0,"player_choice":"Card Removal","damage_taken":7,"max_hp_gain":0,"max_hp_loss":0,"event_name":"Golden Wing","floor":10,"gold_loss":0},{"damage_healed":0,"gold_gain":0,"player_choice":"Success","damage_taken":5,"relics_obtained":["DataDisk"],"max_hp_gain":0,"max_hp_loss":0,"event_name":"Scrap Ooze","floor":13,"gold_loss":0},{"damage_healed":0,"gold_gain":0,"player_choice":"Read","damage_taken":0,"max_hp_gain":0,"max_hp_loss":0,"event_name":"The Library","floor":19,"gold_loss":0,"cards_obtained":["White Noise"]},{"damage_healed":0,"gold_gain":0,"player_choice":"Fight","damage_taken":0,"max_hp_gain":0,"max_hp_loss":0,"event_name":"Colosseum","floor":22,"gold_loss":0}],"is_beta":false,"boss_relics":[{"not_picked":["Calling Bell","Pandora\u0027s Box"],"picked":"Runic Pyramid"}],"items_purged_floors":[11],"is_endless":false,"potions_floor_spawned":[5,12,14,16,21],"killed_by":"Colosseum Slavers","ascension_level":18}