{"gold_per_floor":[14,28,48,64,78,78,90,108,133,145,174,186,163,188,200,288,300,323,353,365,139,157,157,157],"floor_reached":24,"playtime":980,"items_purged":[],"score":413,"play_id":"a9e21200-ae85-480c-a5e3-35ffa6beebe3","local_time":"20190209020622","is_ascension_mode":true,"campfire_choices":[{"floor":6,"key":"REST"},{"data":"Defragment","floor":10,"key":"SMITH"},{"floor":15,"key":"REST"},{"floor":23,"key":"REST"}],"neow_cost":"NO_GOLD","seed_source_timestamp":230556638093200,"circlet_count":0,"master_deck":["AscendersBane","Strike_B+1","Strike_B+1","Strike_B+1","Strike_B+1","Defend_B+1","Defend_B+1","Defend_B+1","Defend_B+1","Zap","Dualcast","Sweeping Beam","Rebound","Compile Driver","Doom and Gloom","Genetic Algorithm","Genetic Algorithm","Stack","Defragment+1","Stack","Capacitor","Echo Form","Beam Cell","Ball Lightning","Coolheaded","Ball Lightning","Buffer","Cold Snap","Hologram","Biased Cognition","Stack+1","Conserve Battery+1","Static Discharge","Defragment","Capacitor","Hologram"],"relics":["Cracked Core","Prayer Wheel","MawBank","Black Star","Bronze Scales"],"potions_floor_usage":[14,16,18,24],"damage_taken":[{"damage":10,"enemies":"Small Slimes","floor":1,"turns":3},{"damage":2,"enemies":"2 Louse","floor":2,"turns":2},{"damage":12,"enemies":"Jaw Worm","floor":3,"turns":2},{"damage":13,"enemies":"3 Louse","floor":4,"turns":4},{"damage":13,"enemies":"Blue Slaver","floor":5,"turns":4},{"damage":3,"enemies":"2 Fungi Beasts","floor":7,"turns":4},{"damage":7,"enemies":"Gremlin Gang","floor":8,"turns":3},{"damage":12,"enemies":"Lots of Slimes","floor":11,"turns":3},{"damage":10,"enemies":"Exordium Thugs","floor":14,"turns":2},{"damage":4,"enemies":"The Guardian","floor":16,"turns":10},{"damage":15,"enemies":"Chosen","floor":18,"turns":5},{"damage":18,"enemies":"3 Byrds","floor":19,"turns":5},{"damage":8,"enemies":"Sentry and Sphere","floor":22,"turns":7},{"damage":43,"enemies":"Colosseum Slavers","floor":24,"turns":3}],"seed_played":"8909737297372306737","potions_obtained":[{"floor":1,"key":"Fire Potion"},{"floor":3,"key":"EssenceOfSteel"},{"floor":5,"key":"Strength Potion"},{"floor":14,"key":"Ancient Potion"},{"floor":18,"key":"SkillPotion"},{"floor":22,"key":"SpeedPotion"}],"is_trial":false,"path_per_floor":["M","M","M","M","M","R","M","M","T","R","M","?","?","M","R","B",null,"M","M","?","$","M","R","?"],"character_chosen":"DEFECT","items_purchased":["Defragment","Bronze Scales"],"campfire_rested":3,"item_purchase_floors":[21,21],"current_hp_per_floor":[54,52,40,27,14,35,32,25,25,25,13,13,30,20,41,37,63,48,30,30,30,22,43,0],"gold":157,"neow_bonus":"ONE_RARE_RELIC","is_prod":false,"is_daily":false,"chose_seed":false,"campfire_upgraded":1,"win_rate":0,"timestamp":1549706782,"path_taken":["M","M","M","M","M","R","M","M","T","R","M","?","?","M","R","BOSS","M","M","?","$","M","R","?"],"build_version":"2019-01-23","purchased_purges":0,"victory":false,"max_hp_per_floor":[71,71,71,71,71,71,71,71,71,71,71,71,71,71,71,71,71,71,71,71,71,71,71,71],"card_choices":[{"not_picked":["Stack","Steam"],"picked":"Sweeping Beam","floor":1},{"not_picked":["Reinforced Body","Auto Shields"],"picked":"Rebound","floor":1},{"not_picked":["Coolheaded","Steam"],"picked":"Compile Driver","floor":2},{"not_picked":["Rebound","Conserve Battery"],"picked":"Doom and Gloom","floor":2},{"not_picked":["Skim","Redo"],"picked":"Genetic Algorithm","floor":3},{"not_picked":["Conserve Battery","Go for the Eyes"],"picked":"Genetic Algorithm","floor":3},{"not_picked":["Sweeping Beam","Doom and Gloom"],"picked":"Stack","floor":4},{"not_picked":["Cold Snap","Rebound"],"picked":"Defragment","floor":4},{"not_picked":["Reprogram","Rebound"],"picked":"Stack","floor":5},{"not_picked":["Conserve Battery","Rebound"],"picked":"Capacitor","floor":5},{"not_picked":["BootSequence","Sunder"],"picked":"Echo Form","floor":7},{"not_picked":["Redo","Streamline"],"picked":"Beam Cell","floor":7},{"not_picked":["Loop","Blizzard"],"picked":"Ball Lightning","floor":8},{"not_picked":["Redo","Streamline"],"picked":"Coolheaded","floor":8},{"not_picked":["Compile Driver","Doom and Gloom"],"picked":"Ball Lightning","floor":11},{"not_picked":["Leap","Gash"],"picked":"Buffer","floor":11},{"not_picked":["Hologram","Steam Power"],"picked":"Cold Snap","floor":14},{"not_picked":["Sweeping Beam","Recycle"],"picked":"Hologram","floor":14},{"not_picked":["Multi-Cast","Amplify"],"picked":"Biased Cognition","floor":16},{"not_picked":["Coolheaded","Undo"],"picked":"Stack+1","floor":18},{"not_picked":["Rip and Tear","Beam Cell"],"picked":"Conserve Battery+1","floor":18},{"not_picked":["Sweeping Beam","Steam"],"picked":"Static Discharge","floor":19},{"not_picked":["Genetic Algorithm","Chaos","Beam Cell"],"picked":"SKIP","floor":19},{"not_picked":["Streamline","Fusion"],"picked":"Capacitor","floor":22},{"not_picked":["Lockon","Sweeping Beam+1"],"picked":"Hologram","floor":22}],"player_experience":671885,"relics_obtained":[{"floor":9,"key":"MawBank"}],"event_choices":[{"damage_healed":0,"gold_gain":0,"player_choice":"Ignored","damage_taken":0,"max_hp_gain":0,"max_hp_loss":0,"event_name":"Shining Light","floor":12,"gold_loss":0},{"damage_healed":17,"gold_gain":0,"player_choice":"Healed","damage_taken":0,"max_hp_gain":0,"max_hp_loss":0,"event_name":"The Cleric","floor":13,"gold_loss":35},{"damage_healed":0,"gold_gain":0,"player_choice":"Simplicity","damage_taken":0,"max_hp_gain":0,"max_hp_loss":0,"event_name":"Back to Basics","floor":20,"gold_loss":0,"cards_upgraded":["Strike_B","Strike_B","Strike_B","Strike_B","Defend_B","Defend_B","Defend_B","Defend_B"]},{"damage_healed":0,"gold_gain":0,"player_choice":"Fight","damage_taken":0,"max_hp_gain":0,"max_hp_loss":0,"event_name":"Colosseum","floor":24,"gold_loss":0}],"is_beta":false,"boss_relics":[{"not_picked":["Nuclear Battery","Coffee Dripper"],"picked":"Black Star"}],"items_purged_floors":[],"is_endless":false,"potions_floor_spawned":[1,3,5,11,14,18,22],"killed_by":"Colosseum Slavers","ascension_level":20}