{"gold_per_floor":[115,22,22,39,49,81,81,111,111,126,126,152,177,177,177,251,251,268,183,183,197,197,223,223,251,297,297,323,28,46,56,56,131,181,191,6,25,42,55,80,80,30,30,49,76,76,376,410,410,410],"floor_reached":51,"playtime":4051,"items_purged":["Zap","Strike_B+1"],"score":1532,"play_id":"14f30abe-4603-4a44-ac0e-9d2125649464","local_time":"20180825171011","is_ascension_mode":true,"campfire_choices":[{"floor":7.0,"key":"REST"},{"data":"1","floor":11.0,"key":"LIFT"},{"data":"2","floor":15.0,"key":"LIFT"},{"data":"3","floor":24.0,"key":"LIFT"},{"floor":27.0,"key":"REST"},{"floor":32.0,"key":"REST"},{"floor":49,"key":"REST"}],"neow_cost":"NONE","seed_source_timestamp":0,"circlet_count":0,"master_deck":["Strike_B+1","Strike_B+1","Defend_B+1","Defend_B+1","Defend_B+1","Defend_B+1","Dualcast","AscendersBane","White Noise","Genetic Algorithm","Sweeping Beam+1","Ball Lightning","Auto Shields","Leap","Sunder","Biased Cognition","Genetic Algorithm","Creative AI+1","Ball Lightning+1","Leap+1","Echo Form","Stack","Force Field","Capacitor+1","Buffer+1","Defragment+1","Hologram+1","Glacier","Hologram","Finesse","Secret Technique","Chaos","Madness","Madness"],"special_seed":0,"relics":["Cracked Core","Pear","Girya","Bird Faced Urn","Smiling Mask","Odd Mushroom","Happy Flower","Fusion Hammer","Blood Vial","Dodecahedron","Ancient Tea Set","Calipers","Whetstone","Frozen Egg 2","HandDrill","Tiny House","Oddly Smooth Stone","Bag of Marbles","Lantern","Bronze Scales","Matryoshka"],"potions_floor_usage":[38,40,48,50],"damage_taken":[{"damage":4.0,"enemies":"Jaw Worm","floor":1.0,"turns":4.0},{"damage":12.0,"enemies":"Small Slimes","floor":4.0,"turns":3.0},{"damage":11.0,"enemies":"2 Louse","floor":5.0,"turns":2.0},{"damage":19.0,"enemies":"3 Sentries","floor":6.0,"turns":5.0},{"damage":5.0,"enemies":"Lagavulin","floor":8.0,"turns":7.0},{"damage":9.0,"enemies":"Red Slaver","floor":10.0,"turns":5.0},{"damage":17.0,"enemies":"3 Sentries","floor":12.0,"turns":6.0},{"damage":4.0,"floor":13.0,"turns":4.0},{"damage":27.0,"enemies":"Hexaghost","floor":16.0,"turns":10.0},{"damage":8.0,"enemies":"2 Thieves","floor":18.0,"turns":4.0},{"damage":20.0,"enemies":"Chosen","floor":21.0,"turns":6.0},{"damage":0.0,"enemies":"Gremlin Leader","floor":23.0,"turns":7.0},{"damage":37.0,"enemies":"Book of Stabbing","floor":25.0,"turns":6.0},{"damage":14.0,"enemies":"Gremlin Leader","floor":28.0,"turns":6.0},{"damage":24.0,"enemies":"Snake Plant","floor":30.0,"turns":3.0},{"damage":0.0,"enemies":"Snecko","floor":31.0,"turns":6.0},{"damage":43.0,"enemies":"Automaton","floor":33.0,"turns":9.0},{"damage":46.0,"enemies":"3 Darklings","floor":35.0,"turns":9.0},{"damage":0,"enemies":"Flame Bruiser 1 Orb","floor":37,"turns":6},{"damage":11,"enemies":"Transient","floor":38,"turns":5},{"damage":10,"enemies":"3 Darklings","floor":39,"turns":6},{"damage":0,"enemies":"Giant Head","floor":40,"turns":9},{"damage":6,"enemies":"Spire Growth","floor":44,"turns":5},{"damage":4,"enemies":"2 Orb Walkers","floor":45,"turns":5},{"damage":0,"enemies":"Giant Head","floor":48,"turns":10},{"damage":22,"enemies":"Donu and Deca","floor":50,"turns":12}],"seed_played":"7062066287683879055","potions_obtained":[{"floor":4.0,"key":"Ancient Potion"},{"floor":8.0,"key":"SteroidPotion"},{"floor":10.0,"key":"AttackPotion"},{"floor":12.0,"key":"Poison Potion"},{"floor":13.0,"key":"Block Potion"},{"floor":18.0,"key":"PowerPotion"},{"floor":21.0,"key":"Energy Potion"},{"floor":25.0,"key":"SkillPotion"},{"floor":31.0,"key":"FocusPotion"},{"floor":33.0,"key":"SpeedPotion"},{"floor":34.0,"key":"Block Potion"},{"floor":35.0,"key":"Block Potion"},{"floor":39,"key":"PowerPotion"},{"floor":45,"key":"PowerPotion"}],"is_trial":false,"path_per_floor":["M","$","?","M","M","E","R","E","T","M","R","E","?","?","R","B",null,"M","?","?","M","?","E","R","E","T","R","E","$","M","M","R","B",null,"M","$","M","M","M","E","?","$","T","M","E","?","?","E","R","B"],"character_chosen":"DEFECT","items_purchased":["Genetic Algorithm","Sweeping Beam","HandDrill","PowerPotion","Glacier","Oddly Smooth Stone"],"campfire_rested":4,"item_purchase_floors":[2,2,29,29,36,36],"current_hp_per_floor":[60,60,60,55,44,35,59,61,61,54,54,49,47,36,36,13,64,60,60,60,46,46,72,72,50,50,74,81,81,66,78,81,64,82,76,76,86,86,86,86,76,76,76,86,86,71,71,86,86,86],"gold":410,"neow_bonus":"REMOVE_CARD","is_prod":false,"is_daily":false,"chose_seed":false,"campfire_upgraded":0,"win_rate":0,"timestamp":1535209811,"path_taken":["M","$","?","?","M","E","R","E","T","M","R","E","?","?","R","BOSS","M","?","?","M","?","E","R","E","T","R","E","$","M","M","R","BOSS","M","$","M","M","M","E","?","$","T","M","E","?","?","E","R","BOSS"],"build_version":"2018-08-23v2","purchased_purges":2,"victory":true,"max_hp_per_floor":[71,71,71,71,71,81,81,81,81,81,81,81,81,81,81,81,81,81,81,81,81,81,81,81,81,81,81,81,81,81,81,81,81,86,86,86,86,86,86,86,86,86,86,86,86,86,86,86,86,86],"card_choices":[{"not_picked":["Stack","Melter"],"picked":"White Noise","floor":1.0},{"not_picked":["Coolheaded","Cold Snap"],"picked":"Ball Lightning","floor":4.0},{"not_picked":["Fusion","Tempest"],"picked":"Auto Shields","floor":5.0},{"not_picked":["Reprogram","Darkness"],"picked":"Leap","floor":6.0},{"not_picked":["Beam Cell","Double Energy"],"picked":"Sunder","floor":8.0},{"not_picked":["Auto Shields","Redo","Beam Cell"],"picked":"SKIP","floor":10.0},{"not_picked":["Beam Cell","Melter"],"picked":"Biased Cognition","floor":12.0},{"not_picked":["Melter","Auto Shields"],"picked":"Genetic Algorithm","floor":13.0},{"not_picked":["Meteor Strike","Amplify"],"picked":"Creative AI","floor":16.0},{"not_picked":["Lockon","Sweeping Beam","Gash"],"picked":"SKIP","floor":18.0},{"not_picked":["Turbo","Sweeping Beam"],"picked":"Ball Lightning","floor":21.0},{"not_picked":["Consume","BootSequence"],"picked":"Leap+1","floor":23.0},{"not_picked":["FTL","Compile Driver"],"picked":"Echo Form","floor":25.0},{"not_picked":["Self Repair","Turbo"],"picked":"Stack","floor":28.0},{"not_picked":["Steam","Rebound"],"picked":"Force Field","floor":30.0},{"not_picked":["Beam Cell","Sweeping Beam"],"picked":"Capacitor+1","floor":31.0},{"not_picked":["Rainbow","Creative AI+1"],"picked":"Buffer+1","floor":33.0},{"not_picked":["Compile Driver","Sweeping Beam"],"picked":"Defragment+1","floor":34.0},{"not_picked":["Undo","Chaos"],"picked":"Hologram+1","floor":35.0},{"not_picked":["Conserve Battery+1","Undo"],"picked":"Hologram","floor":37},{"not_picked":["Stack+1","Reprogram","FTL+1"],"picked":"SKIP","floor":38},{"not_picked":["Gash","Rebound","Multi-Cast"],"picked":"SKIP","floor":39},{"not_picked":["Echo Form+1","Hologram","Turbo"],"picked":"SKIP","floor":40},{"not_picked":["Deep Breath","Forethought"],"picked":"Finesse","floor":41},{"not_picked":["Violence","Purity"],"picked":"Secret Technique","floor":41},{"not_picked":["Go for the Eyes","Rebound","Loop+1"],"picked":"SKIP","floor":44},{"not_picked":["BootSequence+1","Scrape+1"],"picked":"Chaos","floor":45},{"not_picked":["Ball Lightning","Redo","Rebound"],"picked":"SKIP","floor":48}],"player_experience":963853,"relics_obtained":[{"floor":6.0,"key":"Pear"},{"floor":8.0,"key":"Girya"},{"floor":9.0,"key":"Bird Faced Urn"},{"floor":12.0,"key":"Smiling Mask"},{"floor":13.0,"key":"Odd Mushroom"},{"floor":23.0,"key":"Ancient Tea Set"},{"floor":25.0,"key":"Calipers"},{"floor":26.0,"key":"Whetstone"},{"floor":28.0,"key":"Frozen Egg 2"},{"floor":40,"key":"Bag of Marbles"},{"floor":43,"key":"Lantern"},{"floor":45,"key":"Bronze Scales"},{"floor":48,"key":"Matryoshka"}],"event_choices":[{"event_name":"Shining Light","player_choice":"Ignored","floor":3.0,"damage_taken":0.0},{"event_name":"Mushrooms","player_choice":"Fought Mushrooms","floor":13.0,"damage_taken":0.0},{"event_name":"Scrap Ooze","player_choice":"success","floor":14.0,"damage_taken":11.0},{"event_name":"Addict","player_choice":"Obtained Relic","floor":19.0,"damage_taken":0.0},{"event_name":"WeMeetAgain","player_choice":"Potion","floor":20.0,"damage_taken":0.0},{"event_name":"Back to Basics","player_choice":"Simplicity","floor":22.0,"damage_taken":0.0},{"event_name":"SensoryStone","player_choice":"Memory 3","floor":41,"damage_taken":0},{"event_name":"Winding Halls","player_choice":"Embrace Madness","floor":46,"damage_taken":0},{"event_name":"Wheel of Change","player_choice":"Gold","floor":47,"damage_taken":0}],"is_beta":false,"boss_relics":[{"not_picked":["Inserter","Orrery"],"picked":"Fusion Hammer"},{"not_picked":["Coffee Dripper","Pandora\u0027s Box"],"picked":"Tiny House"}],"items_purged_floors":[29,42],"is_endless":false,"potions_floor_spawned":[4,8,10,12,13,18,21,25,31,33,35,37,39,45],"ascension_level":15}