{"gold_per_floor":[119,119,119,130,141,141,169,180,180,195,221,237,237,162,162,162],"floor_reached":16,"playtime":439,"items_purged":["Strike_R"],"score":118,"play_id":"dea137ac-c146-4f93-a55f-7bd169cd812b","local_time":"20190307200052","is_ascension_mode":true,"campfire_choices":[{"data":"Clothesline","floor":6,"key":"SMITH"},{"floor":13,"key":"REST"},{"data":"Pommel Strike","floor":15,"key":"SMITH"}],"neow_cost":"TEN_PERCENT_HP_LOSS","seed_source_timestamp":386603704917345,"circlet_count":0,"master_deck":["Strike_R","Strike_R","Strike_R","Defend_R","Defend_R","Bash","Clothesline+1","Combust","Sentinel","Pommel Strike+1"],"relics":["Burning Blood","Art of War","Bottled Lightning","Pocketwatch"],"potions_floor_usage":[10,11],"damage_taken":[{"damage":6,"enemies":"Cultist","floor":1,"turns":3},{"damage":9,"enemies":"2 Louse","floor":4,"turns":2},{"damage":12,"enemies":"Small Slimes","floor":5,"turns":3},{"damage":22,"enemies":"Gremlin Nob","floor":7,"turns":4},{"damage":9,"enemies":"Looter","floor":8,"turns":3},{"damage":6,"enemies":"Gremlin Gang","floor":10,"turns":3},{"damage":39,"enemies":"3 Sentries","floor":11,"turns":7},{"damage":6,"enemies":"Red Slaver","floor":12,"turns":3},{"damage":0,"enemies":"Slime Boss","floor":16,"turns":1}],"seed_played":"1381705591464524889","potions_obtained":[{"floor":1,"key":"Regen Potion"},{"floor":5,"key":"SpeedPotion"},{"floor":8,"key":"AttackPotion"},{"floor":11,"key":"GamblersBrew"},{"floor":12,"key":"Dexterity Potion"}],"is_trial":false,"path_per_floor":["M","$","?","M","M","R","E","M","T","M","E","M","R","$","R","B"],"character_chosen":"IRONCLAD","items_purchased":[],"campfire_rested":1,"item_purchase_floors":[],"current_hp_per_floor":[72,72,72,69,63,63,47,44,44,44,26,26,47,47,47,47],"gold":162,"neow_bonus":"REMOVE_TWO","is_prod":false,"is_daily":false,"chose_seed":false,"campfire_upgraded":2,"win_rate":0,"timestamp":1551985252,"path_taken":["M","$","?","M","M","R","E","M","T","?","E","M","R","$","R","BOSS"],"build_version":"2019-01-23","purchased_purges":1,"victory":false,"max_hp_per_floor":[72,72,72,72,72,72,72,72,72,72,72,72,72,72,72,72],"card_choices":[{"not_picked":["Searing Blow","Whirlwind"],"picked":"Clothesline","floor":1},{"not_picked":["Anger","Clash","Flex"],"picked":"SKIP","floor":4},{"not_picked":["Battle Trance","Thunderclap","Rupture"],"picked":"SKIP","floor":5},{"not_picked":["Shockwave","Metallicize","Anger"],"picked":"SKIP","floor":7},{"not_picked":["Armaments","Intimidate"],"picked":"Sentinel","floor":8},{"not_picked":["Battle Trance","Barricade","Wild Strike"],"picked":"SKIP","floor":10},{"not_picked":["Spot Weakness","Dark Embrace"],"picked":"Pommel Strike","floor":11},{"not_picked":["Havoc","Headbutt","True Grit"],"picked":"SKIP","floor":12}],"player_experience":1083685,"relics_obtained":[{"floor":7,"key":"Art of War"},{"floor":9,"key":"Bottled Lightning"},{"floor":11,"key":"Pocketwatch"}],"event_choices":[{"damage_healed":0,"gold_gain":0,"cards_transformed":["Defend_R"],"player_choice":"Transformed","damage_taken":0,"max_hp_gain":0,"max_hp_loss":0,"event_name":"Transmorgrifier","floor":3,"gold_loss":0,"cards_obtained":["Combust"]}],"is_beta":false,"boss_relics":[],"items_purged_floors":[14],"is_endless":false,"potions_floor_spawned":[1,5,8,11,12],"killed_by":"Slime Boss","ascension_level":1}