{"path_per_floor":["M","M","?","M","?","E","R","E","T","M","M","E","?","?","R"],"character_chosen":"IRONCLAD","items_purchased":[],"gold_per_floor":[18,38,38,50,50,93,93,133,178,194,217,250,425,455,455,455],"floor_reached":16,"campfire_rested":0,"playtime":854,"current_hp_per_floor":[66,72,56,55,55,41,41,31,31,36,33,30,30,30,30,0],"items_purged":[],"gold":455,"score":186,"play_id":"1b12f7be-d189-48b8-a889-a7362fc1c2ae","local_time":"20180326140153","is_prod":false,"is_daily":false,"is_ascension_mode":true,"campfire_upgraded":2,"timestamp":1522040513,"path_taken":["M","M","?","M","?","E","R","E","T","M","?","E","?","?","R","BOSS"],"build_version":"2018-03-22v2","purchased_purges":0,"victory":false,"master_deck":["Strike_R+1","Strike_R","Strike_R","Strike_R","Strike_R","Defend_R","Defend_R","Defend_R","Defend_R","Bash","AscendersBane","Fiend Fire","Thunderclap+1","Twin Strike","True Grit+1","Perfected Strike+1","Anger","Flame Barrier","Shrug It Off","Doubt"],"max_hp_per_floor":[80,80,80,80,74,74,74,74,74,74,74,74,74,74,74,74],"relics":["Burning Blood","Golden Idol","Paper Frog","Oddly Smooth Stone","Prayer Wheel","Pantograph"],"card_choices":[{"not_picked":["Demon Form","Juggernaut"],"picked":"Fiend Fire","floor":0},{"not_picked":["Body Slam","Warcry"],"picked":"Thunderclap","floor":1},{"not_picked":["Warcry","Searing Blow"],"picked":"Twin Strike","floor":2},{"not_picked":["Immolate","Thunderclap"],"picked":"True Grit","floor":6},{"not_picked":["True Grit","Juggernaut"],"picked":"Perfected Strike","floor":8},{"not_picked":["Twin Strike","True Grit"],"picked":"Anger","floor":10},{"not_picked":["Searing Blow","Sword Boomerang"],"picked":"Flame Barrier","floor":11},{"not_picked":["Double Tap","Rampage"],"picked":"Shrug It Off","floor":12}],"player_experience":361674,"potions_floor_usage":[6,6,12],"damage_taken":[{"damage":12,"enemies":"Small Slimes","floor":1,"turns":4},{"damage":0,"enemies":"2 Louse","floor":2,"turns":2},{"damage":7,"enemies":"Jaw Worm","floor":4,"turns":3},{"damage":20,"enemies":"Lagavulin","floor":6,"turns":5},{"damage":16,"enemies":"Gremlin Nob","floor":8,"turns":4},{"damage":1,"enemies":"Looter","floor":10,"turns":3},{"damage":9,"enemies":"Exordium Thugs","floor":11,"turns":4},{"damage":9,"enemies":"Lagavulin","floor":12,"turns":6},{"damage":55,"enemies":"The Guardian","floor":16,"turns":9}],"event_choices":[{"event_name":"Shining Light","player_choice":"Entered Light","floor":3,"damage_taken":0},{"event_name":"Golden Idol","player_choice":"Lose Max HP","floor":5,"damage_taken":0},{"event_name":"Liars Game","player_choice":"agreed","floor":13,"damage_taken":0},{"event_name":"Dead Adventurer","player_choice":"Searched \u00271\u0027 times","floor":14,"damage_taken":0}],"boss_relics":[],"potions_floor_spawned":[2,4,8],"seed_played":"-5647148927402295899","killed_by":"The Guardian","ascension_level":11,"is_trial":false}