{"gold_per_floor":[112,112,112,89,89,121,121,136,185,198,211,224,224,299,299,398,398,411,140,155,335,335,335,362,362,362,372,385,398,398,398,398,398],"floor_reached":33,"playtime":2382,"items_purged":["Strike_R"],"score":265,"play_id":"6b6d35bc-83a7-4f61-a1fb-cd695012a6c8","local_time":"20180814152546","is_ascension_mode":false,"campfire_choices":[{"floor":7,"key":"REST"},{"data":"Sword Boomerang","floor":13,"key":"SMITH"},{"data":"Iron Wave","floor":15,"key":"SMITH"},{"floor":23,"key":"REST"},{"floor":25,"key":"REST"},{"floor":32,"key":"REST"}],"neow_cost":"NONE","seed_source_timestamp":309870309991667,"circlet_count":0,"master_deck":["Strike_R+1","Strike_R+1","Strike_R","Strike_R","Defend_R","Defend_R","Defend_R","Defend_R","Flex+1","Sword Boomerang+1","Clash","Thunderclap","Headbutt","Iron Wave+1","Infernal Blade","Clash","Bludgeon","Finesse","Pommel Strike","Metallicize","True Grit+1","Flash of Steel","Metallicize","Twin Strike","Flex"],"relics":["Burning Blood","Happy Flower","Boot","Busted Crown","Paper Frog","Mummified Hand","Nilry\u0027s Codex"],"potions_floor_usage":[29,33,33,33],"damage_taken":[{"damage":5,"enemies":"2 Louse","floor":1,"turns":3},{"damage":16,"enemies":"Lagavulin","floor":6,"turns":5},{"damage":1,"enemies":"Cultist","floor":8,"turns":3},{"damage":6,"enemies":"Jaw Worm","floor":10,"turns":2},{"damage":12,"enemies":"Blue Slaver","floor":11,"turns":2},{"damage":7,"enemies":"3 Louse","floor":12,"turns":2},{"damage":28,"enemies":"Hexaghost","floor":16,"turns":8},{"damage":8,"enemies":"3 Byrds","floor":18,"turns":4},{"damage":3,"enemies":"Chosen","floor":20,"turns":3},{"damage":38,"enemies":"Gremlin Leader","floor":24,"turns":7},{"damage":25,"enemies":"Snake Plant","floor":27,"turns":3},{"damage":13,"enemies":"Cultist and Chosen","floor":28,"turns":5},{"damage":5,"enemies":"Snecko","floor":29,"turns":3},{"damage":39,"enemies":"Automaton","floor":33,"turns":8}],"seed_played":"-3099345891531582430","potions_obtained":[{"floor":8,"key":"Dexterity Potion"},{"floor":12,"key":"SpeedPotion"},{"floor":16,"key":"SmokeBomb"},{"floor":27,"key":"Ancient Potion"},{"floor":28,"key":"Swift Potion"},{"floor":29,"key":"FearPotion"}],"is_trial":false,"path_per_floor":["M","?","?","$","?","E","R","M","T","M","M","M","R","?","R","B",null,"M","$","M","?","?","R","E","R","T","M","M","M","?","?","R"],"character_chosen":"IRONCLAD","items_purchased":["Clash","Finesse","Pommel Strike","Metallicize"],"campfire_rested":4,"item_purchase_floors":[4,19,19,19],"current_hp_per_floor":[80,80,64,64,64,54,78,80,80,80,74,73,73,62,62,40,80,78,78,80,48,33,58,26,51,51,32,25,26,26,10,35,0],"gold":398,"neow_bonus":"THREE_CARDS","is_prod":false,"is_daily":false,"chose_seed":false,"campfire_upgraded":2,"win_rate":0.0,"timestamp":1534274746,"path_taken":["M","?","?","$","?","E","R","?","T","M","M","M","R","?","R","BOSS","M","$","M","?","?","R","E","R","T","?","M","M","?","?","R","BOSS"],"build_version":"2018-08-09","purchased_purges":1,"victory":false,"max_hp_per_floor":[80,80,80,80,80,80,80,80,80,80,80,80,80,80,80,80,80,80,80,80,80,85,85,85,85,85,85,85,85,85,85,85,85],"card_choices":[{"not_picked":["Clash","Combust"],"picked":"Flex","floor":0},{"not_picked":["Hemokinesis","Dropkick"],"picked":"Sword Boomerang","floor":1},{"not_picked":["Reaper","Brutality"],"picked":"Thunderclap","floor":6},{"not_picked":["Anger","Perfected Strike"],"picked":"Headbutt","floor":8},{"not_picked":["Clash","Clothesline"],"picked":"Iron Wave","floor":10},{"not_picked":["Body Slam","Cleave"],"picked":"Infernal Blade","floor":11},{"not_picked":["Perfected Strike","Clothesline"],"picked":"Clash","floor":12},{"not_picked":["Barricade","Reaper"],"picked":"Bludgeon","floor":16},{"not_picked":["Perfected Strike"],"picked":"SKIP","floor":18},{"not_picked":[],"picked":"True Grit+1","floor":20},{"not_picked":[],"picked":"Metallicize","floor":24},{"not_picked":[],"picked":"Twin Strike","floor":27},{"not_picked":["Intimidate"],"picked":"SKIP","floor":28},{"not_picked":[],"picked":"Flex","floor":29}],"player_experience":3592,"relics_obtained":[{"floor":6,"key":"Happy Flower"},{"floor":9,"key":"Boot"},{"floor":24,"key":"Paper Frog"},{"floor":26,"key":"Mummified Hand"},{"floor":31,"key":"Nilry\u0027s Codex"}],"event_choices":[{"event_name":"Bonfire Elementals","player_choice":"BASIC","floor":2,"damage_taken":0},{"event_name":"Shining Light","player_choice":"Entered Light","floor":3,"damage_taken":0},{"event_name":"Living Wall","player_choice":"Grow","floor":5,"damage_taken":0},{"event_name":"World of Goop","player_choice":"Gather Gold","floor":14,"damage_taken":0},{"event_name":"Knowing Skull","player_choice":"GOLD GOLD CARD ","floor":21,"damage_taken":0},{"event_name":"Forgotten Altar","player_choice":"Shed Blood","floor":22,"damage_taken":0},{"event_name":"Drug Dealer","player_choice":"Ignored","floor":30,"damage_taken":0},{"event_name":"Cursed Tome","player_choice":"Obtained Book","floor":31,"damage_taken":0}],"is_beta":false,"boss_relics":[{"not_picked":["Snecko Eye","Runic Dome"],"picked":"Busted Crown"}],"items_purged_floors":[19],"is_endless":false,"potions_floor_spawned":[8,12,16,27,28,29],"killed_by":"Automaton","ascension_level":0}