{"path_per_floor":["M","?","?","M","M","E","?","M","T","R","$","M","E","M","R"],"character_chosen":"THE_SILENT","items_purchased":["Footwork","Calculated Gamble"],"gold_per_floor":[114,114,114,132,152,178,228,244,244,244,14,25,52,64,64,64],"floor_reached":16,"campfire_rested":0,"playtime":643,"current_hp_per_floor":[59,39,61,59,59,57,57,57,57,57,57,57,56,48,48,0],"items_purged":["Strike_G"],"gold":64,"score":196,"play_id":"5b1279b4-6651-4eaf-8b32-9d37d9370abb","local_time":"20180408032318","is_prod":false,"is_daily":false,"is_ascension_mode":true,"campfire_upgraded":0,"timestamp":1523125398,"path_taken":["M","?","?","?","M","E","?","?","T","R","$","M","E","M","R","BOSS"],"build_version":"2018-04-05v2","purchased_purges":1,"victory":false,"master_deck":["Defend_G+1","Defend_G","Defend_G","Defend_G","Defend_G","Strike_G+1","Strike_G+1","Strike_G","Strike_G","Survivor+1","Neutralize","AscendersBane","Predator","Glass Knife","PiercingWail","Outmaneuver","Footwork","Calculated Gamble","Cloak And Dagger","Dash"],"max_hp_per_floor":[66,66,66,66,66,66,66,66,66,66,66,66,66,66,66,66],"relics":["Ring of the Snake","War Paint","Art of War","Girya","Meat on the Bone"],"card_choices":[{"not_picked":["Cloak And Dagger","Leg Sweep"],"picked":"Predator","floor":1},{"not_picked":["PiercingWail","Accuracy"],"picked":"Glass Knife","floor":4},{"not_picked":["Dagger Throw","Acrobatics"],"picked":"PiercingWail","floor":5},{"not_picked":["Quick Slash","Reflex"],"picked":"Outmaneuver","floor":6},{"not_picked":["Flying Knee","Quick Slash"],"picked":"Cloak And Dagger","floor":12},{"not_picked":["Prepared","Malaise"],"picked":"Dash","floor":14}],"player_experience":414634,"potions_floor_usage":[8,13,16],"damage_taken":[{"damage":0,"enemies":"Small Slimes","floor":1,"turns":3},{"damage":2,"enemies":"Jaw Worm","floor":4,"turns":3},{"damage":0,"enemies":"2 Louse","floor":5,"turns":2},{"damage":2,"enemies":"3 Sentries","floor":6,"turns":8},{"damage":0,"enemies":"Blue Slaver","floor":8,"turns":3},{"damage":0,"enemies":"3 Louse","floor":12,"turns":4},{"damage":13,"enemies":"Lagavulin","floor":13,"turns":6},{"damage":8,"enemies":"Exordium Wildlife","floor":14,"turns":6},{"damage":54,"enemies":"Hexaghost","floor":16,"turns":11}],"event_choices":[{"event_name":"Shining Light","player_choice":"Entered Light","floor":2,"damage_taken":0},{"event_name":"Big Fish","player_choice":"Banana","floor":3,"damage_taken":0},{"event_name":"Golden Shrine","player_choice":"Pray","floor":7,"damage_taken":0}],"boss_relics":[],"potions_floor_spawned":[5,6,12,14],"seed_played":"2119989801540257806","killed_by":"Hexaghost","ascension_level":15,"is_trial":false}