{"gold_per_floor":[113,113,18,31,106,140,140,171,196,196,196,213,213,230,230,330,330,344,269,288,73,73,104,114,39,95,194,194],"floor_reached":28,"playtime":707,"items_purged":["Decay"],"score":363,"play_id":"c051ca5d-4393-4609-926b-aa0db80500f1","local_time":"20180917121235","is_ascension_mode":true,"campfire_choices":[{"floor":10,"key":"REST"},{"data":"Darkness","floor":13,"key":"SMITH"},{"floor":15,"key":"REST"}],"neow_cost":"NONE","seed_source_timestamp":237453148404512,"circlet_count":0,"master_deck":["Strike_B+1","Defend_B","Defend_B","Defend_B+1","Zap","Dualcast","Capacitor","Barrage","Gash","Barrage","Darkness+1","Beam Cell","Loop+1","Multi-Cast","Static Discharge+1","Hyperbeam+1","Sunder+1","Rebound+1","Redo","Defragment+1","BootSequence","Conserve Battery","Electrodynamics+1","Storm+1"],"relics":["Cracked Core","NeowsBlessing","Bag of Preparation","Frozen Egg 2","Bottled Tornado","Strawberry","Bottled Lightning","Astrolabe","Meat on the Bone","Tiny Chest"],"potions_floor_usage":[18,20],"damage_taken":[{"damage":0,"enemies":"Small Slimes","floor":1,"turns":1},{"damage":0,"enemies":"Cultist","floor":4,"turns":1},{"damage":0,"enemies":"Lagavulin","floor":6,"turns":1},{"damage":39,"enemies":"Gremlin Nob","floor":8,"turns":5},{"damage":7,"enemies":"Jaw Worm","floor":12,"turns":4},{"damage":4,"enemies":"2 Fungi Beasts","floor":14,"turns":3},{"damage":25,"enemies":"Slime Boss","floor":16,"turns":5},{"damage":20,"enemies":"Shell Parasite","floor":18,"turns":4},{"damage":6,"enemies":"3 Byrds","floor":20,"turns":1},{"damage":15,"enemies":"Gremlin Leader","floor":23,"turns":4},{"damage":30,"enemies":"Snecko","floor":24,"turns":4},{"damage":16,"enemies":"Slavers","floor":28,"turns":1}],"seed_played":"2741537420953514538","potions_obtained":[{"floor":4,"key":"SteroidPotion"},{"floor":6,"key":"Strength Potion"},{"floor":12,"key":"LiquidBronze"},{"floor":16,"key":"Fruit Juice"},{"floor":20,"key":"FearPotion"},{"floor":23,"key":"Ancient Potion"}],"is_trial":false,"path_per_floor":["M","?","$","M","?","E","?","E","T","R","T","M","R","M","R","B",null,"M","?","M","$","?","E","M","$","T","?"],"character_chosen":"DEFECT","items_purchased":["Capacitor","Barrage","Defragment+1","BootSequence","Conserve Battery"],"campfire_rested":2,"item_purchase_floors":[3,3,21,21,21],"current_hp_per_floor":[68,68,68,68,61,61,46,7,14,38,38,31,31,27,51,26,68,53,53,47,47,47,32,14,14,14,14,0],"gold":194,"neow_bonus":"THREE_ENEMY_KILL","is_prod":false,"is_daily":false,"chose_seed":false,"campfire_upgraded":1,"win_rate":0,"timestamp":1537200755,"path_taken":["M","?","$","M","?","E","?","E","T","R","?","?","R","M","R","BOSS","M","?","M","$","?","E","M","$","T","?","E"],"build_version":"2018-09-06","purchased_purges":1,"victory":false,"max_hp_per_floor":[75,75,75,75,75,75,75,75,82,82,82,82,82,82,82,82,82,87,87,87,87,87,87,87,87,87,87,87],"card_choices":[{"not_picked":["Steam","Sweeping Beam"],"picked":"Consume","floor":1},{"not_picked":["Stack","Turbo"],"picked":"Gash","floor":4},{"not_picked":["Leap","Redo"],"picked":"Barrage","floor":6},{"not_picked":["Consume","Thunder Strike"],"picked":"Darkness","floor":8},{"not_picked":["FTL","Steam"],"picked":"Beam Cell","floor":12},{"not_picked":["Heatsinks+1","Conserve Battery"],"picked":"Loop+1","floor":14},{"not_picked":["Biased Cognition+1","Buffer+1"],"picked":"Multi-Cast","floor":16},{"not_picked":["Streamline","Beam Cell"],"picked":"Rebound+1","floor":18},{"not_picked":["Chaos","Rip and Tear"],"picked":"Redo","floor":20},{"not_picked":["Cold Snap","Reprogram"],"picked":"Electrodynamics+1","floor":23},{"not_picked":["Stack","Steam"],"picked":"Storm+1","floor":24}],"player_experience":202978,"relics_obtained":[{"floor":6,"key":"Frozen Egg 2"},{"floor":8,"key":"Bottled Tornado"},{"floor":9,"key":"Strawberry"},{"floor":11,"key":"Bottled Lightning"},{"floor":23,"key":"Meat on the Bone"},{"floor":26,"key":"Tiny Chest"}],"event_choices":[{"event_name":"WeMeetAgain","player_choice":"Card","floor":2,"damage_taken":0},{"event_name":"FaceTrader","player_choice":"Touch","floor":5,"damage_taken":0},{"event_name":"Shining Light","player_choice":"Entered Light","floor":7,"damage_taken":0},{"event_name":"Beggar","player_choice":"Gave Gold","floor":19,"damage_taken":0},{"event_name":"Forgotten Altar","player_choice":"Smashed Altar","floor":22,"damage_taken":0},{"event_name":"Nest","player_choice":"Stole From Cult","floor":27,"damage_taken":0}],"is_beta":false,"boss_relics":[{"not_picked":["Black Star","Empty Cage"],"picked":"Astrolabe"}],"items_purged_floors":[25],"is_endless":false,"potions_floor_spawned":[4,6,12,16,20,23],"killed_by":"Slavers","ascension_level":7}