{"gold_per_floor":[109,127,139,153,153,153,36,36,36,36,36,76,89,129,129,129],"floor_reached":16,"playtime":638,"items_purged":[],"score":198,"play_id":"442b7616-82f1-4785-8657-996aa56de89d","local_time":"20190219045904","is_ascension_mode":true,"campfire_choices":[{"data":"True Grit","floor":6.0,"key":"SMITH"},{"data":"Uppercut","floor":8.0,"key":"SMITH"},{"data":"Body Slam","floor":10.0,"key":"SMITH"},{"data":"Blind","floor":15.0,"key":"SMITH"}],"neow_cost":"PERCENT_DAMAGE","seed_source_timestamp":109537321069180,"circlet_count":0,"master_deck":["AscendersBane","Strike_R","Strike_R","Strike_R","Defend_R","Defend_R","Defend_R","Defend_R","Bash","Body Slam+1","Perfected Strike","Reckless Charge","Uppercut+1","Flame Barrier+1","True Grit+1","Shrug It Off","Blind+1","Cleave","Iron Wave","Fiend Fire"],"special_seed":0,"relics":["Burning Blood","Golden Idol","Centennial Puzzle","The Courier","Smiling Mask"],"potions_floor_usage":[16,16],"damage_taken":[{"damage":12.0,"enemies":"Jaw Worm","floor":1.0,"turns":4.0},{"damage":6.0,"enemies":"Cultist","floor":2.0,"turns":4.0},{"damage":0.0,"enemies":"2 Louse","floor":3.0,"turns":3.0},{"damage":11.0,"enemies":"Red Slaver","floor":4.0,"turns":4.0},{"damage":11.0,"enemies":"Lagavulin","floor":12.0,"turns":7.0},{"damage":23.0,"enemies":"Exordium Thugs","floor":13.0,"turns":5.0},{"damage":12.0,"enemies":"Gremlin Nob","floor":14.0,"turns":5.0},{"damage":24,"enemies":"Slime Boss","floor":16,"turns":8}],"seed_played":"-5887143370329384973","potions_obtained":[{"floor":1.0,"key":"Swift Potion"},{"floor":2.0,"key":"Ancient Potion"},{"floor":3.0,"key":"LiquidBronze"},{"floor":14.0,"key":"BloodPotion"}],"is_trial":false,"path_per_floor":["M","M","M","M","?","R","$","R","T","R","?","E","M","E","R","B"],"character_chosen":"IRONCLAD","items_purchased":["Shrug It Off","Blind"],"campfire_rested":0,"item_purchase_floors":[7,7],"current_hp_per_floor":[44,44,50,45,45,45,45,45,45,45,45,40,23,17,17,0],"gold":129,"neow_bonus":"TRANSFORM_TWO_CARDS","is_prod":false,"is_daily":false,"chose_seed":false,"campfire_upgraded":4,"win_rate":0,"timestamp":1550570344,"path_taken":["M","M","M","M","?","R","$","R","T","R","?","E","?","E","R","BOSS"],"build_version":"2019-01-23","purchased_purges":0,"victory":false,"max_hp_per_floor":[75,75,75,75,68,68,68,68,68,68,68,68,68,68,68,68],"card_choices":[{"not_picked":["Thunderclap","Ghostly Armor"],"picked":"Reckless Charge","floor":1.0},{"not_picked":["Body Slam","Blood for Blood"],"picked":"Uppercut","floor":2.0},{"not_picked":["Rupture","Seeing Red"],"picked":"Flame Barrier","floor":3.0},{"not_picked":["Bloodletting","Sentinel"],"picked":"True Grit","floor":4.0},{"not_picked":["Berserk","Anger"],"picked":"Cleave","floor":12.0},{"not_picked":["Fire Breathing","Searing Blow"],"picked":"Iron Wave","floor":13.0},{"not_picked":["Searing Blow","Pommel Strike"],"picked":"Fiend Fire","floor":14.0}],"player_experience":489223,"relics_obtained":[{"floor":9.0,"key":"Centennial Puzzle"},{"floor":12.0,"key":"The Courier"},{"floor":14.0,"key":"Smiling Mask"}],"event_choices":[{"damage_healed":0.0,"max_hp_gain":0.0,"max_hp_loss":7.0,"gold_gain":0.0,"event_name":"Golden Idol","player_choice":"Lose Max HP","floor":5.0,"gold_loss":0.0,"damage_taken":0.0,"relics_obtained":["Golden Idol"]},{"damage_healed":0.0,"max_hp_gain":0.0,"max_hp_loss":0.0,"gold_gain":0.0,"event_name":"Upgrade Shrine","player_choice":"Upgraded","floor":11.0,"gold_loss":0.0,"damage_taken":0.0,"cards_upgraded":["Flame Barrier"]}],"is_beta":false,"boss_relics":[],"items_purged_floors":[],"is_endless":false,"potions_floor_spawned":[1,2,3,14],"killed_by":"Slime Boss","ascension_level":16}