{"gold_per_floor":[118,118,118,118,132,166,166,199,222,222,17,40,76,76,76,169,169,187,212,237,257,273,304,316],"floor_reached":24,"playtime":790,"items_purged":["Strike_B"],"score":547,"play_id":"79b7a5ee-1d52-4bb1-8bc9-e90277394da6","local_time":"20190302110032","is_ascension_mode":true,"campfire_choices":[{"data":"Zap","floor":7.0,"key":"SMITH"},{"data":"Doom and Gloom","floor":10.0,"key":"SMITH"},{"data":"Defragment","floor":15.0,"key":"SMITH"}],"neow_cost":"NONE","seed_source_timestamp":95591351340523,"circlet_count":0,"master_deck":["AscendersBane","Strike_B","Strike_B+1","Strike_B","Defend_B","Defend_B","Defend_B","Defend_B","Zap+1","Dualcast","FTL","Gash","Cold Snap+1","Doom and Gloom+1","Defragment+1","Gash","Gash","Self Repair","Seek","Gash","Gash","Genetic Algorithm","Self Repair","Electrodynamics"],"special_seed":0,"relics":["Cracked Core","NeowsBlessing","Golden Idol","Regal Pillow","Gremlin Horn","Bronze Scales","Anchor","Whetstone","Black Star","Happy Flower","MawBank"],"potions_floor_usage":[24],"damage_taken":[{"damage":0.0,"enemies":"2 Louse","floor":1.0,"turns":1.0},{"damage":0.0,"enemies":"Small Slimes","floor":5.0,"turns":1.0},{"damage":0.0,"enemies":"3 Sentries","floor":6.0,"turns":2.0},{"damage":27.0,"enemies":"Lagavulin","floor":8.0,"turns":7.0},{"damage":6.0,"enemies":"Cultist","floor":12.0,"turns":2.0},{"damage":15.0,"enemies":"3 Sentries","floor":13.0,"turns":4.0},{"damage":10.0,"enemies":"Hexaghost","floor":16.0,"turns":7.0},{"damage":0.0,"enemies":"Chosen","floor":18.0,"turns":3.0},{"damage":16.0,"enemies":"Spheric Guardian","floor":19.0,"turns":4.0},{"damage":8.0,"enemies":"Centurion and Healer","floor":20.0,"turns":6.0},{"damage":19.0,"enemies":"Snake Plant","floor":21.0,"turns":4.0},{"damage":20.0,"enemies":"Chosen and Byrds","floor":22.0,"turns":5.0},{"damage":24.0,"enemies":"Book of Stabbing","floor":23.0,"turns":4.0},{"damage":8,"enemies":"Cultist and Chosen","floor":24,"turns":3}],"seed_played":"2173761342691662277","potions_obtained":[{"floor":5.0,"key":"SneckoOil"},{"floor":6.0,"key":"Regen Potion"},{"floor":13.0,"key":"Dexterity Potion"},{"floor":14.0,"key":"Dexterity Potion"},{"floor":16.0,"key":"Poison Potion"},{"floor":20.0,"key":"Ancient Potion"},{"floor":22.0,"key":"Swift Potion"},{"floor":23.0,"key":"Ancient Potion"}],"is_trial":false,"path_per_floor":["M","?","?","?","M","E","R","E","T","R","$","M","E","?","R","B",null,"M","M","M","M","M","E","M"],"character_chosen":"DEFECT","items_purchased":["Defragment","Gash"],"campfire_rested":0,"item_purchase_floors":[11,11],"current_hp_per_floor":[64,69,69,51,51,51,51,24,24,24,24,18,15,15,15,5,53,53,44,43,31,25,8,0],"gold":316,"neow_bonus":"THREE_ENEMY_KILL","is_prod":false,"is_daily":false,"chose_seed":false,"campfire_upgraded":3,"win_rate":0,"timestamp":1551542432,"path_taken":["M","?","?","?","M","E","R","E","T","R","$","M","E","?","R","BOSS","M","M","M","?","M","E","M"],"build_version":"2019-01-23","purchased_purges":1,"victory":false,"max_hp_per_floor":[71,76,69,69,69,69,69,69,69,69,69,69,69,69,69,69,69,69,69,69,69,69,69,69],"card_choices":[{"not_picked":["Stack","Sweeping Beam"],"picked":"FTL","floor":1.0},{"not_picked":["Barrage","Compile Driver"],"picked":"Gash","floor":5.0},{"not_picked":["Beam Cell","Hello World"],"picked":"Cold Snap","floor":6.0},{"not_picked":["Force Field","Rebound"],"picked":"Doom and Gloom","floor":8.0},{"not_picked":["Self Repair","Stack"],"picked":"Gash","floor":12.0},{"not_picked":["Sweeping Beam","Meteor Strike"],"picked":"Self Repair","floor":13.0},{"not_picked":["Rainbow","Amplify"],"picked":"Seek","floor":16.0},{"not_picked":["Skim","Defragment"],"picked":"Gash","floor":18.0},{"not_picked":["Stack","Reinforced Body"],"picked":"Gash","floor":19.0},{"not_picked":["Steam","Melter"],"picked":"Genetic Algorithm","floor":20.0},{"not_picked":["Fusion+1","Cold Snap"],"picked":"Self Repair","floor":21.0},{"not_picked":["Streamline","Aggregate","Recycle"],"picked":"SKIP","floor":22.0},{"not_picked":["Streamline","Storm"],"picked":"Electrodynamics","floor":23.0}],"player_experience":640168,"relics_obtained":[{"floor":6.0,"key":"Gremlin Horn"},{"floor":8.0,"key":"Bronze Scales"},{"floor":9.0,"key":"Anchor"},{"floor":13.0,"key":"Whetstone"},{"floor":23.0,"key":"Happy Flower"},{"floor":23.0,"key":"MawBank"}],"event_choices":[{"damage_healed":0.0,"max_hp_gain":5.0,"max_hp_loss":0.0,"gold_gain":0.0,"event_name":"Big Fish","player_choice":"Donut","floor":2.0,"gold_loss":0.0,"damage_taken":0.0},{"damage_healed":0.0,"max_hp_gain":0.0,"max_hp_loss":7.0,"gold_gain":0.0,"event_name":"Golden Idol","player_choice":"Lose Max HP","floor":3.0,"gold_loss":0.0,"damage_taken":0.0,"relics_obtained":["Golden Idol"]},{"damage_healed":0.0,"max_hp_gain":0.0,"max_hp_loss":0.0,"gold_gain":0.0,"event_name":"Scrap Ooze","player_choice":"Success","floor":4.0,"gold_loss":0.0,"damage_taken":18.0,"relics_obtained":["Regal Pillow"]},{"damage_healed":0.0,"max_hp_gain":0.0,"max_hp_loss":0.0,"gold_gain":0.0,"event_name":"Lab","player_choice":"Got Potions","floor":14.0,"gold_loss":0.0,"damage_taken":0.0}],"is_beta":false,"boss_relics":[{"not_picked":["Inserter","White Beast Statue"],"picked":"Black Star"}],"items_purged_floors":[11],"is_endless":false,"potions_floor_spawned":[5,6,13,16,20,22,23],"killed_by":"Cultist and Chosen","ascension_level":20}