{"gold_per_floor":[116,24,24,37,49,75,75,100,125,144,161,173,204,222,222,325,325,342,65,81,81,95,95,95,122,122,152,152,167,167,177,177,276,276,291,310,42,53,0,0,34,34,34,66,66,66,83,83],"floor_reached":48,"playtime":2489,"items_purged":["Strike_G"],"score":605,"play_id":"1971c4cf-a4ce-4b6d-95a9-945c6a972904","local_time":"20190224172643","is_ascension_mode":true,"campfire_choices":[{"data":"Skewer","floor":7,"key":"SMITH"},{"floor":15,"key":"REST"},{"data":"Noxious Fumes","floor":23,"key":"SMITH"},{"floor":28,"key":"REST"},{"floor":32,"key":"REST"},{"floor":40,"key":"REST"},{"floor":42,"key":"REST"},{"floor":46,"key":"REST"}],"neow_cost":"NONE","seed_source_timestamp":856536168144263,"circlet_count":0,"master_deck":["Defend_G","Defend_G","Defend_G+1","Defend_G+1","Strike_G","Strike_G","Survivor","Neutralize","Dagger Throw","Finesse","Quick Slash","Sucker Punch","Skewer+1","Burst","Deadly Poison","Phantasmal Killer","Poisoned Stab","Caltrops","Crippling Poison","Dagger Spray","Die Die Die","Noxious Fumes+1","Leg Sweep","Dash","Choke","Dagger Spray+1","Caltrops+1","Bane+1","Well Laid Plans+1","Predator+1","Envenom+1","Bane","Backstab+1","Bouncing Flask","Tools of the Trade+1","PiercingWail+1","Backflip","Poisoned Stab+1"],"relics":["Ring of the Snake","War Paint","Dream Catcher","Omamori","Question Card","Sozu","Sling","Frozen Egg 2","Pantograph","Pocketwatch","Empty Cage","HandDrill","Red Mask","Centennial Puzzle","Bottled Lightning","Letter Opener"],"potions_floor_usage":[6,8,16,25,27,41],"damage_taken":[{"damage":0,"enemies":"Small Slimes","floor":1,"turns":4},{"damage":0,"enemies":"Cultist","floor":4,"turns":4},{"damage":0,"enemies":"2 Louse","floor":5,"turns":2},{"damage":12,"enemies":"3 Sentries","floor":6,"turns":8},{"damage":11,"enemies":"Lagavulin","floor":8,"turns":5},{"damage":4,"enemies":"Large Slime","floor":10,"turns":4},{"damage":1,"enemies":"Red Slaver","floor":11,"turns":4},{"damage":1,"enemies":"2 Fungi Beasts","floor":12,"turns":3},{"damage":10,"enemies":"3 Sentries","floor":13,"turns":8},{"damage":2,"enemies":"Looter","floor":14,"turns":3},{"damage":32,"enemies":"Hexaghost","floor":16,"turns":9},{"damage":0,"enemies":"3 Byrds","floor":18,"turns":3},{"damage":0,"enemies":"Chosen","floor":20,"turns":4},{"damage":8,"enemies":"Snecko","floor":22,"turns":5},{"damage":27,"enemies":"Book of Stabbing","floor":25,"turns":4},{"damage":25,"enemies":"Slavers","floor":27,"turns":4},{"damage":18,"enemies":"3 Cultists","floor":29,"turns":4},{"damage":11,"enemies":"Shelled Parasite and Fungi","floor":31,"turns":4},{"damage":50,"enemies":"Collector","floor":33,"turns":8},{"damage":10,"enemies":"3 Shapes","floor":35,"turns":5},{"damage":32,"enemies":"3 Darklings","floor":36,"turns":6},{"damage":3,"enemies":"Transient","floor":38,"turns":5},{"damage":21,"enemies":"Reptomancer","floor":41,"turns":5},{"damage":40,"enemies":"Nemesis","floor":44,"turns":7},{"damage":13,"enemies":"Jaw Worm Horde","floor":47,"turns":3},{"damage":12,"enemies":"4 Shapes","floor":48,"turns":6}],"seed_played":"-5190042472558202099","potions_obtained":[{"floor":3,"key":"Weak Potion"},{"floor":3,"key":"PowerPotion"},{"floor":3,"key":"PowerPotion"},{"floor":10,"key":"PowerPotion"},{"floor":12,"key":"Strength Potion"},{"floor":13,"key":"AttackPotion"},{"floor":16,"key":"GhostInAJar"}],"is_trial":false,"path_per_floor":["M","$","?","M","M","E","R","E","T","M","M","M","E","M","R","B",null,"M","$","M","?","M","R","?","E","T","E","R","M","?","M","R","B",null,"M","M","$","M","?","R","E","R","T","E","?","R","M","M"],"character_chosen":"THE_SILENT","items_purchased":["Finesse","Sling","HandDrill","Bouncing Flask"],"campfire_rested":6,"item_purchase_floors":[2,19,37,37],"current_hp_per_floor":[70,70,70,70,70,58,58,47,47,43,42,41,31,29,50,18,70,70,70,70,70,62,62,62,35,35,10,31,13,36,25,46,20,70,60,28,28,25,25,46,25,46,46,6,6,25,12,0],"gold":83,"neow_bonus":"RANDOM_COMMON_RELIC","is_prod":false,"is_daily":false,"chose_seed":false,"campfire_upgraded":2,"win_rate":0,"timestamp":1551047203,"path_taken":["M","$","?","?","M","E","R","E","T","M","M","M","E","M","R","BOSS","M","$","M","?","M","R","?","E","T","E","R","?","?","M","R","BOSS","M","M","$","M","?","R","E","R","T","E","?","R","M","M"],"build_version":"2019-01-23","purchased_purges":1,"victory":false,"max_hp_per_floor":[70,70,70,70,70,70,70,70,70,70,70,70,70,70,70,70,70,70,70,70,70,70,70,70,70,70,70,70,70,70,70,70,70,70,70,70,70,70,70,70,70,70,70,70,66,66,66,66],"card_choices":[{"not_picked":["Acrobatics","Underhanded Strike"],"picked":"Dagger Throw","floor":1},{"not_picked":["Dodge and Roll","Outmaneuver"],"picked":"Quick Slash","floor":4},{"not_picked":["Cloak And Dagger","Acrobatics"],"picked":"Sucker Punch","floor":5},{"not_picked":["Dodge and Roll","After Image"],"picked":"Skewer","floor":6},{"not_picked":["Infinite Blades","A Thousand Cuts"],"picked":"Burst","floor":8},{"not_picked":["Outmaneuver","Bane"],"picked":"Deadly Poison","floor":10},{"not_picked":["Slice","Poisoned Stab"],"picked":"Phantasmal Killer","floor":11},{"not_picked":["Cloak And Dagger","PiercingWail"],"picked":"Poisoned Stab","floor":12},{"not_picked":["Quick Slash","Deflect"],"picked":"Caltrops","floor":13},{"not_picked":["Prepared","Predator","Acrobatics"],"picked":"Crippling Poison","floor":14},{"not_picked":["Dagger Throw","Cloak And Dagger","Crippling Poison"],"picked":"Dagger Spray","floor":15},{"not_picked":["Unload","Phantasmal Killer","Night Terror"],"picked":"Die Die Die","floor":16},{"not_picked":["Quick Slash","Endless Agony","Blur+1"],"picked":"Noxious Fumes","floor":18},{"not_picked":["Bane","Underhanded Strike","Accuracy"],"picked":"Leg Sweep","floor":20},{"not_picked":["Eviscerate","Escape Plan","Sucker Punch"],"picked":"Dash","floor":22},{"not_picked":["Blur","Eviscerate","Escape Plan"],"picked":"Dagger Spray+1","floor":25},{"not_picked":["Dodge and Roll","PiercingWail","Blur"],"picked":"Caltrops+1","floor":27},{"not_picked":["Slice","Quick Slash","Choke"],"picked":"Bane+1","floor":28},{"not_picked":["Underhanded Strike","Blade Dance","Slice","Crippling Poison"],"picked":"SKIP","floor":29},{"not_picked":["Outmaneuver+1","Cloak And Dagger+1","Dagger Throw"],"picked":"Well Laid Plans+1","floor":31},{"not_picked":["Flechettes","Terror","Acrobatics+1"],"picked":"Predator+1","floor":32},{"not_picked":["A Thousand Cuts+1","Bullet Time","Die Die Die"],"picked":"Envenom+1","floor":33},{"not_picked":["Well Laid Plans+1","Leg Sweep","Infinite Blades+1"],"picked":"Bane","floor":35},{"not_picked":["Crippling Poison+1","Dagger Spray+1","Dagger Throw"],"picked":"Backstab+1","floor":36},{"not_picked":["Underhanded Strike+1","Cloak And Dagger+1","Blade Dance+1","Distraction+1"],"picked":"SKIP","floor":38},{"not_picked":["Terror","Poisoned Stab","Bane"],"picked":"Tools of the Trade+1","floor":40},{"not_picked":["Tactician+1","Poisoned Stab+1","Deflect"],"picked":"PiercingWail+1","floor":41},{"not_picked":["Dagger Spray","Dodge and Roll","Well Laid Plans+1"],"picked":"Backflip","floor":44},{"not_picked":["Flying Knee","Acrobatics","Blur"],"picked":"Poisoned Stab+1","floor":47}],"player_experience":237863,"relics_obtained":[{"floor":6,"key":"Dream Catcher"},{"floor":8,"key":"Omamori"},{"floor":13,"key":"Question Card"},{"floor":25,"key":"Frozen Egg 2"},{"floor":26,"key":"Pantograph"},{"floor":27,"key":"Pocketwatch"},{"floor":41,"key":"Centennial Puzzle"},{"floor":43,"key":"Bottled Lightning"},{"floor":44,"key":"Letter Opener"}],"event_choices":[{"damage_healed":0,"gold_gain":0,"player_choice":"Got Potions","damage_taken":0,"max_hp_gain":0,"max_hp_loss":0,"event_name":"Lab","floor":3,"gold_loss":0},{"damage_healed":0,"gold_gain":0,"player_choice":"Ignored","damage_taken":0,"max_hp_gain":0,"max_hp_loss":0,"event_name":"Vampires","floor":21,"gold_loss":0},{"damage_healed":0,"gold_gain":0,"cards_transformed":["Strike_G"],"player_choice":"Transformed","damage_taken":0,"max_hp_gain":0,"max_hp_loss":0,"event_name":"Transmorgrifier","floor":24,"gold_loss":0,"cards_obtained":["Choke"]},{"damage_healed":23,"gold_gain":0,"player_choice":"Heal","damage_taken":0,"max_hp_gain":0,"max_hp_loss":0,"event_name":"The Library","floor":30,"gold_loss":0},{"damage_healed":0,"gold_gain":0,"player_choice":"Paid","damage_taken":0,"relics_obtained":["Red Mask"],"max_hp_gain":0,"max_hp_loss":0,"event_name":"Tomb of Lord Red Mask","floor":39,"gold_loss":53},{"damage_healed":0,"gold_gain":0,"player_choice":"Max HP","damage_taken":0,"max_hp_gain":0,"max_hp_loss":4,"event_name":"Winding Halls","floor":45,"gold_loss":0}],"is_beta":false,"boss_relics":[{"not_picked":["Astrolabe","Eternal Feather"],"picked":"Sozu"},{"not_picked":["White Beast Statue","Runic Dome"],"picked":"Empty Cage"}],"items_purged_floors":[19],"is_endless":false,"potions_floor_spawned":[4,10,12,13,16,25,29,31,33,35,38,41,44],"killed_by":"4 Shapes","ascension_level":1}