{"gold_per_floor":[114,128,144,64,64,64,82,82,82,82,95,95,108,108,108,108],"floor_reached":16,"playtime":602,"items_purged":[],"score":152,"play_id":"fc7a8387-1b63-48f6-8f56-48971d98d47b","local_time":"20181113014237","is_ascension_mode":true,"campfire_choices":[{"data":"Zap","floor":6,"key":"SMITH"},{"data":"White Noise","floor":8,"key":"SMITH"},{"data":"Heatsinks","floor":10,"key":"SMITH"},{"data":"Fusion","floor":15,"key":"SMITH"}],"neow_cost":"NONE","seed_source_timestamp":198884340751396,"circlet_count":0,"master_deck":["AscendersBane","Strike_B","Strike_B","Strike_B","Defend_B","Defend_B","Defend_B","Defend_B","Zap+1","Dualcast","Beam Cell","White Noise+1","Chill","Heatsinks+1","Turbo","Compile Driver","Self Repair","Glacier","Fusion+1","Coolheaded"],"relics":["Cracked Core","Happy Flower","Prayer Wheel"],"potions_floor_usage":[16,16],"damage_taken":[{"damage":1,"enemies":"2 Louse","floor":1,"turns":3},{"damage":0,"enemies":"Cultist","floor":2,"turns":2},{"damage":18,"enemies":"Small Slimes","floor":3,"turns":3},{"damage":18,"enemies":"Exordium Thugs","floor":7,"turns":5},{"damage":8,"enemies":"Large Slime","floor":11,"turns":5},{"damage":1,"enemies":"Exordium Wildlife","floor":13,"turns":5},{"damage":58,"enemies":"The Guardian","floor":16,"turns":12}],"seed_played":"-1270201669807791307","potions_obtained":[{"floor":7,"key":"Weak Potion"},{"floor":11,"key":"FearPotion"},{"floor":13,"key":"LiquidBronze"}],"is_trial":false,"path_per_floor":["M","M","M","$","?","R","M","R","T","R","M","?","M","?","R","B"],"character_chosen":"DEFECT","items_purchased":["Heatsinks","Turbo"],"campfire_rested":0,"item_purchase_floors":[4,4],"current_hp_per_floor":[67,67,49,49,54,54,36,36,36,36,28,28,41,41,41,0],"gold":108,"neow_bonus":"RANDOM_COMMON_RELIC","is_prod":false,"is_daily":false,"chose_seed":false,"campfire_upgraded":4,"win_rate":0,"timestamp":1542102157,"path_taken":["M","M","M","$","?","R","M","R","T","R","M","?","M","?","R","BOSS"],"build_version":"2018-11-08","purchased_purges":0,"victory":false,"max_hp_per_floor":[75,75,75,75,80,80,80,80,80,80,80,80,80,80,80,80],"card_choices":[{"not_picked":["Barrage","Go for the Eyes"],"picked":"Beam Cell","floor":1},{"not_picked":["Skim","Streamline"],"picked":"White Noise","floor":2},{"not_picked":["Steam","Aggregate"],"picked":"Chill","floor":3},{"not_picked":["Stack","Rebound"],"picked":"Compile Driver","floor":7},{"not_picked":["Recycle","Conserve Battery"],"picked":"Self Repair","floor":11},{"not_picked":["Barrage","Melter"],"picked":"Glacier","floor":11},{"not_picked":["Steam Power","Stack"],"picked":"Fusion","floor":13},{"not_picked":["Genetic Algorithm","Go for the Eyes"],"picked":"Coolheaded","floor":13}],"player_experience":404589,"relics_obtained":[{"floor":9,"key":"Prayer Wheel"}],"event_choices":[{"damage_healed":0,"gold_gain":0,"player_choice":"Donut","damage_taken":0,"max_hp_gain":5,"max_hp_loss":0,"event_name":"Big Fish","floor":5,"gold_loss":0},{"damage_healed":0,"gold_gain":0,"player_choice":"Ignored","damage_taken":0,"max_hp_gain":0,"max_hp_loss":0,"event_name":"Liars Game","floor":12,"gold_loss":0},{"cards_removed":["Strike_B"],"damage_healed":0,"gold_gain":0,"player_choice":"Offered Basic","damage_taken":0,"max_hp_gain":0,"max_hp_loss":0,"event_name":"Bonfire Elementals","floor":14,"gold_loss":0}],"is_beta":false,"boss_relics":[],"items_purged_floors":[],"is_endless":false,"potions_floor_spawned":[7,11,13],"killed_by":"The Guardian","ascension_level":13}