{"gold_per_floor":[119,119,135,145,145,0,0,0,27,27,44,62,62,74,74,174,174,187,205,205,36,36,36,51,71,146,146,46,46,46,46],"floor_reached":31,"playtime":2471,"items_purged":["Strike_G","Strike_G"],"score":270,"play_id":"9c4ff181-00e9-4833-b074-4550937124c9","local_time":"20190303141230","is_ascension_mode":true,"campfire_choices":[{"data":"Infinite Blades","floor":8,"key":"SMITH"},{"data":"Envenom","floor":10,"key":"SMITH"},{"data":"Neutralize","floor":13,"key":"SMITH"},{"data":"Terror","floor":15,"key":"SMITH"},{"data":"Apotheosis","floor":23,"key":"SMITH"},{"floor":29,"key":"REST"}],"neow_cost":"NONE","seed_source_timestamp":1540418773020953,"circlet_count":0,"master_deck":["Defend_G+1","Defend_G","Defend_G","Defend_G+1","Strike_G","Strike_G","Strike_G","Survivor","Neutralize+1","Terror+1","Envenom+1","Bane","Infinite Blades+1","Grand Finale","Tools of the Trade","Crippling Poison","Apotheosis+1","Infinite Blades+1","Envenom+1"],"relics":["Ring of the Snake","Nloth\u0027s Gift","Kunai"],"potions_floor_usage":[16,18,24,25,30],"damage_taken":[{"damage":1,"enemies":"Jaw Worm","floor":1,"turns":5},{"damage":0,"enemies":"Cultist","floor":3,"turns":4},{"damage":2,"enemies":"2 Louse","floor":4,"turns":3},{"damage":0,"enemies":"2 Fungi Beasts","floor":11,"turns":3},{"damage":6,"enemies":"Red Slaver","floor":12,"turns":5},{"damage":8,"enemies":"3 Louse","floor":14,"turns":4},{"damage":20,"enemies":"The Guardian","floor":16,"turns":8},{"damage":8,"enemies":"Chosen","floor":18,"turns":4},{"damage":25,"enemies":"3 Byrds","floor":19,"turns":4},{"damage":12,"enemies":"Snake Plant","floor":24,"turns":5},{"damage":7,"enemies":"Chosen and Byrds","floor":25,"turns":7},{"damage":0,"enemies":"Slavers","floor":30,"turns":1},{"damage":37,"enemies":"Shelled Parasite and Fungi","floor":31,"turns":3}],"seed_played":"8696754193742734808","potions_obtained":[{"floor":4,"key":"SpeedPotion"},{"floor":11,"key":"SmokeBomb"},{"floor":12,"key":"SkillPotion"},{"floor":14,"key":"Poison Potion"},{"floor":16,"key":"Block Potion"},{"floor":19,"key":"GhostInAJar"},{"floor":24,"key":"SmokeBomb"}],"is_trial":false,"path_per_floor":["M","?","M","M","?","$","?","R","T","R","M","M","R","M","R","B",null,"M","M","?","$","?","R","M","M","T","?","$","R","E","M"],"character_chosen":"THE_SILENT","items_purchased":["Infinite Blades","Apotheosis"],"campfire_rested":1,"item_purchase_floors":[6,21],"current_hp_per_floor":[76,76,76,74,59,59,59,59,59,59,59,53,53,45,45,25,77,69,44,30,30,30,30,18,11,11,11,11,35,35,0],"gold":46,"neow_bonus":"TEN_PERCENT_HP_BONUS","is_prod":false,"is_daily":false,"chose_seed":false,"campfire_upgraded":5,"win_rate":0,"timestamp":1551651150,"path_taken":["M","?","?","M","?","$","?","R","T","R","M","?","R","M","R","BOSS","M","M","?","$","?","R","M","?","T","?","$","R","E","?"],"build_version":"2019-01-23","purchased_purges":2,"victory":false,"max_hp_per_floor":[77,77,77,77,77,77,77,77,77,77,77,77,77,77,77,77,77,77,77,82,82,82,82,82,82,82,82,82,82,82,82],"card_choices":[{"not_picked":["Cloak And Dagger","Leg Sweep"],"picked":"Terror","floor":1},{"not_picked":["Blade Dance","Acrobatics"],"picked":"Bane","floor":3},{"not_picked":["Reflex","Caltrops","Calculated Gamble"],"picked":"SKIP","floor":4},{"not_picked":["Dagger Throw","Blur","Deflect"],"picked":"SKIP","floor":11},{"not_picked":["Bouncing Flask","Expertise","Sucker Punch"],"picked":"SKIP","floor":12},{"not_picked":["Backflip","Skewer"],"picked":"Grand Finale","floor":14},{"not_picked":["Corpse Explosion","Unload"],"picked":"Tools of the Trade","floor":16},{"not_picked":["Blade Dance","Dagger Throw+1","Escape Plan"],"picked":"SKIP","floor":18},{"not_picked":["Flying Knee","Poisoned Stab"],"picked":"Crippling Poison","floor":19},{"not_picked":["Dodge and Roll","Dagger Throw","Escape Plan"],"picked":"SKIP","floor":24},{"not_picked":["Backstab+1","Terror"],"picked":"Infinite Blades+1","floor":25}],"player_experience":198947,"relics_obtained":[{"floor":26,"key":"Kunai"}],"event_choices":[{"damage_healed":0,"gold_gain":0,"player_choice":"1 cards matched","damage_taken":0,"max_hp_gain":0,"max_hp_loss":0,"event_name":"Match and Keep!","floor":2,"gold_loss":0,"cards_obtained":["Envenom"]},{"damage_healed":0,"gold_gain":0,"player_choice":"Entered Light","damage_taken":15,"max_hp_gain":0,"max_hp_loss":0,"event_name":"Shining Light","floor":5,"gold_loss":0,"cards_upgraded":["Defend_G","Defend_G"]},{"cards_removed":["Defend_G"],"damage_healed":0,"gold_gain":0,"player_choice":"Purged","damage_taken":0,"max_hp_gain":0,"max_hp_loss":0,"event_name":"Purifier","floor":7,"gold_loss":0},{"damage_healed":0,"gold_gain":0,"player_choice":"Shed Blood","damage_taken":19,"max_hp_gain":5,"max_hp_loss":0,"event_name":"Forgotten Altar","floor":20,"gold_loss":0},{"damage_healed":0,"gold_gain":0,"player_choice":"Traded Relic","damage_taken":0,"relics_obtained":["Nloth\u0027s Gift"],"max_hp_gain":0,"max_hp_loss":0,"event_name":"N\u0027loth","floor":22,"relics_lost":["Runic Dome"],"gold_loss":0},{"damage_healed":0,"gold_gain":0,"player_choice":"Copied","damage_taken":0,"max_hp_gain":0,"max_hp_loss":0,"event_name":"Duplicator","floor":27,"gold_loss":0,"cards_obtained":["Envenom"]}],"is_beta":false,"boss_relics":[{"not_picked":["Orrery","Lizard Tail"],"picked":"Runic Dome"}],"items_purged_floors":[6,28],"is_endless":false,"potions_floor_spawned":[4,11,12,14,16,19,24],"killed_by":"Shelled Parasite and Fungi","ascension_level":2}